2254 3117
316 210 361 240 20
875 182 1174 222 CATALOGUS
1200 178 1432 216 CODICUM
1460 175 1568 211 MSS.

402 303 452 334 De
467 312 503 332 eo
519 302 554 330 ut
569 295 644 328 nihil
660 304 714 335 per
731 288 966 321 ostentationem
982 283 1047 314 fieri
1063 282 1192 316 debeat3

402 352 516 393 Incipit
539 349 616 379 liber
642 341 807 376 Athanasii
828 336 962 380 episcopi
985 335 1023 366 de
1050 333 1194 364 exhorta-

404 403 488 434 tione
503 393 751 430 monachorum.w

428 452 525 492 Incip.
557 453 574 466 ‘⁴
596 447 639 477 Et
662 445 686 475 si
716 442 789 484 quid
818 437 942 480 gloriari
972 436 1003 466 in
1033 433 1158 466 Christo
1170 432 1197 465 ;”

408 508 443 535 ut
458 503 489 533 in
505 500 599 532 Oodd.
615 495 758 537 Regular.
773 492 856 532 App.
872 490 920 520 ed.
939 487 1081 518 Holsten.

430 553 526 593 Incip.
558 550 610 580 lib.
643 552 660 564 ‘⁶
680 540 889 583 Interrogavit
919 539 1044 581 quidam
1073 536 1199 566 beatum

412 600 612 636 Antonium.qq

433 656 529 687 Defic.
543 654 573 683 in
587 649 695 685 verbis,
709 652 728 665 “
740 650 776 677 ut
787 653 906 685 semper
917 639 1072 671 desideret
1084 634 1202 676 ingredi

413 711 442 739 in
460 712 575 739 terram
591 701 690 734 illam”

704 797 842 835 LXVI.

334 881 453 916 Codex
481 875 773 911 membranaceus,
801 869 837 901 in
864 864 956 903 folio,
983 861 1017 895 ff.
1037 861 1118 897 140,
1143 867 1209 890 sec.

359 939 428 977 xii„
456 935 544 969 binis
572 929 740 966 columnis
774 928 933 960 exaratus
959 919 1018 953 sed
1048 914 1212 951 mutilus;

362 1009 406 1031 ex
425 996 513 1029 dono
531 991 671 1025 Thomae
690 984 847 1022 Walker,
865 977 1031 1024 magistri.

381 1067 412 1097 S.
429 1060 571 1104 Gregorii
595 1055 703 1098 Magni
726 1063 812 1095 papae
830 1051 854 1081 Ι,
876 1046 1044 1079 Moralium
1065 1050 1156 1082 super
1178 1038 1213 1068 li-

403 1118 493 1147 brum
509 1113 527 1144 J
531 1112 570 1143 ob
584 1108 655 1140 libri
669 1116 764 1137 xxxv.

448 1164 544 1205 Incip.
562 1163 593 1193 in
609 1160 772 1191 comment.
789 1151 889 1185 verbis
904 1150 935 1180 in
951 1159 1016 1189 cap.
1034 1144 1117 1175 xxxi.

429 1222 445 1235 ⁴²
468 1215 631 1258 quicquam
656 1206 798 1250 cognovit
822 1209 1010 1243 extempore,
1033 1196 1086 1227 sed
1107 1203 1217 1234 cogno-

429 1278 512 1299 scere
528 1266 594 1306 ejus
609 1266 656 1294 est
678 1271 716 1291 ex
740 1255 901 1298 cujuslibet
922 1260 1012 1281 causo
1036 1243 1221 1286 emergentis

428 1317 559 1351 articulo
570 1316 599 1353 ·,”
623 1314 703 1344 inter
719 1320 789 1351 opp.
805 1311 879 1337 tom.
892 1304 912 1334 i.
929 1301 985 1333 col.
1004 1311 1027 1330 1.

452 1368 547 1400 Defic.
569 1366 602 1396 in
621 1362 732 1397 verbis,
757 1364 775 1377 “
793 1357 868 1388 Dies
892 1355 996 1394 itaque
1020 1359 1091 1381 suos
1115 1349 1224 1377 sancta

432 1419 559 1452 ecclesia
581 1416 676 1448 etiam
700 1422 768 1443 cnm
792 1409 966 1450 presentem
990 1402 1085 1433 vitam
1112 1396 1225 1428 (leserit

434 1483 494 1503 non
509 1467 659 1502 ammittit
677 1464 749 1506 quia
764 1461 812 1492 in''

713 1562 871 1600 LXVII.

357 1646 652 1681 Membranaceus,
665 1639 699 1672 in
714 1635 805 1670 folio,
819 1632 853 1666 ff.
867 1632 948 1668 129,
962 1638 1028 1661 sec.
1041 1625 1107 1658 xiv.
1121 1634 1129 1662 ·,
1148 1620 1230 1654 olim

380 1704 457 1739 libri
476 1702 518 1736 de
536 1696 785 1734 communitate
800 1692 945 1724 fratrum
964 1683 1232 1718 Praedicatorum

383 1763 572 1796 conventus
602 1750 779 1788 Beverlaci
794 1760 802 1788 3
840 1750 959 1791 postea
989 1747 996 1760 ‘
1015 1740 1101 1774 liber
1127 1736 1233 1770 Thor-

384 1824 470 1866 gott,
491 1818 580 1850 dono
600 1809 736 1846 Nicolai
756 1805 868 1840 Meu?

405 1886 432 1914 1.
451 1878 605 1920 Anonymi
621 1874 779 1917 cujusdam
801 1867 936 1901 auctoris
952 1866 1049 1906 Opus,
1066 1860 1147 1902 quod
1167 1857 1236 1888 inti-

468 1932 597 1966 tulatur,
615 1925 824 1968 Alphabetum
841 1917 1073 1950 Nanationum,
1086 1921 1154 1942 cum
1170 1920 1238 1950 pro-

469 1984 548 2024 logo.
572 1979 623 2009 sol.
640 1988 664 2007 1.

514 2032 610 2072 Incip.
627 2028 702 2071 prol.
724 2032 741 2043 ‘⁵
759 2023 968 2063 Antiquorum
990 2020 1115 2059 patrum
1139 2022 1240 2043 exem-

493 2085 543 2127 plo
566 2081 658 2113 didici
682 2075 844 2109 nonnullos
866 2072 907 2104 ad
929 2071 1060 2101 virtutes
1080 2065 1172 2096 fuisse
1195 2063 1240 2093 in-

494 2133 634 2166 ductos.”

518 2185 615 2226 Incip.
632 2183 685 2213 lib.
702 2184 720 2197 ⁴⁶
733 2179 861 2212 Abbas;
884 2173 978 2205 abbas
994 2181 1055 2202 non
1071 2167 1164 2199 debet
1179 2175 1245 2196 esse

497 2238 587 2270 nimis
601 2234 727 2276 rigidus.
773 2228 938 2260 Anselmus
953 2223 1078 2265 quidam
1093 2217 1218 2251 abbas.”

520 2288 629 2321 Desin.
647 2291 664 2303 “
677 2282 819 2323 Zelotipa
834 2283 881 2311 est
896 2277 1005 2309 mulier
1016 2274 1054 2304 de
1069 2271 1182 2302 marito
1196 2269 1247 2299 ha-

500 2341 567 2372 bita
582 2336 702 2369 modica
714 2332 891 2364 occasione;
916 2337 1010 2368 supra
1025 2325 1063 2354 de
1078 2332 1182 2357 uxore,
1200 2318 1249 2361 ijs*

525 2390 669 2432 Sequitur
685 2384 788 2417 tabula
802 2390 909 2412 vocum
931 2388 999 2409 cum
1014 2375 1144 2416 epilogo,
1154 2375 1190 2402 ut
1203 2381 1251 2401 su-

504 2454 560 2486 pra
571 2442 602 2472 in
617 2439 684 2471 cod.
700 2436 797 2467 Mert.
815 2434 864 2470 84.

422 2504 449 2532 ⁴2.
468 2496 654 2541 Opusculum
677 2489 891 2523 narrationum
915 2485 946 2515 in
962 2480 1098 2524 capitula
1112 2477 1193 2509 xxvi.
1210 2475 1254 2506 di—

487 2551 643 2585 stinctum,
659 2555 727 2576 cum
743 2540 859 2573 tabula.
882 2537 932 2568 fol.
951 2545 1016 2566 122.

530 2599 628 2640 Incip.
645 2601 665 2615 ‘⁴
677 2595 715 2626 In
730 2592 801 2624 vitis
815 2590 965 2623 Patrum3
988 2584 1038 2615 De
1054 2579 1188 2623 periculo
1204 2578 1257 2608 im-

510 2652 654 2695 pediente
669 2656 785 2689 pacem.
830 2639 958 2680 Legitur
973 2636 1011 2666 de
1034 2634 1148 2664 Sancto
1165 2627 1259 2670 Apol-

511 2703 603 2738 Ionio,
621 2699 702 2742 quod
718 2706 788 2728 cum
803 2692 937 2735 quadam
951 2686 1046 2718 vice.”

535 2753 640 2786 Desin.
665 2749 770 2790 “quia
796 2744 908 2777 talibus
932 2738 1035 2771 omnia
1058 2734 1263 2775 cooperantur

515 2808 546 2837 in
564 2803 711 2836 bonum.’'

1372 277 1421 308 Ex
1444 275 1519 306 licit.

1249 335 1267 348 “
1280 329 1340 369 Qui
1354 288 1442 359 dedii)
1452 325 1546 367 alpha
1557 327 1588 354 et
1600 333 1648 353 oo.
1681 319 1730 351 Sit
1742 318 1809 349 laus
1823 319 1854 347 et
1869 313 1968 357 gloria
1980 310 2126 342 Christi.”

1602 413 1780 451 LXVIII.

1253 486 1373 521 Codex
1398 482 1691 517 membranaceus,
1720 476 1755 508 in
1791 472 1883 509 folio,
1908 470 1943 503 ff.
1963 467 2045 506 326,
2063 476 2130 499 sec.

1279 543 1362 581 xiii„
1393 540 1481 575 binis
1509 535 1678 571 columnis
1706 533 1794 567 bene
1822 532 2003 565 exaratus3
2039 523 2133 560 olim,

1280 606 1320 635 ut
1347 600 1493 637 videtur,
1522 592 1667 629 Roberti
1695 591 1737 624 (le
1757 585 2000 633 N'Vynchelsey,
2027 580 2135 615 archi-

1282 657 1431 703 episcopi
1451 650 1713 689 Cantuarensis;
1741 650 1860 692 postea
1878 643 1925 677 H.
1942 641 2080 675 Sutton.

1302 721 1430 752 Thomas
1446 714 1614 758 Aquinatis
1637 721 1757 743 summa
1779 711 1887 740 contra
1911 703 2061 736 Gentiles,
2078 701 2139 731 sive

1325 773 1363 802 de
1386 770 1518 801 veritate
1539 765 1699 798 catholica:
1720 761 1791 792 fidei
1810 762 1919 790 contra
1941 766 2061 787 errores
2076 753 2141 783 infi-

1326 822 1440 853 delium
1455 818 1525 849 libri
1541 823 1685 858 quatuor,
1701 812 1830 854 praefixa
1845 809 1953 850 cuique
1968 807 2047 837 libro
2063 803 2141 844 capi-

1328 872 1463 904 tulorum
1479 868 1596 900 tabula.

1372 923 1436 953 Tit.
1456 925 1473 938 ⁴⁴
1486 918 1602 959 Incipit
1616 917 1693 946 liber
1709 914 1746 944 de
1762 911 1893 943 veritate
1909 907 2058 939 catholice
2073 904 2145 935 fidei

1353 976 1462 1005 contra
1484 980 1604 1001 errores
1623 964 1791 998 infidelium
1806 962 1907 993 editus
1923 971 1940 990 a
1955 959 2051 989 fratre
2066 956 2147 987 Tho-

1354 1036 1405 1056 ma
1415 1025 1453 1055 dc
1464 1021 1598 1063 Aquino,
1609 1016 1726 1049 ordinis
1736 1016 1868 1046 fratrum
1876 1006 2149 1042 Praedicatorum.”

1379 1077 1515 1107 Exstant
1531 1073 1671 1112 impl-ess.
1688 1068 1770 1098 inter
1785 1075 1888 1106 opera,
1906 1067 1980 1093 tom.
1996 1060 2037 1090 ix.
2054 1070 2085 1099 p.
2102 1068 2127 1087 1.

1379 1128 1416 1158 In
1432 1126 1523 1161 calce,
1537 1128 1555 1141 “
1571 1120 1707 1162 Explicit
1723 1120 1853 1159 quartus
1868 1114 1945 1145 liber
1960 1116 1992 1143 et
2008 1114 2055 1142 est
2070 1112 2152 1141 tota-

1358 1179 1395 1208 lis
1414 1179 1570 1208 tractatus
1585 1173 1622 1203 de
1643 1171 1703 1201 fido
1724 1167 1877 1199 catholica
1891 1167 2001 1196 contra
2016 1160 2154 1193 Gentiles

1359 1244 1378 1263 a
1393 1232 1488 1262 fratre
1504 1229 1624 1259 Thoma
1639 1226 1677 1256 dc
1694 1223 1819 1265 Aquino
1838 1219 1939 1251 editus
1959 1216 2075 1248 ordinis
2095 1215 2154 1245 fra-

1361 1289 1445 1315 trum
1462 1280 1708 1312 predicatorum.

1384 1335 1445 1365 Hic
1461 1337 1509 1364 est
1524 1333 1679 1362 tractatus
1694 1326 1800 1358 fratris
1816 1325 1933 1355 Thome
1948 1323 2132 1362 generatus;

1384 1387 1502 1417 Contra
1513 1381 1645 1425 gentiles
1661 1380 1851 1420 quapropter
1866 1376 1938 1405 sunt
1954 1371 2045 1402 modo
2057 1367 2158 1400 viles.’'

1387 1437 1423 1467 In
1440 1435 1553 1478 pagina
1567 1432 1667 1474 prima
1687 1433 1826 1463 notatur,
1848 1436 1888 1456 an
1901 1433 1994 1454 manu
2013 1425 2159 1461 autogra-

1366 1489 1435 1531 pha,
1461 1492 1479 1505 ⁴⁶
1498 1486 1634 1517 Thomas
1659 1482 1697 1512 de
1724 1478 1860 1520 Alquino
1887 1478 1996 1506 contra
2022 1469 2161 1503 Gentiles

1366 1539 1435 1570 libri
1452 1541 1594 1579 quatuor.
1639 1533 1677 1564 R.
1694 1532 1732 1562 de
1747 1528 1882 1571 Wynch.
1898 1524 1990 1556 arw‘

1657 1625 1799 1662 LXIX.

1289 1698 1587 1734 Membranaceus,
1621 1692 1657 1724 in
1688 1688 1780 1726 folio,
1811 1684 1845 1719 ff.
1874 1684 1954 1720 108,
1990 1690 2056 1713 sec.
2083 1676 2166 1714 xiii„

1312 1757 1401 1792 binis
1415 1752 1582 1788 columnis
1596 1750 1684 1784 bene
1703 1748 1883 1781 exaratum
1904 1738 2067 1774 mutilus3
2085 1734 2168 1769 olim

1316 1816 1402 1849 liber
1415 1811 1566 1846 ecclesiae
1580 1833 1677 1841 .....
1692 1801 1894 1839 VVintoniae,
1908 1801 2028 1843 postea
2039 1793 2060 1828 J
2064 1793 2169 1826 ohan-

1317 1873 1368 1908 nis
1385 1870 1528 1914 Theyer‚
1548 1867 1590 1899 de
1609 1864 1770 1907 Cowpers
1782 1858 1856 1892 Hill
1871 1858 1975 1901 juxta
1993 1852 2170 1887 Gloucest.

1336 1925 1450 1969 Rogeri
1467 1918 1706 1956 Croilandensis,
1726 1915 1843 1958 [potius
1860 1908 2010 1943 Herberti
2025 1908 2063 1938 de
2079 1906 2172 1936 Bose-

1358 1981 1440 2015 ham,
1457 1977 1477 2007 J
1482 1974 1611 2007 ohannis
1627 1967 1835 2003 Carnotensis,
1855 1961 1998 1995 Gulielmi
2021 1958 2172 1999 Stephan-

1360 2030 1429 2066 idis,
1443 2032 1474 2059 et
1486 2025 1578 2057 Alani
1595 2015 1895 2054 Theokisberiensis]
1911 2012 1979 2044 libri
1991 2014 2124 2052 quatuor
2136 2007 2173 2037 de

1360 2082 1425 2113 vita
1445 2083 1477 2111 et
1499 2085 1644 2120 processu
1660 2073 1788 2104 Thomae
1810 2066 1938 2101 Becket‚
1954 2057 2175 2101 archicpiscopi

1362 2127 1604 2166 Cantuariensis.

1407 2182 1504 2223 Incip.
1517 2180 1548 2210 in
1563 2176 1675 2212 verbis,
1690 2173 1742 2204 lib.
1758 2171 1779 2202 i.
1795 2181 1862 2211 cap.
1876 2168 1905 2205 8,
1923 2170 1940 2183 “
1951 2174 2042 2207 quem
2062 2160 2179 2193 tociens

1386 2239 1453 2266 tam
1464 2227 1695 2272 magnanimum
1707 2224 1737 2254 in
1750 2220 1869 2263 magnis
1881 2215 2023 2260 periculis
2034 2214 2180 2254 expertus

1388 2288 1456 2316 erat
1466 2283 1492 2319 3⁸*
1516 2285 1551 2312 ut
1566 2280 1597 2310 in
1613 2274 1810 2317 QuadrilogQ
1827 2271 1874 2302 ed.
1892 2267 1992 2300 Paris.
2009 2273 2097 2305 1495.

1410 2336 1594 2367 Inseruntur
1610 2341 1629 2361 a
1645 2340 1675 2370 p.
1692 2328 1731 2358 86
1755 2325 1795 2356 ad
1822 2335 1852 2365 p.
1869 2331 1920 2363 92,
1937 2314 2182 2351 consuetudines

1391 2382 1646 2419 Clarendonianae
1663 2389 1731 2420 quae
1753 2376 1784 2407 in
1800 2373 1933 2406 editione
1949 2370 2048 2401 citata
2063 2365 2183 2397 omissae

1393 2442 1475 2471 sunt.

1416 2491 1454 2520 In
1469 2488 1550 2520 calce
1571 2483 1695 2519 codicis,
1714 2485 1731 2498 “
1748 2479 1841 2510 Liber
1862 2474 1986 2507 ecclesie
2002 2496 2008 2502 .
2027 2495 2034 2501 .
2052 2495 2059 2501 .
2077 2493 2084 2500 .
2096 2467 2186 2498 Win-

1396 2541 1499 2577 tonie;
1535 2547 1625 2579 quem
1655 2533 1706 2575 qui
1735 2528 1915 2563 alienaverit
1943 2523 2110 2556 anathema
2135 2518 2186 2549 sit.

1397 2591 1531 2624 Amen.’'

1695 2651 1814 2688 LXX.

1317 2727 1536 2762 Chartaceus,
1554 2720 1590 2753 in
1607 2717 1699 2755 folio,
1717 2714 1751 2748 ff.
1765 2715 1846 2751 138,
1864 2720 1930 2744 sec.
1945 2717 2000 2740 xv.

1361 2786 1392 2828 [J
1396 2781 1525 2817 ohannis
1537 2777 1662 2818 Felton]
1675 2773 1779 2807 vicarii
1791 2769 1923 2804 ecclesiae
1937 2766 1967 2798 S.
1978 2763 2087 2796 Mariae
2100 2760 2190 2800 Mag-
