2254 3117
406 184 451 215 34
961 178 1260 213 CATALOGUS
1286 177 1519 213 CODICUM
1548 178 1656 213 MSS.

555 276 763 307 Praemittitur
806 276 919 306 notitia
961 287 1102 317 sequens,
1144 282 1161 292 ‘¹
1182 277 1283 307 Istum

533 328 643 358 librum
680 338 737 368 ego
775 327 927 357 Ricardus
965 327 1112 363 Andrew,
1149 328 1283 358 decanus

533 378 738 408 Eboracensis
777 382 808 408 et
845 378 1000 418 quondam
1037 378 1137 409 socius
1165 379 1282 420 collegii

530 429 620 459 beate
639 429 739 459 Marie
758 428 994 469 KVyntoniensis
1010 429 1040 459 in
1057 429 1190 466 Oxonia,
1212 430 1283 460 dedi

530 479 628 510 eidem
652 479 778 520 collegio
802 480 894 510 beate
915 480 1027 517 Marie,
1043 492 1133 521 quem
1155 481 1206 521 qui
1229 481 1283 511 ab·

531 530 653 561 stulerit
669 530 837 561 anathema
852 532 1058 562 amaranatha
1074 532 1143 562 siff

446 592 473 620 8.
493 589 539 619 De
566 589 851 630 propinquitatibus
875 602 994 627 novem,
1019 603 1087 632 qua}
1112 603 1149 622 ex
1172 603 1282 633 cogna-

508 641 592 671 tione
622 641 775 682 spirituali
806 653 874 683 quae
912 643 1108 673 contrahitur
1146 643 1175 673 in
1210 643 1282 683 bap-

507 692 610 728 asmo,
630 693 782 723 oriuntur.
806 693 857 724 fol.
872 696 910 730 „8
925 694 953 724 b.

553 743 649 784 Incip.
668 750 685 759 “
699 744 805 775 Prima
817 749 864 775 cst
880 744 961 775 inter
976 745 1168 776 sacerdotem
1183 745 1283 785 bapti-

531 800 653 825 zantem
669 800 701 825 et
717 796 917 836 baptizatum,
935 807 993 836 que
1010 801 1057 827 est
1073 796 1212 826 filiaei0.‘'

447 853 476 883 9.
494 851 602 881 Sermo
618 851 647 881 in
665 852 749 889 illud,
768 859 786 868 ‘¹
802 853 870 883 Vidi
885 855 1008 885 turbam
1023 866 1178 895 magnam,
1192 865 1284 895 quam

509 901 704 932 dinumerare
721 913 810 933 nemo
826 905 972 944 poterat,'
989 910 1048 934 etc.
1073 904 1123 935 fol.
1135 907 1174 943 98
1188 905 1216 935 b.

556 953 651 994 Ineip.
678 953 751 984 “Et
775 960 924 985 notantur
948 955 977 985 in
998 956 1097 985 verbis
1119 956 1285 997 propositis

532 1004 603 1041 duo,
623 1005 765 1036 videlicet
788 1006 939 1037 viatorum
964 1008 1170 1048 penitencium
1194 1008 1283 1038 meri-

533 1061 599 1086 tum
615 1061 647 1087 et
664 1057 844 1097 premimus*

428 1112 476 1141 10.
493 1111 657 1142 Sermones
681 1112 788 1142 breves
812 1113 849 1143 de
870 1118 1009 1153 tempore
1029 1120 1059 1144 et
1076 1114 1114 1143 ‹le
1129 1114 1215 1144 festis
1232 1125 1286 1155 per

512 1173 637 1192 annum.
662 1163 711 1193 fol.
731 1174 798 1194 100.

554 1212 651 1253 Incip.
678 1213 784 1244 “Dies
807 1219 912 1245 autem
936 1215 1219 1257 appropinquabit:
1245 1216 1284 1245 :ul

534 1266 624 1307 Rom.
658 1264 720 1305 xiij.
753 1266 925 1302 Karissimi⁷
952 1267 1102 1297 adventus
1135 1266 1283 1307 unigeniti

532 1315 599 1349 Dei,
619 1315 787 1346 Salvator-is
811 1317 937 1353 Christi,
958 1323 1061 1358 potest
1085 1318 1114 1347 in
1139 1318 1284 1358 predictis

532 1366 632 1396 verbis
648 1367 812 1407 dupliciter
827 1368 1004 1399 ‹leclarari.''

556 1417 592 1446 In
623 1417 705 1447 ealce
735 1422 807 1448 sunt
837 1419 955 1460 aliquot
985 1420 1023 1450 <le
1053 1431 1108 1450 sex
1138 1420 1284 1450 aetatibus

532 1468 637 1497 mundi
654 1472 685 1498 et
704 1469 779 1499 Noae
794 1470 1056 1510 generationibus.

432 1532 478 1561 11.
497 1532 675 1572 Symbolum
713 1534 794 1573 quod
826 1534 915 1575 vulgo
953 1534 1067 1565 (licitur
1098 1535 1282 1565 Athanasiu—

513 1594 593 1617 num,
611 1584 803 1624 expositione
827 1585 1012 1616 instructum
1035 1586 1208 1627 marginali.
1233 1586 1283 1617 fol.

518 1636 572 1664 16⁸
587 1635 616 1665 b.

556 1685 651 1726 Incip.
682 1697 787 1727 expos:
821 1694 837 1702 ‘⁴
859 1687 917 1718 Hie
949 1689 1059 1719 beatus
1090 1689 1285 1719 Athanasius

535 1737 663 1766 liberum
691 1738 791 1778 posuit
817 1739 977 1770 arbitrium
1005 1740 1084 1770 sicut
1113 1740 1227 1771 dieitur
1253 1741 1283 1771 in

535 1787 660 1817 Psalmo
673 1788 748 1827 Quis
764 1793 810 1819 est
826 1789 917 1820 hemo
935 1790 985 1831 qui
1002 1791 1067 1821 vult
1084 1791 1187 1828 vitam,
1206 1796 1237 1822 et
1254 1792 1283 1821 in

536 1838 703 1880 Evangelio
721 1839 777 1878 Qui
796 1840 860 1870 vult
876 1841 979 1871 venire
995 1849 1064 1882 post
1080 1843 1160 1871 me.''

430 1901 479 1931 12.
497 1901 704 1932 Direetorium
741 1902 953 1939 Sacerdotum,
992 1906 1145 1944 quomodo
1188 1906 1284 1947 injun-

514 1953 647 1993 gendum
664 1953 704 1984 sit
720 1954 952 1994 poenitentibus,
970 1961 1027 1985 etc.
1052 1956 1100 1985 fol.
1119 1967 1187 1995 171.

559 2004 656 2045 Incip.
684 2010 701 2018 “
716 2004 795 2043 Quia
816 2010 901 2035 certa
917 2007 1108 2046 experientia
1124 2007 1285 2038 didicimus

538 2061 663 2095 propter
678 2055 911 2086 fornicacionem
925 2062 955 2087 et
972 2058 1105 2097 peccatis
1118 2059 1286 2100 majoribus

537 2106 599 2137 fere
615 2106 729 2137 nullam
746 2107 791 2137 vel
808 2108 994 2138 minimam.''

434 2170 481 2199 13.
502 2169 671 2201 Sententiae
706 2171 923 2211 proverbiales,
959 2173 1095 2203 versibus
1132 2185 1285 2214 express-ee

517 2220 654 2255 leoninis,
672 2221 720 2252 hie
744 2221 803 2252 illic
825 2222 933 2253 addita
955 2223 1092 2254 versione
1112 2224 1282 2256 Gallicana.

516 2270 568 2300 fol.
585 2280 650 2310 174.

499 2356 504 2361 .
561 2323 658 2362 Incip.

477 2380 494 2388 ‘¹
507 2374 647 2404 Officium
663 2375 731 2405 dieo
749 2399 755 2405 .
773 2376 872 2416 perdit
887 2376 938 2417 qui
955 2377 1048 2406 servit
1065 2376 1197 2417 iniquos

560 2425 649 2456 Vers.
667 2426 725 2456 xvi.
742 2431 800 2464 est,

476 2482 493 2490 “
506 2475 626 2507 Stultus
642 2477 786 2518 opinatur
803 2502 809 2507 .
826 2477 899 2507 nihil
916 2489 981 2508 esse
997 2478 1027 2508 ni
1042 2479 1184 2510 videatur

506 2527 576 2557 Fols
593 2539 629 2558 ne
645 2534 730 2569 creyt
749 2553 754 2559 .
771 2529 865 2570 deqes
880 2529 900 2559 il
918 2530 1020 2570 veyt.''

799 2662 912 2696 XCV.

413 2720 531 2754 Codex
559 2723 849 2762 membranaceus,
869 2724 902 2756 in
922 2726 982 2757 4120
1001 2725 1133 2761 minori,
1153 2726 1186 2758 ff.
1208 2728 1286 2766 148,
1317 2761 1318 2770 ἵ

438 2790 503 2811 sec.
522 2790 599 2817 xv.;
619 2779 699 2812 olim
719 2779 893 2824 peculium
914 2780 1072 2814 Edwardi
1092 2781 1234 2815 Bossou.

1380 277 1393 305 1

1381 1100 1400 1128 5

1380 1617 1399 1644 U«

1381 2395 1401 2423 8

1383 2647 1402 2677 9

1402 300 1407 305 .
1425 274 1633 305 Homiliarum
1654 274 1740 309 liber,
1763 285 1889 306 numero
1910 279 2032 307 centum
2048 277 2163 318 viginti,
2177 279 2206 310 in
2230 292 2231 298 ¹

1441 326 1549 356 diebus
1574 325 1743 356 Dominicis
1769 326 1912 367 feriisque
1939 338 1994 367 per
2016 328 2089 358 anni
2115 329 2205 362 circu-
2230 335 2231 370 ξ

1441 377 1513 411 lum,
1526 380 1664 413 auctore,
1678 384 1713 407 ut
1728 377 1880 413 feruntur,
1894 377 1914 407 J
1918 377 2038 408 ohanne
2054 378 2206 418 VViclevo3
2230 385 2231 392 ¹

1442 427 1572 468 Anylice.
1597 427 1646 457 fol.
1666 437 1689 457 1.

1486 479 1582 519 Incip.
1609 480 1685 509 “As
1710 490 1779 510 men
1803 479 1930 510 sehulde
1954 484 2049 511 trowe
2075 480 2105 511 in
2127 481 2206 514 Crist

1463 530 1534 560 that
1560 529 1599 559 he
1625 530 1651 560 is
1677 531 1771 561 bothe
1795 531 1864 561 God
1891 531 1953 561 and
1975 541 2057 567 man,
2084 543 2117 562 so
2141 543 2205 564 men

1464 581 1610 611 selmlden
1627 586 1723 613 trowe
1740 586 1773 613 to
1790 582 1836 612 his
1853 582 1992 612 wordis.''

1487 632 1615 663 Ultimae
1638 633 1729 672 praeit
1752 633 1870 669 titulus,
1898 633 1978 663 'Pro
2005 633 2205 674 Sponsalibus'

1465 688 1495 713 et
1512 683 1608 712 desim.
1637 684 1711 713 “for
1734 683 1850 714 thanne
1874 683 1937 714 thei
1958 688 2106 715 avoutren
2125 685 2206 728 falsly
2227 708 2229 726 3

1465 734 1582 764 Goddis
1599 734 1692 770 word,
1708 745 1743 765 as
1760 734 1836 765 Poul
1853 734 2008 775 spekitli.”

1486 783 1524 813 In
1539 783 1631 820 calce,
1650 790 1667 799 ‘¹
1683 784 1786 814 Heere
1799 784 1898 815 enden
1911 784 1963 815 the
1975 785 2062 816 feria}
2073 787 2205 828 gospels;

1466 834 1533 864 Deo
1547 835 1698 873 gi·aciaS.”

1404 915 1409 919 .
1427 889 1586 920 Confessio
1603 889 1685 926 fidei,
1707 890 1826 930 [eodem
1842 892 1992 931 auctore]
2020 891 2070 923 fol.
2088 901 2138 923 121
2155 894 2181 924 b.

1490 941 1544 970 Inc
1558 951 1586 981 p.
1605 939 1650 970 “I
1668 940 1747 970 haue
1766 940 1833 981 ioye
1849 941 1912 971 fulli
1930 941 2001 972 telle
2018 946 2051 973 to
2065 942 2105 973 all
2121 948 2206 975 trewe
2225 936 2227 967 j

1466 1001 1535 1020 men
1552 991 1606 1021 the
1619 991 1724 1022 beleue
1736 991 1807 1022 that
1821 992 1851 1021 Y
1868 992 1959 1023 holde
1979 994 2039 1024 and
2055 994 2164 1036 algatis
2176 1000 2205 1027 to
2225 1002 2227 1033 ξ

1465 1042 1519 1072 thc
1535 1043 1646 1083 pope.''

1406 1122 1411 1127 .
1431 1098 1477 1128 De
1502 1098 1670 1128 haeresibus
1690 1098 1810 1129 duabus
1832 1110 1870 1129 ex
1891 1099 2019 1130 ecclesia
2042 1101 2205 1142 Anglicana
2224 1107 2226 1127 :

1444 1149 1661 1190 expurgandis.
1686 1149 1736 1180 fol.
1754 1159 1810 1180 122
1825 1150 1854 1180 b.

1490 1199 1585 1240 Incip.
1610 1205 1627 1214 “
1640 1199 1723 1229 Ther
1741 1199 1800 1229 ben
1818 1204 1879 1230 two
1900 1211 2007 1231 maner
2022 1201 2056 1231 of
2069 1201 2206 1234 heretikis
2223 1193 2225 1206 1

1465 1251 1499 1281 of
1512 1251 1627 1282 whiehe
1645 1251 1787 1292 Englond
1811 1251 1936 1282 schulde
1959 1253 1995 1283 be
2016 1253 2136 1295 purgid,
2151 1255 2204 1285 and

1466 1302 1654 1342 Symonieris
1671 1302 1729 1332 ben
1744 1302 1797 1333 the
1814 1303 1910 1333 first.”

1404 1357 1621 1397 ‚Quaestiones
1643 1357 1776 1398 quinque
1800 1357 1838 1388 de
1862 1357 2017 1399 diligendo
2042 1359 2118 1394 Deo,
2143 1371 2204 1391 cum

1443 1408 1607 1449 responsis.
1632 1408 1682 1438 fol.
1700 1417 1767 1449 123.

1488 1459 1584 1500 Incip.
1612 1466 1629 1474 “
1642 1461 1671 1489 A
1696 1459 1808 1500 special
1829 1460 1916 1490 frend
1935 1460 1965 1490 in
1981 1460 2052 1492 God
2075 1462 2160 1494 axith
2178 1462 2204 1494 bi

1465 1508 1583 1539 charite
1602 1509 1671 1539 thes
1687 1509 1754 1550 fyve
1770 1510 1949 1550 questiouns
1965 1511 1999 1541 of
2010 1522 2030 1542 a
2044 1512 2114 1543 mek
2129 1518 2205 1554 prest
2222 1509 2223 1513 ¹

1466 1560 1495 1589 in
1513 1560 1613 1590 Godf'

1403 1640 1409 1644 .
1427 1614 1474 1645 De
1491 1615 1576 1649 Fide,
1594 1615 1654 1655 Spe
1671 1619 1701 1646 et
1718 1616 1867 1647 Caritate.
1892 1617 1942 1647 sol.
1960 1628 2026 1656 124.

1486 1665 1583 1707 Incip.
1603 1672 1619 1680 ‘¹
1634 1666 1697 1696 For
1710 1666 1734 1697 it
1747 1666 1772 1696 is
1784 1667 1865 1697 seide
1879 1667 1909 1697 in
1925 1668 2078 1711 holdynge
2094 1669 2128 1700 of
2139 1680 2203 1701 oure

1465 1717 1535 1758 holy
1552 1717 1611 1758 (lay
1627 1717 1697 1748 that
1715 1728 1757 1748 we
1781 1718 1906 1749 sehulde
1927 1720 2034 1761 oeupie
2058 1720 2110 1751 the
2130 1725 2205 1762 tyme

1465 1768 1495 1798 in
1520 1769 1693 1810 prechynge
1723 1769 1784 1800 and
1815 1770 1963 1811 preyinge
1992 1771 2052 1801 and
2083 1772 2204 1803 devoute

1465 1819 1628 1861 llery11ge.”

1404 1899 1409 1904 .
1429 1874 1475 1905 De
1491 1879 1609 1915 septem
1626 1875 1769 1916 operibus
1785 1875 2010 1907 misericordiae.
2034 1877 2085 1908 fol.
2103 1887 2156 1917 127
2168 1878 2194 1909 b.

1486 1926 1548 1956 Tit.
1574 1932 1592 1940 “
1604 1926 1669 1956 The
1686 1937 1778 1957 seuen
1795 1927 1912 1968 werkys
1928 1927 1962 1957 of
1974 1938 2077 1969 merey
2092 1928 2204 1970 bodyly‚

1465 1982 1500 2008 ut
1516 1978 1624 2008 infra.”

1489 2029 1586 2070 Incip.
1618 2034 1636 2045 “
1651 2022 1699 2063 3if
1724 2040 1742 2059 a
1768 2040 1839 2060 man
1870 2040 1948 2060 were
1978 2029 2054 2060 sikir
2079 2030 2148 2061 that
2171 2029 2204 2061 he

1465 2080 1590 2111 sehulde
1606 2084 1639 2111 to
1656 2091 1787 2111 morowe
1803 2091 1889 2111 come
1904 2081 2003 2112 bifore
2018 2092 2037 2112 a
2053 2081 2148 2123 iuge.”

1406 2159 1410 2164 .
1430 2135 1593 2176 Expositio
1608 2135 1638 2165 in
1660 2135 1809 2176 hymnum
1827 2135 1891 2166 ‘Te
1915 2135 2015 2166 Deum
2034 2136 2215 2168 laudamus.’¹

1444 2186 1492 2216 fol.
1514 2196 1582 2227 135.

1489 2237 1581 2278 lneip.
1605 2237 1697 2267 “Hit
1720 2237 1745 2267 is
1768 2237 1938 2278 commenly
1955 2239 2028 2279 seyd
2050 2239 2121 2270 that
2142 2238 2204 2280 thys

1466 2298 1542 2329 song
1565 2298 1626 2318 was
1650 2288 1740 2318 made
1766 2287 1800 2318 of
1821 2289 1945 2329 Austyn
1967 2290 2028 2320 and
2050 2290 2213 2326 Ambrose.

1466 2339 1552 2369 when
1570 2339 1693 2380 Austyn
1710 2339 1798 2369 was.”

1405 2417 1410 2422 .
1428 2393 1592 2434 Expositio
1609 2393 1639 2423 in
1657 2393 1804 2434 hymnum
1821 2393 1928 2424 Trium
1945 2394 2121 2433 liberorum,
2138 2401 2144 2411 ‘
2155 2394 2203 2426 Be-

1445 2444 1578 2475 nedicite
1593 2444 1696 2475 onmia
1711 2455 1805 2485 opera
1822 2445 1967 2476 Domini.’
1992 2446 2042 2475 fol.
2066 2456 2129 2488 137.
2208 2487 2209 2490 Ἴ

1490 2494 1587 2535 Incip.
1614 2494 1718 2525 “This
1744 2494 1860 2536 psalme
1890 2505 1951 2525 was
1977 2495 2067 2526 made
2092 2495 2168 2526 aster
2187 2499 2210 2525 a?

1466 2544 1592 2575 miracul
1620 2545 1690 2576 that
1718 2545 1788 2576 God
1813 2546 1865 2576 did
1890 2546 1921 2576 in
1946 2551 2029 2587 tyme
2054 2547 2088 2577 of
2107 2546 2209 2577 Nabum

1465 2595 1669 2635 godonosor.”
2197 2592 2209 2607 '³

1406 2669 1411 2674 .
1430 2644 1592 2686 Expositio
1607 2646 1637 2675 in
1659 2646 1806 2687 hymnum
1819 2647 1990 2684 Zachariae,
2008 2653 2014 2662 ‘
2029 2646 2209 2678 Benedictus*

1446 2696 1597 2727 Dominus
1613 2697 1698 2727 Deus
1716 2697 1835 2728 Israel.'
1859 2699 1910 2728 fol.
1927 2708 1978 2737 141
1996 2698 2024 2728 b.

1490 2748 1587 2789 Incip.
1610 2749 1715 2779 “This
1738 2749 1854 2790 psalme
1878 2749 1902 2779 is
1923 2750 1957 2780 os
1974 2760 2058 2780 more
2079 2748 2207 2780 autor-ite

1468 2799 1541 2829 then
1557 2799 1610 2830 the
1623 2810 1700 2841 song
1716 2799 1754 2841 by
1769 2800 1863 2831 fore?
2205 2794 2207 2807 ³
