2254 3117
671 177 908 212 COLLEGII
936 178 1305 216 MERTONENSIS.

193 275 287 306 nioris
312 274 469 317 Spalensis
491 274 626 316 episcopi
642 275 682 306 ad
698 275 897 307 Braulionem
913 275 968 306 Ce-

192 332 451 368 saraugastanum
468 326 645 368 episcopum
661 327 799 368 scripti.”

215 377 296 408 Ibid.
314 389 343 419 p.
362 388 387 408 1.

237 428 385 470 Sequitur
408 429 500 459 index
526 439 634 459 vocum
660 428 876 469 alphabeticus
905 429 968 460 sive

211 481 390 518 kalendare,
417 480 546 512 annexis
571 480 645 511 locis
670 480 790 521 aliquot
816 481 848 511 in
878 485 968 513 textu

213 531 345 563 omissis.

449 624 610 660 cmlv,

89 688 206 722 Codex
226 687 438 727 chartaceus,
457 687 492 720 in
510 686 603 726 folio,
622 686 656 720 ff.
673 689 755 727 371,
775 698 842 721 sec.
857 698 913 721 xv.

131 749 158 778 1.
175 748 262 779 Sexti
286 747 435 788 Empirici
458 748 605 778 adversus
631 747 876 779 Mathematicos
898 747 969 779 libri

192 800 316 835 decem3
342 800 451 829 (ἔνατα.
476 799 570 829 f01.1.

235 849 296 880 Tit.
315 849 422 887 Σέξτου
437 849 624 889 Ἐμπειρικοῦ
639 850 710 889 πρὸς
724 852 947 889 μαθηματικούς.

235 900 273 931 In
296 900 392 938 calce,
418 901 526 938 Σέξτου
549 899 736 940 Ἐμπειρικοῦ
759 902 970 940 ὑπομνημάτων

211 952 243 983 τὸ
267 952 388 983 δέκατον
411 952 496 984 τέλος
523 955 580 982 τῶν
603 954 655 982 τοῦ
680 955 835 983 σκεπτικοῦ
861 952 968 991 ,έξτου

211 1007 267 1035 τῶν
282 1004 353 1043 πρὸς
368 1004 536 1043 ἀντίρρησιν
552 1003 621 1034 δέκα
636 1003 855 1042 ὑπομνημάτων.

234 1055 413 1097 Sequuntur
434 1055 572 1096 capitula
594 1054 656 1085 alia
672 1059 818 1096 quatuor,
834 1056 872 1086 de
888 1056 969 1086 bono

213 1112 244 1138 et
267 1107 358 1141 malo,
375 1107 413 1137 de
437 1107 569 1137 honesto
592 1110 625 1137 et
649 1106 743 1147 turpi,
768 1107 806 1137 de
826 1107 913 1147 justo
937 1112 969 1138 et

213 1158 340 1199 injusto,
357 1158 395 1189 de
411 1169 483 1188 vero
504 1162 536 1188 et
552 1157 640 1194 falso,
658 1157 715 1188 sub
731 1157 834 1194 titulo,
852 1158 970 1197 δωρικὴς

213 1211 364 1241 διαλέκτου
379 1211 514 1240 ἐντεῦθεν
531 1209 583 1241 ἕως
597 1212 648 1239 τοῦ
664 1208 776 1245 τέλους,
788 1212 912 1247 ζητεῖται
927 1211 968 1247 δὲ,

212 1262 238 1291 εἰ
253 1262 299 1291 καὶ
314 1261 346 1291 τὸ
362 1261 456 1300 παρὸν
472 1262 625 1300 σύνταγμα
641 1260 778 1298 Σέξτειόν
793 1262 884 1291 ἐστιν.

233 1311 294 1342 Tit.
311 1312 329 1342 i.
346 1313 412 1351 περὶ
427 1312 538 1351 ἀγαθοῦ
555 1312 601 1342 καὶ
617 1314 715 1342 κακοῦ.

233 1363 333 1405 Incip.
350 1364 447 1394 δισσοὶ
468 1364 554 1402 λόγοι
576 1363 725 1402 λέγονται,
742 1364 775 1394 ἐν
790 1365 823 1401 τῇ
843 1362 968 1394 Ἑλλάδι

211 1415 266 1445 ὑπὸ
281 1418 338 1445 τῶν
353 1415 608 1454 φιλοσοφούντων.

128 1471 157 1499 2.
175 1469 295 1500 Scholia
312 1469 343 1500 in
359 1469 540 1500 Aristotelis
561 1468 853 1511 Metaphysicorum
872 1469 968 1500 libros

193 1520 244 1551 xii.
258 1526 290 1551 et
306 1521 368 1551 xiii.
395 1521 506 1551 Graece.
531 1520 582 1551 fol.
600 1521 671 1552 268.

234 1572 295 1603 Tit.
326 1573 436 1612 σχόλια
467 1574 508 1605 εἷς
533 1573 566 1603 τὸ
598 1570 637 1612 ἦ
662 1575 719 1603 τῶν
744 1572 968 1612 Ἀριστοτέλους

211 1625 283 1661 μετὰ
299 1625 334 1653 τὰ
349 1624 467 1662 φυσικά.

236 1674 332 1716 Incip.
352 1674 373 1704 i.
391 1676 423 1705 ἐν
439 1677 476 1716 τῷ
493 1675 612 1714 λάμβδα
629 1678 678 1714 τῆς
694 1674 881 1714 προκειμένης
896 1688 967 1714 πρα-

213 1727 359 1765 γματείας.

235 1776 331 1818 Incip.
348 1776 441 1807 schol.
458 1777 489 1807 in
506 1790 530 1814 ν,
549 1778 580 1808 ἐν
596 1777 634 1818 τῷ
650 1777 705 1816 πρὸ
726 1777 829 1807 τούτου
850 1778 967 1818 βυβλίῳ

212 1827 333 1865 ζητήσας
348 1828 373 1857 εἰ
389 1828 512 1858 δύνατον
528 1827 613 1857 εἶναι.

235 1878 341 1909 Desin.
357 1878 499 1919 abrupte,
517 1879 596 1909 ἀλλὰ
611 1880 647 1908 τὸ,
662 1879 840 1917 συγκείμενα
857 1877 968 1917 ἀνάγκη

215 1932 330 1961 κεῖσθαί
341 1943 396 1961 που
410 1931 455 1960 καὶ
470 1931 557 1970 χωρὶς
569 1931 584 1960 ὁ
601 1933 676 1960 νοῶν
689 1929 789 1967 νοήσει
801 1931 836 1960 τὰ
852 1930 927 1960 ἓν-

131 1986 160 2015 3.
179 1985 315 2016 Euclidis
331 1985 434 2023 Data3
462 1986 574 2016 Graece.
599 1984 650 2016 fol.
669 1995 740 2026 342.

236 2036 297 2067 Tit.
315 2037 474 2068 Εὐκλείδου
490 2036 643 2075 δεδομένα.

459 2137 599 2172 CCCV.

93 2198 388 2239 Membranaceus,
415 2201 449 2233 in
477 2200 571 2239 folio,
607 2198 641 2232 ff.
671 2202 751 2239 201,
789 2211 857 2233 sec.
887 2200 966 2238 xiv„

117 2258 203 2292 binis
232 2258 399 2293 columnis
427 2264 621 2298 exaratus,
646 2258 729 2291 olim
749 2257 848 2291 Will.
869 2256 968 2292 Reed

117 2328 161 2350 ex
190 2317 278 2351 dono
310 2317 363 2351 M.
382 2316 521 2350 Nieolai
553 2317 595 2350 de
624 2316 825 2361 Sandwyco,
848 2321 969 2361 postea

117 2374 194 2408 coll.
213 2375 318 2409 Mert.
337 2387 381 2409 ex
399 2375 488 2409 dono
510 2374 663 2419 ejusdem
677 2373 859 2406 willelmi.

138 2441 162 2470 l.
181 2440 297 2482 AEgidii
313 2440 446 2471 Romani
463 2441 500 2471 de
517 2440 667 2471 Columna
685 2439 923 2469 commentarius
938 2439 968 2469 in

198 2492 379 2523 Aristotelis
394 2492 488 2522 libros
510 2492 548 2522 de
571 2491 770 2532 generatione
793 2496 825 2521 et
845 2502 969 2532 corrup-

197 2543 292 2573 tione.
315 2543 365 2573 sol.
381 2553 407 2574 2.

239 2594 335 2635 Incip.
353 2599 370 2610 “
383 2593 499 2624 Anima
522 2597 557 2623 ut
577 2596 713 2623 testatur
737 2592 968 2633 philosophus,’'

219 2650 254 2676 ut
270 2645 302 2675 in
318 2645 391 2676 edit.
406 2646 494 2685 1526.

137 2700 165 2730 ⁶2.
182 2699 330 2741 Ejusdem
346 2700 377 2730 in
393 2699 595 2740 Physicorum
611 2698 704 2729 libros
727 2702 797 2730 octo
819 2710 971 2730 commen-

198 2753 305 2783 tarius.
327 2752 441 2790 fol.47.

242 2803 340 2845 Incip.
358 2810 375 2820 ‘⁸
388 2801 549 2833 Naturalis
564 2801 695 2833 scientia
709 2801 785 2832 est.”

996 2800 1000 2833 l

1823 189 1887 220 121

1161 278 1198 308 In
1214 279 1307 316 calce,
1324 283 1341 296 ‘⁴
1355 279 1402 310 Sit
1418 291 1528 311 nomen
1543 280 1666 312 Domini
1682 281 1890 319 benedictum,

1141 330 1285 370 quoniam
1309 331 1462 372 completa
1484 333 1641 363 sentencia
1666 332 1735 363 libri
1759 333 1890 374 phisico-

1139 391 1206 411 rum
1223 386 1281 419 est,
1297 382 1381 413 edita
1400 394 1419 413 a
1435 383 1530 413 fratre
1550 384 1662 424 Egidio
1683 384 1824 415 Romano
1841 395 1889 415 or-

1141 431 1220 462 dinis
1236 433 1454 464 heremitarum
1475 435 1704 475 S Augustini3
1730 435 1797 467 Deo
1818 447 1889 478 gra-

1142 482 1230 513 tias.''

1374 604 1531 639 CCCVI.

1017 662 1136 698 Codex
1165 665 1457 707 membranaceus,
1484 668 1517 700 in
1546 667 1638 708 folio,
1666 668 1699 702 ff.
1717 670 1795 708 119,
1823 680 1889 704 sec.

1040 722 1122 760 xiv„
1160 722 1248 757 binis
1283 724 1451 758 columnis
1485 732 1662 766 exa1·atus;
1703 728 1784 761 olim
1809 726 1889 761 Joh.

1040 778 1210 819 Laurenz,
1229 792 1273 814 ex
1292 781 1381 814 dono
1401 781 1485 815 Sim.
1506 782 1733 818 Lambourne.

1060 848 1087 878 1.
1107 847 1274 888 [Johannis
1294 849 1514 888 Dumbleduni,
1530 852 1591 882 sive
1612 853 1649 883 de
1673 853 1887 895 Dumbleton,]

1121 899 1198 930 liber
1221 901 1259 931 de
1285 901 1514 938 Insolubilibus‚
1542 902 1579 933 dc
1611 903 1832 944 significatione
1859 910 1891 937 et

1121 952 1334 993 suppositione
1356 953 1569 990 terminorum,
1592 954 1630 985 de
1653 959 1720 986 arte
1743 956 1891 998 obligato-

1122 1002 1187 1039 ria3
1203 1008 1263 1034 etc.
1290 1004 1341 1034 fol.
1357 1014 1386 1045 3.

1165 1054 1263 1096 Incip.
1292 1060 1309 1072 ·‘
1325 1055 1373 1086 De
1403 1055 1654 1097 sophismatibus,
1682 1067 1740 1097 que
1771 1068 1830 1087 non
1859 1069 1892 1089 re

1143 1105 1197 1136 sed
1210 1105 1332 1136 nomine
1344 1106 1518 1137 insolubilia
1529 1110 1663 1143 exstant,
1677 1113 1815 1148 superest
1827 1120 1892 1149 per—

1143 1158 1309 1188 tractare.”

1166 1212 1205 1242 In
1228 1212 1321 1249 calce,
1339 1217 1356 1229 ‘⁸
1370 1212 1507 1254 Explicit
1529 1216 1685 1244 tractatus
1709 1213 1747 1244 de
1767 1212 1894 1244 diversis

1143 1261 1364 1299 insolubilibus,
1382 1269 1414 1293 et
1429 1263 1467 1293 de
1490 1263 1712 1304 significatione
1733 1268 1764 1294 et
1785 1275 1894 1305 suppo-

1141 1313 1253 1345 sitione
1277 1315 1479 1345 terminorum
1500 1319 1532 1345 et
1554 1315 1731 1346 confusione
1746 1320 1777 1346 et
1794 1316 1894 1346 distri-

1144 1365 1271 1396 butione
1286 1366 1454 1396 eorundem
1470 1369 1502 1395 et
1518 1365 1556 1396 de
1571 1366 1670 1396 modis
1715 1391 1719 1396 .

1143 1417 1237 1458 signis
1259 1417 1482 1448 universalibus
1504 1421 1535 1448 et
1559 1417 1596 1448 de
1618 1422 1686 1448 arte
1711 1417 1894 1459 obligatoria

1143 1479 1213 1499 cum
1229 1469 1298 1500 aliis
1313 1469 1548 1500 incidentibus.''

1058 1533 1086 1563 2.
1107 1532 1186 1564 Cleri
1204 1533 1244 1564 ad
1260 1544 1364 1574 regem
1380 1533 1588 1574 Anglicanum
1601 1532 1749 1568 hortatio,
1761 1532 1895 1563 camnine

1123 1584 1246 1615 heroico
1259 1585 1426 1626 itidemque
1439 1584 1624 1626 rhythmico,
1635 1594 1787 1624 expressa.
1804 1583 1853 1614 fol.
1867 1585 1892 1613 δ.

1166 1640 1262 1682 Incip.

1082 1699 1098 1707 ‘⁵
1115 1691 1141 1722 O
1158 1703 1212 1722 rex
1228 1691 1411 1733 Anglorum,
1424 1703 1481 1732 que
1498 1695 1569 1722 sunt
1582 1692 1647 1733 jam
1663 1691 1746 1722 facta.
1760 1690 1872 1728 videto,

1116 1742 1242 1773 Dudum
1256 1747 1415 1783 gestorum
1431 1741 1588 1783 signacula
1603 1741 1680 1772 dura
1695 1741 1832 1771 tiineto.”

1058 1805 1088 1834 3.
1110 1804 1271 1845 [Ejusdem
1286 1804 1308 1835 J
1311 1804 1454 1845 ohannis]
1484 1803 1611 1835 Summa
1631 1803 1737 1845 logicae
1753 1807 1784 1834 et
1800 1803 1894 1844 philo-

1122 1856 1238 1897 sophiae
1262 1856 1422 1893 naturalis,
1439 1856 1470 1886 in
1493 1860 1598 1897 partes
1617 1856 1722 1886 decem
1738 1855 1892 1892 distincta,

1123 1919 1191 1938 cum
1207 1907 1353 1949 prologo;
1375 1907 1406 1938 in
1422 1907 1482 1938 fine
1497 1906 1597 1938 mutil.
1622 1907 1674 1937 fol.
1688 1917 1716 1947 9.

1167 1963 1265 2004 Incip⁴
1298 1962 1376 2004 prol.
1409 1968 1426 1979 “
1450 1962 1657 1993 Plurimorum
1694 1961 1894 1992 scribencium

1143 2015 1226 2057 grati
1252 2015 1367 2045 laboris
1391 2014 1537 2055 dignique
1563 2013 1711 2044 memoria
1739 2013 1893 2054 particeps

1143 2067 1184 2098 ad
1200 2078 1375 2098 mensuram
1398 2077 1465 2097 mee
1489 2066 1647 2096 facultatis
1667 2066 1738 2096 dom
1763 2091 1768 2096 .
1793 2090 1799 2096 .
1825 2090 1831 2095 .
1855 2076 1893 2096 ex

1143 2119 1264 2160 logicali
1279 2118 1432 2149 communi
1455 2117 1586 2148 materia
1607 2121 1638 2148 et
1658 2117 1784 2158 physica
1799 2127 1892 2157 quan-

1144 2171 1216 2202 dam
1239 2181 1390 2201 summam
1405 2169 1499 2201 veluti
1514 2169 1668 2210 spicarum
1686 2169 1891 2209 dispersarum

1143 2221 1332 2263 manipulum
1356 2232 1476 2263 quoque
1500 2221 1592 2251 modo
1617 2231 1679 2250 non
1703 2222 1890 2249 maturatum

1143 2276 1175 2302 et
1187 2271 1424 2312 incompositum
1436 2270 1567 2312 recolegi
1654 2268 1832 2300 Itinerantis
1842 2268 1890 2298 via

1144 2330 1228 2354 recta
1258 2323 1389 2353 tendens
1420 2322 1538 2353 Oxonie
1567 2333 1586 2352 a
1615 2321 1752 2362 pluribus
1785 2319 1888 2349 edoce-

1144 2381 1206 2411 tur,
1231 2375 1284 2405 sed
1312 2374 1476 2415 precisuris
1503 2373 1615 2415 pedum
1641 2372 1731 2414 spatii
1756 2371 1888 2401 numeris

1143 2436 1340 2467 nequaquam
1356 2425 1562 2456 ostenditur.’'

1167 2481 1266 2522 Incip.
1292 2492 1380 2522 opus,
1405 2479 1651 2520 “Incipiendum
1671 2480 1717 2507 est
1741 2487 1759 2506 a
1783 2475 1887 2516 primis

1143 2544 1212 2563 eum
1241 2533 1384 2563 minimus
1413 2542 1500 2563 error
1528 2531 1559 2560 in
1592 2527 1738 2570 principio
1771 2527 1802 2557 in
1827 2526 1887 2557 fine

1142 2584 1305 2615 maxinle.”

1165 2635 1279 2666 Deficit
1296 2635 1326 2666 in
1342 2638 1430 2676 parte
1445 2644 1534 2668 nona,
1552 2637 1568 2648 ⁴·
1579 2639 1610 2661 et
1625 2629 1808 2670 indigestum
1823 2639 1885 2659 ma-

1144 2691 1197 2718 net
1212 2687 1264 2717 diu
1279 2691 1407 2728 propter
1421 2681 1683 2725 g1·ossitudin0m.”

1060 2752 1088 2780 4.
1106 2749 1329 2790 Fragmentum
1340 2747 1467 2779 Roberti
1477 2747 1621 2776 Grostete
1630 2743 1668 2773 de
1679 2742 1769 2772 Iride.
1786 2742 1805 2772 s.
1818 2752 1828 2771 1
1838 2752 1848 2772 1
1857 2744 1882 2772 8.

1164 2800 1272 2831 Desin.
1290 2805 1306 2816 ²·
1319 2810 1413 2841 prope
1428 2802 1542 2829 terram
1557 2800 1589 2826 et
1604 2793 1698 2835 ipsius
1713 2793 1884 2834 expansio?

1211 2864 1235 2888 R
