2254 3117
612 135 849 172 COLLEGII
877 137 1273 179 UNIVERSITATIS.

81 244 97 252 ⁵·
111 235 254 274 Quatuor
268 240 316 267 est
331 235 446 277 primus
462 234 569 277 primis
582 234 682 266 tribus
697 235 777 266 alter
788 236 917 278 opimus,
946 251 947 274 1

111 286 220 317 Marce
236 286 293 318 tibi
309 286 392 317 trino
410 286 494 316 Luca
515 296 631 316 canone
647 287 721 317 cede
737 288 919 327 quaterno.”
946 288 948 322 ἶ

77 339 103 367 3.
124 337 405 378 Interpretationes
425 336 653 367 Hebraicorum
676 338 834 368 nominum
858 337 918 379 [se-

139 390 272 420 cundum
286 388 460 430 Remigium
471 388 802 430 Autissiodorensem.]
817 388 916 429 f·331-

77 442 104 470 4.
123 439 241 471 Textus
265 439 505 471 SS.Bibli0ru1n
526 440 694 470 secundum
715 439 862 470 materias
884 440 916 470 in

138 502 227 522 usum
244 491 462 522 Praedicatoris
479 491 623 522 ordinati.
647 491 696 521 fol.
711 492 771 532 385
789 491 819 522 b.

181 543 317 574 Rubrica
346 547 403 579 est,
433 547 453 560 ‘⁴
478 543 662 574 Predicator
685 543 778 574 debet
801 543 915 574 habere

158 593 284 623 verbum
309 592 435 623 Domini
462 593 593 634 primum
621 594 652 624 in
678 605 763 630 aure,
791 598 861 635 post
883 594 915 625 in
943 623 944 627 ,

157 645 248 675 corde
270 655 325 686 per
347 644 492 676 affectum
516 650 547 676 et
571 645 770 683 intellectum,
790 651 861 687 post
884 646 914 677 in
943 650 944 683 ζ

155 706 248 726 manu
264 707 319 737 per
334 707 421 737 opus,
437 696 563 727 tandem
579 696 610 727 in
626 707 699 732 ore;
724 697 811 739 prius
832 698 913 728 enim
942 689 944 732 l

155 746 301 777 discenda
316 751 363 777 est
374 746 504 788 justicia
518 752 550 778 et
566 748 784 788 magistrorum
807 748 914 780 limina
941 746 943 774 ἶ

157 800 230 826 sunt
246 796 405 827 terenda.”
941 815 942 828 1

177 845 275 887 Incip.
293 851 311 863 ‘⁶
323 846 345 876 J
347 847 472 885 acobus,
485 847 512 878 Ι.
538 848 586 880 Sit
601 849 700 880 omnis
715 850 808 881 homo
823 850 911 882 velox

154 897 194 928 ad
210 898 430 930 audiendum.''

392 980 549 1015 CXVII.

29 1040 147 1074 Codex
165 1041 456 1077 membranaceus,
475 1043 510 1076 in
524 1043 607 1077 folio
622 1044 756 1084 minori,
775 1044 810 1078 ff.
828 1047 908 1084 157,
938 1061 941 1071 ·

51 1109 137 1132 secc.
154 1099 213 1132 xii.
232 1104 268 1132 et
295 1100 376 1139 xiii„
405 1100 493 1134 binis
518 1101 687 1135 columnis
715 1101 802 1136 bene
829 1114 910 1137 exa-
938 1101 940 1147 ζ

47 1162 159 1195 ratus;
179 1157 260 1191 olim
275 1157 363 1191 liber
380 1158 463 1192 eccl.
484 1158 519 1192 S.
534 1158 725 1204 Augustini
746 1159 907 1196 Cantuar.

68 1217 95 1248 S.
112 1217 280 1259 Augustini
295 1229 390 1259 opera
406 1219 508 1254 varia;
534 1219 661 1257 scilicet,
937 1228 939 1257 3'

46 1270 73 1299 1.
92 1269 141 1300 De
156 1269 298 1301 doctrina
313 1270 492 1301 Christiana
507 1270 577 1302 libri
593 1276 737 1313 quatuor.
761 1272 810 1303 fol.
827 1282 852 1303 1.

151 1321 214 1352 Tit.
239 1325 258 1338 “
276 1321 338 1352 Hic
360 1321 468 1362 incipit
494 1321 571 1353 liber
593 1323 714 1354 Aurelii
738 1323 907 1365 Augustini
937 1349 938 1352 ,

129 1373 168 1403 de
183 1373 325 1404 doctrina
341 1373 551 1405 Cln·istiana.”

154 1423 292 1455 Exstant
308 1424 389 1455 inter
406 1435 510 1465 opera,
527 1428 602 1455 tom.
619 1423 661 1454 iii.
678 1424 736 1455 col.
755 1435 779 1455 1.

150 1474 297 1516 Sequitur
313 1475 511 1505 Retractatio
527 1475 664 1516 ejusdem
679 1475 759 1506 libri.

46 1526 73 1555 2.
89 1525 322 1557 Confessionum
337 1526 407 1556 libri
423 1526 581 1557 tredecim.
605 1526 656 1557 fol.
673 1537 725 1565 44.
935 1564 937 1570 Ι

149 1576 210 1608 Tit.
239 1581 257 1594 ‘⁴
280 1577 396 1618 Incipit
426 1577 543 1618 primus
568 1577 648 1609 liber
670 1578 905 1609 Confessionum
935 1571 937 1608 Ῐ

127 1628 247 1659 Aurelii
263 1628 462 1669 Augustini?

149 1679 287 1711 Exstant
302 1680 375 1710 ibid.
393 1684 468 1711 tom.
485 1680 502 1711 i.
520 1680 576 1711 col.
594 1681 644 1721 69.

45 1731 72 1760 3.
91 1730 183 1762 Liber
198 1732 236 1762 de
252 1731 446 1773 poenitentia.
469 1731 520 1762 fol.
537 1741 595 1762 122
612 1732 642 1762 b.

148 1782 210 1813 Tit.
228 1787 245 1799 “
258 1782 372 1824 Incipit
388 1783 583 1824 Augustinus
599 1783 638 1814 de
653 1782 853 1824 penitentia.”

147 1833 227 1864 Ibid.
244 1838 320 1865 tom.
336 1845 361 1864 v.
379 1834 436 1864 col.
454 1844 543 1875 1350.
933 1876 934 1880 Ἰ

148 1884 201 1915 Ad
217 1885 331 1916 calcem
353 1885 488 1916 habetur
512 1885 696 1916 retractatio
719 1885 757 1915 de
773 1883 901 1916 Confes-
933 1882 934 1926 1

128 1935 248 1966 sionum
264 1935 360 1967 libris.
933 1930 934 1946 ἢ

940 848 942 861 ι

940 888 942 911 l

939 931 941 955 1

45 2037 72 2066 4.
89 2036 238 2076 Quaedam
260 2042 406 2079 excerpta
430 2038 468 2068 de
488 2038 559 2079 jure
580 2037 728 2068 canonico
749 2037 903 2079 praecipue

106 2088 147 2118 ad
170 2087 349 2119 electionem
370 2089 443 2119 cleri
466 2093 498 2119 et
522 2089 786 2120 consecrationem
810 2088 902 2119 eccle-

106 2139 168 2175 siae,
184 2143 243 2170 etc.
260 2141 441 2180 spectantia.
466 2141 516 2172 fol.
536 2150 603 2181 129.

149 2190 246 2232 Incip.
268 2195 285 2208 “
301 2191 353 2222 He
368 2196 441 2223 sunt
459 2203 550 2223 cause
572 2191 779 2234 separacionis
799 2192 902 2233 conju-

127 2241 184 2283 gii3
201 2242 376 2280 ἴοι-11100010,
388 2243 509 2274 ordines
522 2244 611 2280 sacri,
622 2243 902 2284 consanguinitasff*

149 2293 327 2334 Sequuntur
347 2293 430 2335 leges
444 2295 563 2336 aliquot
578 2306 633 2336 per
648 2306 754 2325 versus
770 2306 902 2326 summa—

127 2344 184 2374 tim
199 2354 353 2384 expressae
364 2357 372 2381 ;
395 2344 485 2387 incip.

66 2404 83 2412 ⁵·
96 2395 211 2426 Ordine
226 2395 319 2436 plana
334 2400 441 2427 carent
456 2397 604 2438 spoliatus
615 2397 720 2438 judice
735 2396 830 2428 falsi.”

44 2447 72 2476 5.
89 2446 269 2477 Decisiones
280 2446 478 2487 juridiciales.
502 2448 552 2478 fol.
568 2458 635 2489 145.
930 2474 931 2483 ,

148 2497 245 2538 Incip.
263 2502 280 2514 ‘⁵
298 2497 488 2529 Introductis
510 2499 631 2540 publica
651 2499 840 2531 auctoritate
856 2510 900 2530 re·
930 2492 931 2497 ¹

126 2548 272 2579 nunciare
287 2559 348 2579 non
364 2548 465 2579 licet.''
929 2590 930 2594 Ἰ

148 2600 326 2642 Sequuntur
352 2600 505 2641 expositio
528 2612 646 2639 vocum,
672 2602 834 2633 sententiae
861 2613 899 2633 ex
928 2614 930 2650 3

127 2650 182 2682 SS.
197 2651 355 2688 Patribus,
379 2656 436 2682 etc.
448 2663 456 2688 ;
479 2651 571 2694 incip.
596 2656 616 2670 ‘⁶
629 2653 817 2685 Cocodn‘llus
837 2664 899 2685 ser-

126 2713 202 2742 pens
216 2707 264 2734 est
279 2702 470 2744 aquaticus.”

44 2750 72 2781 6.
89 2750 241 2786 Quaedam
257 2753 443 2795 quaestiones
459 2753 580 2795 legales.
603 2753 655 2785 fol.
669 2764 735 2795 149.
926 2745 928 2801 J

1827 151 1842 168 l,

1799 152 1843 182 30

1096 239 1193 282 Incip.
1211 240 1384 280 “Questi0‚
1408 241 1440 272 Si
1460 241 1530 283 jure
1554 242 1687 274 naturali
1712 254 1842 274 commu-

1072 291 1119 321 nis
1145 296 1192 323 est
1218 292 1355 323 omnium
1382 294 1532 334 possessio
1557 294 1710 335 quomodo
1736 296 1842 325 eodem

1068 342 1138 382 jure
1150 343 1357 383 adquiruntur
1369 343 1504 374 dominio
1520 348 1626 374 nostro
1641 355 1687 381 ca,
1699 355 1756 385 quc
1769 345 1843 381 celo,

1072 396 1166 429 terra,
1183 394 1259 424 mari
1275 394 1468 435 capiuntur.”

988 443 1016 473 7.
1033 442 1152 474 Tabula
1167 449 1416 485 argumentorum
1437 457 1493 487 pro
1515 450 1547 477 et
1567 450 1675 477 contra
1691 447 1728 477 de
1744 446 1841 478 diver-

1050 494 1091 524 sis
1107 496 1243 526 materiis
1259 496 1289 526 in
1301 496 1371 537 jure
1387 497 1474 527 civili.
1499 496 1550 527 sol.
1570 506 1626 538 152
1644 498 1672 527 b.

1092 545 1153 576 Tit.
1170 546 1187 576 i.
1207 552 1224 563 ⁴⁸
1241 547 1529 588 Argumentandnm
1554 560 1591 579 ex
1612 549 1770 590 superficie
1792 549 1840 580 lit-

1071 598 1136 625 tere
1153 595 1281 637 ideoquc
1297 597 1390 628 verba
1405 609 1466 628 11011
1482 609 1603 630 sensum
1619 601 1792 640 spectare.”

1315 700 1492 736 CXVIII.

964 768 1084 803 Codex
1105 770 1396 811 membranaceus,
1418 773 1452 805 in
1477 773 1568 813 folio,
1594 774 1627 807 ff.
1647 777 1727 814 241,
1752 786 1837 808 seco.

989 828 1049 860 xii.
1069 832 1105 861 et
1123 828 1209 867 xiii„
1228 828 1316 862 binis
1334 829 1502 864 columnis
1531 832 1659 875 optime
1678 838 1837 866 exaratus

986 885 1045 918 sed
1057 885 1200 919 mutilus
1213 898 1220 926 ;
1239 886 1321 920 olim
1334 886 1505 921 willelmi
1521 888 1707 930 Parkhous,
1720 895 1838 935 postea

939 962 941 994 ζ
985 943 1062 977 coll.
1078 943 1182 977 Univ.
1202 956 1245 977 ex
1264 944 1354 978 dono
1371 944 1456 978 Tho.
1476 945 1631 987 VValker,
1650 949 1812 993 magistri.

1006 1009 1031 1038 1.
1048 1007 1160 1038 Isidori
1188 1008 1382 1050 Hispalensis
1409 1009 1673 1052 Etymologiarum
1698 1012 1766 1042 libri
1792 1013 1835 1043 vi-

1065 1059 1155 1101 ginti,
1172 1060 1293 1100 praeviis
1321 1060 1432 1091 Isidori
1458 1065 1490 1092 et
1509 1061 1682 1093 Braulionis
1702 1063 1836 1104 epistolis

1065 1111 1189 1141 mutuis.
1213 1111 1262 1141 fol.
1280 1122 1327 1152 19.

1106 1162 1262 1193 Praemisit
1290 1174 1400 1193 manus
1424 1163 1577 1194 recentior
1597 1163 1727 1194 indicem
1751 1175 1836 1196 voca-

1087 1214 1228 1245 bulorum
1244 1214 1482 1256 alphabeticum.

1108 1265 1205 1296 Defic.
1218 1265 1269 1296 lib.
1283 1277 1334 1296 xx.
1351 1265 1381 1296 in
1393 1276 1460 1306 cap.
1478 1265 1593 1305 penult.
1607 1265 1716 1303 verbis,
1733 1270 1750 1283 ‘⁶
1763 1266 1835 1297 hau-

1086 1317 1201 1348 riendae
1217 1328 1307 1358 aquae
1323 1328 1416 1348 causa
1432 1317 1582 1348 teloneus'

1000 1419 1028 1448 2.
1046 1418 1225 1460 [Avicennae
1250 1419 1404 1456 Practica,
1420 1419 1505 1450 libris
1528 1419 1645 1456 decem,
1669 1419 1836 1460 interprete

1063 1469 1268 1500 Constantino
1285 1469 1433 1500 Africano
1443 1469 1463 1510 ³]
1488 1469 1606 1511 imperf.
1630 1469 1680 1501 sol.
1698 1470 1765 1501 168.

1106 1520 1204 1561 Incip.
1229 1520 1260 1550 in
1291 1520 1403 1557 verbis,
1427 1531 1492 1561 cap.
1513 1530 1551 1558 24
1573 1520 1626 1551 lib.
1642 1521 1671 1551 ii.
1697 1521 1835 1562 “quibus

1083 1572 1239 1613 sanguinis
1255 1572 1381 1613 profluit
1397 1572 1591 1603 multitudo?

1104 1624 1166 1654 Tit.
1184 1635 1249 1665 cap.
1269 1633 1306 1665 25
1323 1628 1371 1654 est
1387 1627 1405 1640 “
1422 1623 1472 1654 De
1488 1623 1582 1665 signis
1598 1623 1835 1665 capillorun1”——

1104 1674 1201 1706 Defic.
1226 1686 1292 1716 cap.
1313 1685 1350 1712 14
1374 1675 1425 1705 lib.
1443 1686 1472 1705 x.
1495 1675 1533 1706 de
1557 1675 1642 1706 febre
1666 1675 1832 1711 mortifera.

1082 1737 1148 1767 quae
1165 1726 1201 1757 fit
1224 1737 1262 1757 ex
1285 1726 1407 1757 malicia
1430 1726 1593 1756 humorum
1613 1734 1646 1757 et
1664 1726 1833 1762 cruditate:

1083 1782 1101 1795 ‘⁶
1114 1778 1231 1820 incipit,
1248 1782 1280 1809 et
1297 1779 1320 1809 si
1337 1789 1449 1820 corpus
1465 1789 1526 1808 non
1541 1778 1652 1809 fuerit³⁷

1103 1829 1141 1860 In
1165 1830 1258 1867 calce,
1287 1833 1305 1848 “
1323 1830 1436 1861 Caucio
1463 1829 1590 1861 Henrici
1616 1829 1747 1861 Witfeld
1781 1830 1833 1870 [an

1081 1884 1191 1921 postea
1220 1881 1379 1922 praepositi
1410 1880 1476 1911 coll.
1508 1881 1600 1922 Reg.]
1633 1881 1774 1922 exposita
1803 1882 1833 1911 in

1081 1931 1160 1962 cista
1182 1931 1313 1972 antiqua
1332 1931 1552 1961 Universitatis
1568 1942 1624 1972 pro
1643 1942 1705 1962 una
1720 1941 1830 1967 marea,

1080 1981 1129 2012 die
1154 1982 1264 2013 Sabati
1290 1993 1378 2023 prox.
1401 1986 1472 2023 post
1488 1982 1601 2012 festum
1617 1981 1761 2013 Omnium
1777 1981 1830 2012 SS.

1082 2034 1120 2064 A.
1138 2033 1177 2064 D.
1202 2033 1379 2075 m.ccc.lviij.
1404 2038 1435 2064 et
1460 2034 1555 2064 habet
1579 2038 1735 2076 sumptum
1759 2044 1829 2074 qua-

1080 2089 1152 2115 tuor
1166 2085 1298 2116 florenos
1315 2085 1352 2116 de
1370 2085 1559 2116 Florencia.”

1327 2191 1465 2225 CXIX.

954 2261 1252 2302 Membranaceus,
1266 2263 1301 2295 in
1316 2262 1398 2295 folio
1413 2263 1544 2297 minori,
1560 2261 1593 2295 ff.
1609 2262 1664 2301 68,
1679 2273 1744 2295 sec.
1757 2262 1826 2295 xiii.

977 2321 1146 2359 exeuntis,
1178 2320 1266 2354 binis
1296 2319 1465 2353 columnis
1503 2320 1611 2353 nitide
1647 2323 1823 2355 exaratus:

976 2377 1058 2411 olim
1076 2377 1215 2411 Thomae
1233 2378 1275 2411 de
1293 2377 1514 2422 Billingham.

994 2438 1121 2470 Summa
1133 2439 1274 2480 magistri
1291 2439 1419 2469 Thomae
1435 2439 1473 2468 de
1489 2437 1635 2471 Cobham.
1648 2436 1709 2466 sive
1725 2435 1823 2466 Chob-

1014 2489 1096 2526 ham,
1113 2489 1278 2520 subdecani
1296 2488 1540 2524 Sarisburiensis,
1556 2488 1593 2517 de
1609 2486 1798 2527 poenitentia.

1056 2541 1153 2582 Incip.
1168 2545 1186 2557 ‘⁴
1198 2540 1275 2572 Cum
1291 2541 1352 2571 sint
1369 2539 1577 2570 miserationes
1593 2537 1717 2567 Domini
1733 2548 1823 2578 super

1034 2592 1137 2623 onmia
1152 2603 1246 2633 opera
1261 2591 1353 2633 ejus.”

1055 2643 1159 2675 Desin.
1176 2647 1195 2661 “
1208 2654 1299 2685 quam
1321 2653 1378 2684 pro
1400 2641 1537 2675 occulto;
1562 2643 1594 2669 et
1615 2639 1670 2669 hec
1693 2639 1733 2670 ad
1754 2650 1820 2681 pre—

1033 2706 1103 2725 sens
1118 2695 1156 2725 de
1171 2694 1342 2736 penitentia
1357 2694 1441 2724 dicta
1455 2690 1638 2721 sufficiant.’'

1055 2745 1233 2787 Sequuntur
1248 2750 1267 2763 “
1280 2744 1415 2786 capitula
1430 2742 1518 2773 istius
1533 2741 1715 2773 tractatus.”

1129 2800 1189 2831 ΡΞ
