2254 3117
334 155 381 189 78

357 251 386 279 4.
404 246 499 278 Tituli
527 246 558 277 S.
575 240 744 284 Augustini
772 239 998 270 sententiarum
1018 248 1038 268 a
1060 237 1215 277 Prospero

420 297 626 329 collectarum.
652 292 703 322 fol.
722 292 789 330 187.

463 348 524 378 Tit.
541 350 559 363 “
572 345 664 375 Libcr
680 340 851 383 Augustini
870 340 922 381 qui
946 339 1124 370 intitulatur
1139 338 1217 368 liber

441 396 667 429 sententiarum
680 392 825 434 Prosperi
841 396 873 423 et
885 391 1098 433 particulatim
1115 394 1146 421 et
1162 400 1217 431 per

442 447 604 483 clausulas,
616 457 653 476 ex
667 445 795 475 diversis
807 444 874 485 ejus
885 443 1029 485 operibus
1042 446 1215 483 excerptus,

441 500 521 531 sicut
538 498 613 529 mihi
629 497 752 528 videtur
774 500 806 527 et
828 500 901 526 sunt
925 495 956 525 in
981 506 1016 526 eo
1039 494 1123 525 tituli
1148 494 1218 524 sub-

441 550 576 591 scripti.''

463 602 552 632 Inter
567 611 661 642 opera
677 603 751 630 tom.
769 610 797 629 x.
815 598 871 629 001.
888 607 958 639 223.

358 660 384 687 5.
403 656 498 687 Tituli
526 656 558 687 S.
576 654 789 696 Chrysostomi
819 653 980 689 sermonis,
1008 652 1098 691 Quod
1128 662 1218 681 nemo

421 708 544 739 laeditur
560 708 618 738 nisi
634 718 654 738 a
669 707 781 748 seipso.
806 705 857 736 fol.
874 715 930 746 193
946 706 976 736 b.

682 808 890 844 CXCVIII.

337 874 458 907 Codex
481 872 775 910 membranaceus,
798 871 833 904 in
853 873 913 903 4to
937 870 1070 908 minori,
1088 868 1122 902 ff.
1139 872 1219 907 109,

360 943 427 965 sec.
441 942 498 964 xv.
517 929 678 963 ineuntis.

381 992 408 1021 1.
434 989 666 1021 Determinatio
703 988 843 1029 magistri
873 987 1022 1018 Willehui
1055 986 1220 1027 Wydford,
1250 994 1252 1006 ¹

445 1042 508 1073 sive
525 1041 721 1076 Wodcsordi,
739 1041 777 1071 (10
798 1040 905 1070 ordine
921 1039 1052 1069 fratrum
1070 1038 1222 1068 minorum

445 1093 546 1123 Oxon.
574 1096 684 1122 contra
708 1091 849 1133 Wyclyff
873 1091 903 1121 in
930 1090 1063 1121 materia
1089 1090 1127 1120 de
1154 1088 1222 1119 reli·
1251 1101 1253 1107 >

445 1145 544 1187 gionc.
568 1143 620 1173 fol.
638 1154 663 1173 1.

488 1195 585 1236 Incip.
611 1202 628 1211 ‘⁸
642 1194 759 1224 Utrum
783 1193 900 1224 motiva
923 1192 1066 1234 ponentis
1089 1202 1222 1222 commu—

466 1257 537 1277 nem
552 1245 732 1287 religionem
749 1245 842 1275 esse.''

490 1296 596 1327 Desin.
614 1302 631 1313 ‘⁵
643 1297 681 1326 do
698 1296 777 1326 illius
793 1295 905 1326 radicis
922 1295 1131 1325 enarracione.
1156 1294 1224 1325 Ista
1253 1293 1254 1299 ¹

468 1353 540 1379 sunt
571 1348 655 1378 dicta
685 1352 716 1378 et
743 1351 867 1378 tantum
898 1347 936 1377 de
963 1345 1224 1376 determinacionc

467 1400 568 1442 prima
591 1399 732 1441 magistri
751 1398 902 1429 Willelmi
922 1397 1089 1428 Wodfford
1115 1400 1224 1427 contra

468 1451 635 1493 Wyclyff.”

490 1503 529 1533 In
545 1503 639 1539 00100,
654 1508 671 1519 “
685 1501 825 1543 Explicit
841 1500 1062 1531 determinacio
1078 1498 1177 1541 prima
1194 1498 1225 1528 in

469 1555 602 1585 materia
620 1555 658 1584 (10
674 1553 821 1595 religione
838 1552 988 1583 Oxonic.”

385 1612 414 1640 2.
431 1609 581 1652 Ejusdem
595 1612 752 1640 tractatus
771 1609 809 1639 de
831 1607 1005 1639 sacerdotio
1022 1605 1101 1637 Novi
1117 1606 1225 1638 Testa-

448 1661 555 1692 menti.
580 1661 631 1692 fol.
652 1671 695 1699 14.

492 1712 591 1754 Incip.
609 1716 626 1729 ‘⁴
640 1711 759 1742 Utrum
782 1710 991 1741 sacerdotium
1014 1709 1094 1741 Novi
1116 1709 1225 1740 Testa-

469 1763 575 1800 menti,
591 1763 673 1804 quod
690 1763 721 1792 in
740 1762 966 1793 Melchisedech
982 1761 1132 1793 exstitit.”

386 1820 414 1848 3.
434 1817 583 1859 Ejusdem
600 1822 617 1834 ⁴⁴
631 1828 707 1858 opus
726 1816 927 1857 compilatum
950 1821 1060 1848 contra
1076 1816 1226 1858 quasdam

450 1869 661 1900 conclusiones
676 1868 716 1898 ab
732 1869 839 1898 eodem
853 1872 1011 1898 extractas
1027 1868 1058 1898 in
1074 1868 1164 1904 libro,
1175 1867 1227 1908 qui

452 1921 642 1957 intitulatur,
667 1919 830 1960 Trialogus
858 1920 903 1950 M.
919 1919 993 1950 Joh.
1012 1919 1148 1960 Wydyf,
1175 1918 1227 1960 qui

450 1972 573 2003 utinam
607 1972 685 2002 libor
714 1972 881 2002 damnatus
908 1976 954 2002 est
980 1983 999 2002 a
1024 1972 1064 2002 D.
1090 1972 1226 2008 Thoma,

451 2022 668 2055 Cantuariensi
706 2022 946 2063 archiepiscopo,
980 2033 1062 2052 anno
1099 2021 1228 2052 Domini

454 2075 533 2115 1396
564 2073 596 2104 in
626 2073 763 2115 capitulo
794 2073 965 2104 cathedrali
995 2073 1066 2104 eccl.
1093 2072 1124 2104 S.
1139 2072 1228 2103 Pauli

452 2125 592 2155 London.
618 2125 823 2166 praesentibus
848 2124 1006 2165 episcopis,
1032 2124 1169 2166 praelatis
1192 2134 1228 2154 ac

452 2177 534 2208 clero
549 2176 636 2217 regni
653 2176 806 2216 Angliae.”
829 2175 880 2206 fol.
893 2176 944 2216 38.

495 2226 612 2257 Exstat
639 2227 779 2268 impress.
797 2226 828 2256 111
852 2226 1014 2257 Fasciculo
1036 2225 1109 2256 Rer.
1128 2225 1229 2266 Expe-

474 2279 558 2310 tend.
577 2278 682 2310 Oolon.
701 2289 789 2319 1535,
806 2289 835 2319 p.
848 2280 897 2318 96.
1191 2279 1197 2286 ‘

498 2330 535 2360 In
572 2330 664 2367 00100,
696 2334 713 2346 “
730 2329 867 2371 Explicit
898 2332 1053 2360 tractatus
1090 2328 1231 2369 magistri

476 2381 563 2413 Will.
592 2381 762 2423 W'ydford,
793 2381 900 2411 fratris
930 2381 968 2411 dc
997 2380 1105 2410 ordine
1135 2380 1231 2410 mino-

473 2444 551 2471 rum,
566 2437 676 2464 contra
692 2433 876 2474 magistrum
893 2432 911 2462 J
916 2433 1070 2463 ohannem
1077 2431 1231 2473 Wyclyf.”

706 2533 875 2567 CXCIX.
928 2545 931 2549 ’

350 2596 651 2636 Membranaeeus,
684 2596 719 2629 in
747 2598 808 2629 4to
839 2596 974 2635 minori,
1000 2595 1034 2629 ff.
1051 2598 1132 2635 123,
1164 2607 1231 2630 sec.

373 2666 450 2694 xv.;
477 2666 581 2688 manu
602 2655 727 2688 Brown
748 2655 926 2699 cujusdam
945 2655 1101 2699 scriptus.

394 2718 512 2749 Nicolai
529 2719 641 2750 Boncti
658 2719 815 2761 theologia
837 2718 989 2750 naturalis
1009 2718 1041 2749 in
1056 2719 1150 2750 libros
1166 2730 1232 2760 sep-

412 2774 477 2800 tem
492 2769 650 2806 distincta,
669 2781 738 2801 011111
753 2770 891 2812 prologo.

890 137 1191 175 CATALOGUS
1216 135 1451 171 CODICUM
1479 134 1587 169 MSS.

1373 232 1471 274 Incip.
1487 232 1564 273 prol.
1578 236 1596 249 “
1608 231 1719 262 Motor
1733 229 1917 266 immobilis;
1943 229 2067 261 Primus
2079 241 2148 261 00111

1352 285 1390 315 (10
1403 295 1531 314 numero
1547 282 1768 314 studentium.”

1374 336 1472 378 Incip.
1489 336 1542 366 lib.
1569 335 1741 365 “Primum
1765 338 1871 365 autem
1897 333 1929 364 in
1954 333 2013 365 hac
2037 337 2149 365 natura

1352 387 1509 429 theologia
1525 386 1689 418 naturali.”

1374 438 1481 468 Desin.
1499 442 1517 454 ‘⁸
1530 441 1562 468 et
1577 448 1613 468 eo
1629 436 1689 467 frui
1704 435 1735 466 in
1751 438 1914 471 eternum;
1937 434 2070 466 Amen.”

1376 489 1523 530 Sequitur
1544 488 1661 525 tabula,
1686 491 1718 518 et
1740 486 1771 517 in
1794 486 1888 523 calce,
1905 490 1924 504 “
1938 487 2052 523 Amen,
2069 486 2151 526 quod

1354 540 1496 577 Brown,”
1511 544 1543 571 et
1559 539 1679 575 deinde,
1698 542 1718 556 “
1732 537 1870 579 Explicit
1885 537 2041 579 theologia
2061 543 2151 568 natu-

1354 591 1427 622 ralis
1449 591 1591 632 magistri
1608 590 1727 621 Nicolai
1744 589 1866 626 Boneti,
1883 589 2000 619 ordinis
2019 589 2150 619 fratrum

1354 643 1518 680 minorum,
1535 642 1652 683 scripta
1667 645 1699 672 et
1715 640 1833 671 finita.”

1673 773 1744 808 CC.

1271 838 1392 872 Codex
1419 837 1714 876 membranaceus,
1733 837 1767 869 in
1787 837 1847 868 4t0
1869 835 2004 874 minori,
2023 833 2056 868 ff.
2073 836 2153 873 319,

1297 907 1363 929 sec.
1379 895 1457 934 xiv„
1476 895 1586 928 nitide
1605 898 1786 933 exaratum
1810 892 1892 926 olim
1906 891 2047 925 Thomoe
2066 892 2155 926 Bur-

1297 953 1372 989 stal,
1400 957 1520 997 postea
1542 951 1711 985 Johannis
1739 950 1933 984 Brokholes
1964 955 2000 983 et
2030 950 2155 984 deinde

1298 1011 1376 1045 coll.
1398 1010 1551 1044 Merton.
1571 1021 1614 1043 ex
1633 1009 1724 1043 dono
1743 1008 1887 1042 Henrici
1907 1007 2090 1054 Garstang.

1316 1070 1561 1101 Vocabularium
1577 1069 1733 1105 biblicum,
1747 1068 1809 1098 sive
1826 1067 2045 1098 dictionarium
2061 1068 2156 1098 nomi-

1338 1133 1411 1153 num
1441 1121 1686 1162 theologicorum
1713 1131 1782 1161 quae
1805 1119 1960 1150 habentur
1985 1119 2042 1149 sub
2066 1130 2157 1150 sensu

1338 1174 1518 1215 zrquiv0003
1558 1172 1665 1203 ordine
1700 1171 1907 1213 alphabetico,
1938 1181 2008 1201 cum
2042 1170 2158 1202 tabulis

1338 1236 1458 1255 vocum.

1382 1276 1480 1317 Incip.
1513 1274 1686 1315 “Angelus
1720 1273 1906 1314 quandoque
1936 1271 2050 1303 dicitur
2079 1271 2159 1302 filius

1360 1327 1431 1364 Dei,
1449 1327 1530 1357 undc
1548 1325 1692 1356 Ysaias.”

1381 1378 1490 1409 Desin.
1507 1378 1563 1408 sub
1575 1388 1650 1408 voce
1665 1377 1763 1412 Zona,
1775 1380 1793 1393 ‘⁴
1805 1375 2051 1406 Mortificatione
2066 1385 2161 1405 mem-

1361 1431 1425 1461 bris
1441 1430 1639 1460 roboratus.’'

1384 1481 1539 1512 Praeccdit
1560 1480 1684 1517 notitia,
1701 1484 1718 1496 ‘⁶
1732 1479 1829 1510 Orate
1852 1490 1909 1520 pro
1924 1478 2029 1509 anima
2044 1477 2161 1509 Thome

1362 1530 1499 1567 BurstaL
1529 1529 1689 1572 capellani,
1721 1529 1773 1570 qui
1804 1529 1891 1560 dedit
1920 1529 2015 1560 istum
2047 1528 2160 1559 librum

1361 1581 1501 1613 Jhoanni
1525 1581 1710 1618 Brokholes‚
1734 1580 1903 1622 capellano,
1926 1580 1978 1622 qui
1999 1580 2162 1612 Johannes

1361 1634 1448 1665 dedit
1475 1633 1614 1663 Henrico
1637 1632 1818 1673 Gairstang‚
1841 1635 1873 1663 et
1898 1631 1981 1662 idem
2005 1631 2162 1662 Henrieus

1361 1685 1449 1715 dedit
1463 1683 1592 1726 collegio
1608 1685 1739 1715 Merton
1754 1683 1786 1714 in
1802 1683 1926 1714 Oxonia
1947 1683 1988 1714 ad
2009 1683 2162 1714 orandum

1361 1747 1419 1777 pro
1450 1736 1554 1767 anima
1584 1735 1726 1777 magistri
1756 1735 1824 1766 Ric.
1851 1735 1879 1765 10
1904 1734 2035 1776 Schrop,
2064 1743 2162 1775 nuper

1362 1788 1458 1819 Ebor.
1481 1786 1715 1829 archiepiscopi,
1732 1790 1764 1817 et
1787 1797 1844 1827 pro
1868 1785 2031 1816 animabus
2055 1795 2162 1826 supra-

1362 1840 1548 1870 dictorum?

1675 1919 1767 1953 CCI.

1280 1982 1582 2022 Membranaceus,
1594 1981 1629 2015 111
1641 1983 1702 2015 4to
1716 1981 1852 2021 minori,
1867 1980 1901 2014 ff.
1915 1982 1996 2019 192,
2016 1991 2082 2014 sec.
2093 1991 2160 2019 XV„

1303 2053 1346 2075 ex
1374 2042 1464 2075 dono
1493 2039 1545 2073 M.
1564 2039 1733 2074 ι1011011018
1760 2039 1936 2079 Hanham,
1954 2038 2033 2072 coll.
2054 2037 2161 2072 Mert.

1305 2100 1398 2134 socii.

1323 2160 1351 2190 1.
1370 2158 1530 2190 Francisci
1546 2158 1584 2188 dc
1609 2158 1823 2199 Mayronibus,
1840 2157 1905 2188 ord.
1923 2156 1996 2187 min.
2017 2155 2162 2192 Moralia,

1386 2210 1451 2241 sive
1474 2210 1552 2240 liber
1575 2210 1613 2240 de
1635 2209 1804 2240 virtutibus
1826 2208 2004 2245 moralibus,
2029 2207 2163 2239 intellec-

1387 2261 1535 2298 tualibus,
1550 2261 1759 2292 cardinalibus
1781 2264 1813 2292 et
1830 2260 2023 2302 theologicis,
2046 2263 2105 2291 etc.
2132 2259 2163 2289 in

1388 2317 1494 2354 partes
1510 2317 1630 2354 septem
1646 2313 1842 2343 distributus.
1865 2312 1916 2343 fol.
1930 2313 1958 2343 6.

1431 2364 1510 2394 Pars
1532 2364 1644 2405 prima,
1660 2375 1727 2405 quae
1751 2364 1783 2394 in
1807 2363 1955 2394 articulos
1969 2363 2035 2393 xiii.
2055 2362 2163 2393 distin-

1408 2416 1525 2457 guitur,
1551 2416 1641 2457 incip.
1666 2416 1820 2447 “Auditu
1848 2415 1951 2450 auris;
1976 2418 2035 2445 etc.
2081 2413 2163 2448 Quia

1408 2478 1480 2497 vcro
1496 2467 1618 2497 audicio
1634 2467 1768 2498 divina.”

1432 2517 1539 2548 Desin.
1567 2528 1640 2558 pars
1663 2517 1719 2547 ult.
1744 2527 1813 2558 quae
1836 2515 1902 2557 agit
1929 2515 1967 2546 dc
1990 2513 2164 2545 voluntario

1410 2570 1442 2597 et
1458 2566 1605 2597 articulos
1621 2570 1692 2597 octo
1713 2564 1957 2607 comprehendit,
1983 2568 2000 2581 ‘⁴
2013 2575 2074 2594 non
2097 2573 2163 2594 cru-

1410 2617 1533 2659 cifigere
1559 2617 1730 2648 Dominum
1756 2620 1897 2647 nostrum
1924 2615 2050 2646 Ihesum
2076 2613 2163 2645 Chri-

1413 2673 1506 2706 stum,
1528 2668 1578 2699 cui
1593 2676 1641 2700 est
1656 2669 1755 2699 honor
1766 2669 1794 2703 ,³⁸
1809 2671 1870 2698 etc.

1433 2719 1471 2750 In
1496 2719 1586 2756 calce,
1610 2718 1823 2761 “Expliciunt
1849 2715 1979 2748 moralia
2006 2715 2033 2746 F
2035 2713 2164 2747 rancisci

1412 2769 1450 2800 de
1468 2768 1638 2800 Maronis?
