2254 3117
327 173 372 208 78
878 161 1176 197 CATALOGUS
1202 161 1433 197 CODICUM
1460 161 1568 195 MSS.

431 266 470 298 In
496 266 577 297 calce
602 263 747 305 imposuit
772 261 965 302 bibliopegus
989 260 1198 302 fragmentum

410 329 450 348 ex
465 315 640 349 cartulario,
657 317 692 344 ut
707 313 840 349 videtur,
856 311 991 342 ecclesiae
1011 310 1197 342 cathedralis

410 366 586 403 Veliensis,
602 365 664 396 dat.
682 364 763 395 cirea
777 374 828 394 an.
845 372 935 401 1420,
951 365 1139 403 excerptum.

706 447 817 482 CCV.

329 510 447 544 Codex
463 509 752 543 membranaceus,
771 506 806 539 in
824 504 906 539 folio
923 504 1052 548 majori,
1070 503 1103 536 ff.
1117 505 1197 537 242.

352 579 416 601 sec.
434 567 512 605 xiv„
540 566 628 599 binis
657 564 824 598 columnis
854 567 1032 600 exaratus,
1063 566 1082 578 ‘²
1096 561 1200 594 tradi-

352 633 407 658 tus
430 623 488 657 W.
506 622 673 656 ll'arliam
703 633 722 655 a
753 621 916 665 magistro
940 618 1083 657 Frende,
1109 619 1198 651 vice·

353 681 493 715 custode
510 687 544 714 et
561 681 738 724 utriusque
750 678 837 723 juris
850 676 1060 715 baculario;'’
1082 682 1200 721 postea

354 739 413 771 W.
428 738 615 782 Bodycote.

371 801 512 844 Gregorii
534 812 622 842 papae
644 800 706 830 IX.
732 798 942 831 Decretalium
965 797 1034 828 libri
1057 797 1200 838 quinque,

389 851 497 893 glossis
521 850 665 892 [Hem-ici
685 850 722 880 de
741 848 978 880 Bartholomaeis
1000 848 1038 878 de
1061 847 1199 888 Segusio,

391 902 525 943 episcopi
542 900 693 931 Ostiensis
704 900 727 942 Ξ]
745 900 902 941 perpetuis
917 899 1074 930 illust-rati.

435 953 473 982 In
499 951 581 982 calce
605 956 682 981 text.
713 950 881 992 “Explicit
911 949 1096 991 compiilatio
1123 959 1201 978 nova

415 1002 624 1034 decretalium.

372 1054 429 1094 Qui
442 1052 561 1094 scripsit
576 1052 690 1082 scribat
709 1075 715 1081 .
731 1061 852 1092 semper
863 1061 931 1081 cum
947 1050 1079 1080 Domino
1091 1049 1201 1080 virtus*

435 1104 532 1144 Incip.
558 1103 651 1143 gloss.
680 1107 698 1118 '⁸‘
711 1102 876 1133 Firmiter:
918 1101 1001 1131 Bene
1030 1101 1103 1131 dicit
1131 1110 1201 1130 nam

413 1155 522 1185 dubius
545 1154 576 1184 in
599 1153 659 1183 fide
681 1152 810 1183 infidelis
832 1156 888 1186 est,
912 1157 947 1182 ut
968 1151 1005 1181 de
1025 1152 1098 1182 Con.
1115 1151 1154 1180 di.
1171 1150 1200 1180 ii.

413 1204 561 1236 Rex-eras*

435 1255 539 1285 Desin.
563 1254 639 1284 “ita
662 1253 742 1294 quod
766 1257 938 1294 postquam,
962 1252 1085 1283 scilicet.
1109 1252 1146 1282 de
1169 1262 1201 1282 rc

409 1305 487 1347 judi.
505 1305 582 1335 Cum
604 1304 685 1334 inter
703 1315 765 1341 vos,
782 1303 907 1340 scilicet,
924 1303 971 1333 De
989 1303 1201 1344 jurejurando,

414 1355 542 1386 Nimis?³

437 1407 476 1437 In
492 1406 581 1436 calce.
604 1411 621 1420 ‘¹
636 1404 768 1445 Explicit
785 1409 954 1445 apparatus
971 1404 1200 1439 Decretalium;

414 1457 600 1487 Benedictus
623 1455 661 1485 sit
679 1455 831 1496 perfector
847 1455 992 1491 onmium,
1009 1455 1068 1494 Qui
1088 1455 1201 1497 incepit

415 1514 446 1539 et
459 1508 595 1549 perfecit,
608 1508 703 1537 Pater
715 1510 745 1536 et
759 1506 852 1536 Filius
864 1511 895 1537 et
909 1506 1042 1547 Spiritus
1056 1507 1202 1543 Sanctus:

416 1558 549 1589 Amen?

437 1609 568 1645 Deinde,
597 1620 684 1639 mann
723 1608 801 1649 ἶοηζν
837 1609 998 1643 recentiori,
1032 1615 1049 1624 “
1067 1609 1202 1650 Explicit

415 1660 516 1702 glossa.
546 1659 697 1690 Ostiensis
733 1670 824 1700 super
854 1659 1032 1691 Decretales
1067 1661 1203 1692 traditus

416 1722 495 1742 nunc
511 1710 547 1741 T.
565 1710 739 1751 Mulie-vus*

334 1850 550 1884 Chartaceus.
578 1849 612 1881 in
639 1847 718 1881 folio
743 1849 872 1892 majori,
895 1849 929 1882 ff.
946 1848 1027 1889 276,
1052 1861 1118 1883 sec.
1134 1861 1202 1890 xxx,

357 1918 446 1940 anno
463 1905 593 1940 scilicet
615 1907 718 1943 1409,
733 1905 820 1939 binis
839 1906 1005 1940 columnis
1023 1908 1178 1952 scriptus.

375 1970 462 2001 Petri
486 1970 524 2000 dc
547 1969 688 2005 Ubaldis,
714 1969 862 2000 Perusini.
884 1969 915 1999 in
936 1969 1145 2001 Decretalium
1170 1970 1204 2001 li-

396 2022 486 2052 brum
501 2020 633 2061 primum
648 2020 866 2050 commentarii.

436 2071 558 2102 Desunt
585 2069 729 2100 nonnulla
752 2070 783 2100 in
809 2070 907 2107 initio,
931 2071 1020 2112 incip.
1044 2072 1075 2102 in
1101 2072 1151 2103 tit.
1171 2072 1202 2103 ii.

417 2132 482 2162 cap.
501 2131 526 2157 1,
548 2121 726 2155 Canonum;
753 2127 771 2135 ⁴¹
785 2121 1030 2153 Constitucioues
1053 2134 1205 2154 canonum

415 2172 455 2202 ab
471 2171 610 2202 omnibus
626 2176 696 2202 sunt
714 2172 891 2202 servande.u

437 2222 542 2253 Desin.
569 2222 641 2252 “nd
671 2233 884 2254 successorem.
916 2225 1038 2264 quando
1067 2236 1204 2267 compro-

417 2273 554 2303 mittitur
567 2272 623 2303 sub
639 2273 760 2303 nomine
776 2273 961 2315 diguitatis?

440 2324 478 2354 In
505 2323 596 2358 calce,
625 2323 812 2364 “Compleri
838 2324 970 2355 scribere
992 2327 1202 2368 m.cccc.viiij.

419 2374 466 2404 die
473 2374 566 2415 xxvij.
575 2374 686 2404 mensis
693 2375 809 2415 Sempt.
831 2375 887 2405 Pro
897 2387 957 2416 quo
964 2376 1048 2407 Deus
1054 2377 1205 2418 gloriosus

419 2425 459 2455 sit
474 2424 654 2455 benedictus
670 2425 700 2455 in
717 2425 819 2456 secula
833 2426 1021 2459 seculorum:
1048 2429 1181 2459 Amen?

441 2476 479 2506 In
503 2475 638 2516 margine
660 2476 709 2506 fol.
727 2486 737 2506 1
763 2477 908 2514 inferiori,
928 2478 1096 2509 “Lectura
1120 2478 1206 2509 Petri

420 2527 457 2556 de
484 2526 611 2556 Perusio
638 2537 729 2568 super
750 2551 933 2559 ........
955 2529 1110 2569 quondam
1133 2530 1205 2560 socii

419 2576 509 2618 hujus
524 2577 668 2618 collegii.''
977 2571 983 2575 .

339 2689 632 2729 Membranaceus,
658 2692 693 2724 in
720 2692 800 2725 folio
826 2694 954 2737 majori,
982 2694 1016 2727 ff.
1033 2693 1112 2734 156,
1139 2705 1205 2728 sec.

362 2746 440 2785 xit,
458 2746 546 2780 binis
564 2747 731 2782 columnis
750 2756 919 2784 exaratus.

1291 259 1320 289 1.
1338 257 1489 288 Bonifaeii
1511 267 1600 298 papae
1618 255 1707 286 VIII.
1725 256 1936 287 Decretalium
1955 257 2032 288 liber
2048 257 2122 288 Sex-

1355 314 1417 345 tus,
1442 307 1595 338 Johannis
1620 307 1762 337 monachi
1786 307 2004 338 Ambianensis
2029 318 2123 349 appa-

1355 364 1425 390 ratu
1441 364 1590 400 perpetuo
1605 357 1784 388 inst-ructus.
1807 357 1858 388 fol.
1875 367 1901 388 1.

1399 409 1436 440 In
1465 409 1547 440 calce
1576 412 1718 449 apparat.
1751 414 1768 423 “
1787 408 1922 449 Explicit
1954 412 2124 450 apparatus

1377 460 1456 490 sexti
1476 459 1545 489 libri
1562 458 1770 489 Decretalium
1792 459 1980 500 compositus
1999 470 2035 490 ac
2055 470 2124 500 pro-

1376 511 1531 551 mulgatus
1553 520 1610 549 per
1623 509 1827 540 venerabilem
1847 509 1945 540 virum
1968 510 2125 540 dominum

1379 561 1397 591 J
1401 561 1554 591 ohannem
1596 561 1779 591 monachum
1819 561 1903 592 tituli
1941 561 2125 591 Sanctorum

1379 610 1552 640 Marcellini
1564 614 1595 640 et
1610 610 1692 640 Petri
1705 610 1911 652 presbiterum
1924 610 2124 646 cardinalem;

1377 672 1458 692 anuo
1477 661 1600 692 Domini
1615 667 1670 692 111.ο
1681 667 1738 692 cc..⁰
1753 662 1950 702 nonagesimo
1966 661 2104 693 oetav0.”

1400 712 1557 753 Sequitur,
1575 723 1665 742 mann
1682 713 1845 750 recentiori,
1862 712 2019 743 Benedicti
2037 722 2125 753 papae

1381 763 1461 793 XII.
1479 763 1562 794 bulla
1578 763 1616 794 de
1631 763 1781 798 censibus,
1799 769 1857 794 etc.
1875 763 1956 794 inter
1972 763 2124 794 Extrava-

1377 818 1462 855 gant.
1481 814 1676 851 Communes,
1692 814 1792 844 Paris.
1809 815 1898 855 1585,
1913 814 1970 844 col.
1983 824 2055 855 304.

1318 901 1324 906 .
1344 876 1432 917 [Dini
1463 876 1500 906 de
1523 876 1723 912 Rmsouibus,
1749 887 1802 906 seu
1830 876 1980 911 Rossanii,
2008 876 2126 917 Mugel-

1358 927 1444 966 lani,]
1468 927 1499 957 in
1523 927 1672 957 Bonifacii
1689 927 1785 958 VIII.
1802 927 1928 958 titulum
1948 928 1987 957 (le
2002 927 2127 968 Regulis

1358 977 1445 1008 Juris
1462 979 1653 1019 Apparatus.
1676 978 1726 1008 fol.
1741 988 1789 1018 9¹·

1404 1028 1500 1069 Incip.
1519 1034 1536 1043 ‘¹
1549 1028 1710 1059 Premissis
1730 1029 1850 1059 casibus
1870 1028 2074 1070 singularibus
2096 1034 2127 1059 et

1381 1089 1486 1109 eorum
1501 1079 1792 1110 (leterminacione.”

1404 1131 1442 1160 In
1479 1130 1572 1166 calce,
1606 1136 1623 1145 “
1639 1131 1774 1172 Explicit
1810 1136 1978 1172 apparatus
2014 1129 2129 1160 domini

1381 1181 1464 1222 digni
1493 1192 1585 1222 super
1613 1181 1706 1212 titulo
1736 1182 1774 1212 de
1803 1181 1916 1223 regulis
1942 1181 2021 1222 juris
2049 1181 2128 1211 sexti

1381 1231 1450 1261 libri
1466 1231 1694 1262 decretalium.''

1297 1298 1305 1309 ‘
1321 1321 1325 1326 .
1344 1295 1441 1326 Casus
1456 1307 1511 1336 per
1523 1295 1610 1326 Sexti
1626 1295 1864 1326 constitutiones
1876 1300 1907 1325 et
1921 1293 2128 1325 Clenientinas

1360 1347 1539 1383 introducti,
1562 1346 1594 1376 in
1617 1346 1727 1387 quibus
1749 1345 1899 1388 infligitur
1924 1344 2129 1376 excommuni-

1360 1397 1442 1428 catio
1459 1397 1524 1438 ipso
1541 1397 1633 1428 facto.
1657 1397 1707 1427 fol.
1725 1398 1792 1427 126.

1405 1448 1501 1489 Incip.
1531 1448 1685 1478 “Primus
1713 1459 1801 1478 casus
1830 1447 1957 1478 mittens
1986 1446 2130 1477 nuncium

1380 1500 1427 1530 vel
1443 1500 1628 1541 scripturam
1643 1499 1791 1530 cardinali
1806 1499 1949 1530 incluso.”

1321 1563 1588 1610 .Constitutiones
1615 1563 1747 1594 Othonis
1773 1568 1805 1595 et
1829 1562 1988 1594 Ottoboni.
2012 1573 2130 1593 necnon

1365 1614 1471 1644 concil.
1489 1614 1683 1651 Oxoniensis,
1705 1614 1922 1651 Lambethani,
1941 1613 2130 1653 aliorumque

1361 1665 1399 1695 de
1416 1666 1522 1695 eodem
1538 1670 1731 1706 argumento.
1754 1665 1804 1695 fol.
1822 1674 1876 1704 127
1890 1665 1919 1695 b.

1302 1731 1328 1758 ⁷.
1346 1729 1495 1759 Bernardi
1512 1729 1750 1770 Compostellani
1767 1728 1952 1770 quaestiones
1966 1727 1997 1758 in
2012 1727 2034 1758 J
2037 1727 2130 1758 ohan·

1362 1781 1408 1810 nis
1434 1781 1577 1810 monachi
1603 1784 1789 1822 apparatum
1815 1791 1907 1821 super
1929 1779 2026 1810 Sexto
2052 1779 2130 1810 libro

1362 1830 1583 1861 Decretalium.
1601 1841 1670 1861 cum
1685 1830 1822 1872 prologo.
1844 1830 1896 1861 fol.
1912 1839 1980 1870 131.

1406 1881 1503 1922 Incip.
1529 1881 1605 1922 prol.
1638 1887 1657 1896 ‘¹
1668 1881 1832 1912 Hactenus
1861 1885 1896 1911 ut
1925 1880 2033 1922 loquar
2061 1890 2130 1910 cum

1384 1932 1500 1962 Seneca
1515 1943 1615 1963 meam
1630 1932 1868 1974 ignoranciam?⁹

1406 1983 1503 2024 Incip.
1523 1994 1610 2024 opus,
1627 1989 1646 1997 “
1658 1983 1806 2014 Firmiter
1827 1982 1997 2017 credimus;
2024 1981 2130 2021 Queri-

1383 2038 1435 2064 tur
1450 2045 1490 2064 an
1506 2045 1611 2064 omnes
1626 2034 1750 2064 credere
1765 2033 1960 2064 teneantur.''

1407 2084 1446 2113 In
1461 2083 1552 2119 calce,
1623 2108 1630 2114 .
1646 2107 1653 2113 .
1668 2106 1675 2114 .
1688 2088 1720 2114 et
1732 2083 1857 2113 Ricardi
1871 2082 2024 2112 lVarham
2038 2105 2128 2111 .....

1383 2140 1413 2166 ct
1430 2140 1476 2166 est
1492 2140 1599 2166 sextus
1613 2135 1690 2166 liber
1701 2134 1913 2165 Decretalium
1927 2144 1997 2164 cum
2012 2132 2132 2173 supple-

1384 2190 1498 2221 mento,
1513 2186 1594 2226 quod
1606 2185 1850 2227 supplementum
1864 2189 1911 2216 est
1921 2184 1999 2215 liber
2007 2183 2130 2225 Digesti

1385 2236 1556 2271 Inforciati,
1574 2240 1606 2266 et
1628 2236 1761 2277 primum
1775 2236 1902 2266 verbum
1922 2234 2046 2265 secundi
2067 2233 2131 2264 folii

1382 2285 1453 2316 libri
1469 2286 1548 2317 sexti
1564 2291 1611 2316 est
1622 2285 1807 2316 Abbreriatis
1818 2290 1849 2316 et
1861 2285 1993 2326 primum
2005 2285 2131 2315 verbum

1360 2348 1368 2354 ·
1383 2337 1508 2367 secundi
1529 2337 1593 2367 folii
1616 2337 1736 2379 Digesti
1753 2337 1913 2368 Insorciati
1935 2342 1982 2368 est
1997 2337 2031 2367 F
2031 2337 2082 2372 iat,
2099 2341 2131 2366 et

1378 2388 1463 2429 jacet
1480 2399 1536 2429 pro
1553 2389 1642 2428 xvjs
1659 2392 1689 2419 et
1705 2388 1867 2429 impositus
1889 2397 1957 2419 erat
1972 2388 2064 2429 xxvij.
2082 2387 2131 2417 die

1384 2438 1497 2468 mensis
1512 2438 1533 2468 J
1536 2438 1627 2469 uniis'

1407 2489 1562 2530 Sequitur,
1593 2499 1682 2519 manu
1711 2489 1874 2525 recentiori,
1904 2492 2058 2520 tractatus
2094 2488 2132 2518 de

1385 2540 1530 2580 suffragio
1553 2539 1753 2570 existentium
1774 2540 1803 2570 in
1828 2539 2018 2582 purgatorio,
2042 2538 2132 2579 incip.

1387 2596 1405 2606 ‘⁶
1419 2590 1558 2621 Ulterius
1571 2591 1663 2631 juxta
1678 2590 1828 2632 promissa
1842 2590 2007 2621 videndum
2021 2590 2102 2620 est.”

1613 2693 1782 2728 CCVIII.

1236 2745 1239 2811 i
1260 2750 1380 2784 Codex
1396 2750 1686 2790 membranaceus,
1706 2752 1741 2784 in
1759 2751 1841 2785 folio
1859 2751 1988 2796 majori,
2002 2750 2035 2784 ff.
2051 2752 2131 2789 305,
