2254 3117
298 155 314 185 1
322 155 343 185 4
862 147 1163 182 CATALOGUS
1189 147 1423 182 CODICUM
1452 148 1560 183 MSS.

381 247 716 280 Praesanctificatorum
743 245 852 275 missas
882 245 1084 285 pertinentes,
1109 256 1178 275 cum

380 300 463 330 tonis
479 298 684 329 musicalibus.
708 296 759 327 fol.
779 306 825 327 22.

423 350 484 380 Tit.
502 349 576 389 ἀρχὴ
603 349 657 378 σὺν
681 349 749 388 Θεῷ
774 348 847 388 ἁγίῳ
871 350 928 377 τῶν
953 351 1178 387 συλλειτουργη-

400 402 498 440 μάτων
521 403 570 430 τοῦ
595 399 725 439 μεγάλου
752 401 893 429 Βασιλίου
919 399 964 428 καὶ
988 401 1038 428 τοῦ
1065 402 1178 438 Χρυσο-

401 453 518 489 στόμου,
544 451 589 480 καὶ
621 451 670 487 τῆς
694 448 928 488 προηγιασμένης
952 449 1022 479 ὅταν
1049 453 1178 488 λειτουρ-

400 505 448 541 γεῖ
463 503 477 531 ὁ
494 502 651 541 ἀρχιερεύς.

421 551 556 581 Nomina
592 551 782 581 melodorum
809 561 878 591 quae
909 554 1075 580 occurrunt
1105 555 1177 580 sunt

400 603 472 639 ista,
502 603 613 633 Xenns
640 603 787 639 Coronos,
816 602 944 633 Manuel
970 602 1177 643 Chrysaphes‚

398 654 561 684 ‚Iohannes
600 653 741 695 (jib-cous,
781 653 960 684 Theodulus
996 653 1177 690 monachus,

399 705 561 735 Joliannes
591 705 765 740 Cucuzeles‚
797 704 1002 745 Theophanes
1033 704 1176 745 Cmyces,

398 757 610 793 Atheniensis,
632 757 801 787 Anthimus
821 756 1001 791 monachus,
1017 756 1177 786 Johannes

399 808 622 845 Damascenus,
646 808 809 839 <Iohannes
834 808 958 846 Clades,
983 807 1177 848 Nicephorus

400 859 540 896 Ethicus,
560 859 711 895 Lascaris,
730 859 831 889 David
849 858 1076 889 Rhaedcstinus.

420 915 600 956 Sequuntur
616 914 709 951 tituli,
727 915 852 951 scilicet,

335 979 362 996 α.
380 967 515 1004 κάθασμα
540 967 734 1005 ψαλλόμενοι)
760 967 799 997 εἰς
823 965 874 996 τὸν
904 964 1061 995 ἀκάθιστον
1088 966 1177 1002 ὕμνον

399 1019 490 1049 καθὼς
506 1017 658 1057 ψάλλει-αι
675 1018 707 1047 ἐν
722 1016 868 1055 Ἀθήναις.
894 1016 944 1046 fol.
963 1017 1000 1056 63
1018 1015 1049 1046 b.

333 1080 364 1113 β.
381 1076 532 1115 τρισάγιον
548 1078 741 1115 ψαλλόμενον
759 1078 830 1107 κατὰ
847 1076 981 1114 κυριακὴν
992 1077 1024 1106 ἐν
1039 1075 1177 1113 Ἀθήναις

398 1128 430 1157 ἐν
454 1129 485 1157 δὲ
510 1130 546 1169 τῷ
570 1130 620 1158 τοῦ
640 1127 721 1158 Ἀθω
743 1129 804 1167 ὄρει
829 1129 900 1158 κατὰ
924 1128 975 1164 τὴν
999 1127 1101 1165 ἑορτὴν
1127 1129 1177 1157 τοῦ

398 1181 532 1216 σταυροῦ.
556 1179 608 1209 fol.
624 1182 662 1220 65
680 1179 708 1209 b.

312 1234 341 1263 3.
359 1233 500 1263 Officium
523 1237 580 1264 τῶν
605 1236 813 1273 κεκραγαρίων,
830 1234 906 1275 [sivo
933 1233 1076 1264 Psalmus
1093 1234 1175 1275 clxi]

376 1283 558 1325 Hymnique
581 1285 631 1315 alii
658 1285 867 1323 ecclesiastici,
884 1296 952 1315 cum
976 1285 1058 1316 tonis
1082 1285 1173 1315 musi-

376 1335 501 1366 calibus.
527 1336 641 1367 ίὀ1.68.

419 1390 481 1421 Tit.
498 1391 573 1431 ἀρχὴ
590 1392 644 1421 σὺν
661 1392 729 1432 Θεῷ
746 1392 818 1432 ἁγίῳ
834 1395 890 1421 τῶν
902 1393 1098 1430 κεκραγαρίων
1116 1391 1174 1422 κατ’

399 1441 472 1481 ἦχον
489 1443 543 1472 σὺν
562 1445 600 1482 τῷ
627 1444 707 1480 Δόξα
731 1443 842 1481 πατέρι,
860 1443 906 1473 καὶ
922 1444 960 1484 τῷ
978 1443 1056 1475 Θεὸς
1074 1444 1176 1481 Κύριος

398 1493 453 1523 σὺν
470 1495 506 1533 τῷ
524 1495 602 1523 πᾶσα
618 1496 692 1531 πνοῆ
709 1495 755 1524 καὶ
772 1494 889 1533 ἑτέροις.

314 1558 342 1586 4.
359 1556 499 1586 Officium
525 1556 657 1586 alterum
682 1557 827 1588 musicale
853 1561 903 1588 τοῦ
928 1558 1092 1588 πολυελέου
1119 1559 1174 1598 [se.

376 1608 427 1638 Ps.
446 1609 581 1649 cxxxiv]
596 1610 678 1650 apud
693 1609 821 1640 CPolim
838 1614 1012 1647 cantatum,
1028 1621 1066 1641 ex
1082 1610 1174 1640 melo-

375 1659 423 1690 dis
438 1659 565 1689 diversis
586 1665 651 1690 tani
675 1661 859 1702 antiquioris
881 1672 974 1702 quam
995 1662 1176 1692 recentioris

374 1711 431 1741 aevi
448 1711 657 1752 compilatum.
682 1712 731 1741 fol.
750 1713 816 1753 136.

418 1766 480 1796 Tit.
497 1767 571 1806 ἀρχὴ
592 1767 647 1797 σὺν
672 1768 745 1808 Θεῷ.
763 1770 813 1798 τοῦ
834 1768 997 1798 πολυελέου
1019 1771 1069 1799 τοῦ
1086 1773 1172 1808 λεγο-

396 1817 485 1854 μένου
507 1821 643 1856 λατρινοῦ
666 1818 860 1857 ψαλλομένου
882 1819 915 1847 ἐν
938 1821 1174 1849 Κωνσταντινου-

396 1869 492 1905 πόλει,
514 1869 684 1906 ποιηθέντος
707 1871 785 1907 παρὰ
809 1870 957 1907 διαφόρων
980 1872 1107 1906 ποιητῶν
1122 1882 1175 1900 πα-

397 1923 489 1950 λαιῶν
505 1933 535 1950 τε
553 1921 599 1950 καὶ
616 1923 697 1950 νεῶν.

311 1981 339 2008 5.
359 1978 470 2008 Leonis
495 1978 652 2019 Sapientis
677 1978 880 2019 Imperatoris
910 1978 1048 2008 carmina
1073 1982 1174 2008 matu-

376 2030 454 2066 tina,
466 2041 535 2060 cum
552 2029 634 2060 tonis
650 2029 858 2060 musicalibus.
881 2030 932 2060 fol.
947 2040 1004 2069 149
1018 2030 1046 2059 b.

417 2085 479 2116 Tit.
498 2086 630 2125 στίχειρα
651 2086 782 2123 ἷδιόμελα
804 2086 909 2115 ἑωθινὶι
924 2087 960 2115 τὰ
976 2086 1079 2116 ἕνδεκα
1094 2097 1174 2122 ποιη-

396 2137 483 2166 θέντα
504 2137 582 2175 παρὰ
604 2138 689 2174 κυροῦ
704 2136 832 2167 Λέοντος
847 2138 897 2165 τοῦ
914 2138 1010 2175 σοφοῦ
1027 2137 1073 2166 καὶ
1087 2139 1174 2173 βασι-

395 2187 478 2219 λέως.

416 2238 462 2268 Cf.
480 2239 536 2268 sub
552 2238 612 2268 fine
630 2237 827 2274 Pamdetici,
844 2249 874 2279 p.
891 2238 959 2278 185.

417 2293 596 2334 Sequuntur
611 2293 716 2334 hymni
732 2293 783 2324 alii
801 2293 956 2323 Manuelis
973 2293 1172 2334 Chrysaphae,

396 2348 456 2375 etc.

312 2400 341 2429 (5.
359 2399 499 2429 Officium
515 2403 564 2429 τοῦ
580 2400 711 2439 μεγάλου
733 2402 896 2439 ἑσπερινοῦ,
914 2411 983 2430 eum
1006 2400 1089 2431 tonis
1109 2411 1173 2430 mu-

376 2450 527 2480 sicalibus,
553 2451 603 2481 sol.
624 2454 688 2492 183.

418 2505 478 2535 Tit.
496 2506 570 2545 ἀρχὴ
593 2507 647 2536 σὺν
664 2507 731 2548 Θεῷ
753 2508 824 2548 ἁγίῳ
845 2509 895 2537 τοῦ
911 2506 1043 2546 μεγάλου
1059 2508 1173 2546 ἑσπερι-

397 2558 458 2591 νοῦ,
473 2559 545 2593 μετὰ
567 2558 598 2587 τὸ
623 2559 715 2588 εἰπεῖν
740 2559 789 2588 τὸν
814 2559 892 2597 ἱερέα
914 2558 947 2588 τὸ
967 2559 1142 2598 εὐαγγέλιον
1157 2560 1172 2588 ὁ

398 2607 483 2639 Θεὸς,
501 2608 619 2647 ἄρχεται
640 2610 655 2639 ὁ
676 2610 791 2649 ταχθεὶς
813 2610 845 2639 τὸ
866 2612 947 2640 δεῦτε
966 2609 1172 2648 προσκυνήσω-

397 2670 450 2695 μεν
481 2659 533 2689 ἕως
559 2661 609 2689 τοῦ
639 2661 738 2692 δόντος
768 2674 821 2691 σου
848 2661 944 2693 αὐτοῖς
968 2661 1171 2699 συλλέξουσιν.

398 2709 460 2738 εἶτα
476 2709 594 2748 ἄρχεται
610 2711 625 2739 ὁ
642 2711 808 2748 δομέστικος
824 2715 874 2742 τοῦ
892 2712 985 2750 δεξιοῦ
1002 2714 1100 2752 χοροῦ.

315 2773 341 2803 7.
365 2770 520 2800 ‚Iohannis
546 2771 702 2803 Oncuzelis
733 2778 765 2804 ct
797 2774 951 2805 Munuelis
981 2775 1170 2816 Chrysaphae

1317 246 1421 287 hymni
1445 247 1520 277 varii
1544 258 1612 277 eum
1641 247 1723 278 notis
1749 247 1957 279 musicalibus.
1991 249 2020 279 ff.
2046 259 2111 289 199,

1318 307 1377 339 235
1394 299 1422 328 b·
1758 334 1760 336 ,

1358 350 1419 380 Tit.
1443 351 1591 380 θεοτόκιον
1617 350 1848 389 ἐγκωμιαστικὸν
1873 354 1957 390 κυροῦ
1979 351 2116 383 Ἰωάννου

1336 400 1492 439 μαΐστορος
1508 403 1558 430 τοῦ
1576 401 1766 439 Κουκουζέλη.

1252 453 1281 482 8,
1306 451 1406 482 Marci
1431 451 1572 482 Corinthi
1603 452 1735 492 hymnus
1762 452 1793 482 in
1824 453 2116 494 tranfigurationem

1316 502 1450 539 Domini,
1469 513 1538 532 cum
1555 502 1636 533 notis
1652 502 1859 533 musicalibus,
1884 503 1936 533 fol.
1951 513 2021 544 ²¹3¹·

1358 552 1419 583 Tit.
1437 554 1530 592 τρίτος
1552 556 1623 585 ποῦς
1649 555 1688 585 εἰς
1711 553 1763 591 τὴν
1786 555 1868 584 θείαν
1884 555 2113 593 μεταμόρφωσιν

1337 606 1387 633 τοῦ
1404 607 1500 643 κυρίου
1515 605 1595 643 ἡμῶν
1610 603 1708 642 Ἰησοῦ
1733 607 1861 643 Χριστοῦ
1884 605 2014 641 ποιηθεὶς
2038 607 2117 644 παρὰ

1337 656 1386 684 τοῦ
1412 654 1564 693 ἱερωτάτου
1587 655 1800 693 μητροπολίτου
1822 656 1906 693 κυροῦ
1923 653 2044 693 Μάρκου
2062 657 2116 685 Κο-

1336 706 1444 743 ρίνθου.

1597 787 1744 822 XXIII.

1231 849 1350 882 Codex
1380 849 1591 889 chartaceus,
1624 850 1658 882 in
1684 852 1754 890 atto,
1784 850 1817 883 ff.
1840 851 1919 889 181,
1950 861 2016 884 sec.
2036 850 2115 890 xvi„

1254 907 1408 940 mutilus.

1274 968 1300 997 l.
1326 967 1467 998 (junones
1498 967 1600 1008 plures
1631 967 1831 999 ecclesiastici
1861 968 1891 998 in
1921 969 2116 1000 hebdomada

1337 1029 1425 1048 sacra.
1449 1018 1616 1059 diebusque
1645 1019 1816 1049 Dominicis
1842 1019 2061 1061 ferialibusque
2085 1020 2116 1050 in

1337 1080 1392 1099 usn
1416 1069 1525 1106 habiti,
1543 1069 1631 1100 divisi
1655 1075 1690 1100 ut
1711 1070 1812 1100 solent
1838 1081 1892 1111 per
1914 1074 2004 1101 tonos
2027 1071 2115 1102 odas-

1337 1132 1404 1162 que,
1419 1125 1477 1151 etc.

1380 1176 1441 1206 Tit.
1460 1176 1478 1206 i.
1496 1176 1596 1206 mutil.
1615 1175 1736 1208 κανόνες
1758 1177 1804 1207 καὶ
1827 1177 1952 1216 στίχηρα
1970 1178 2025 1208 σὺν
2046 1177 2114 1218 Θεῷ

1359 1229 1399 1259 εἰς
1425 1228 1477 1265 τὴν
1501 1228 1663 1266 ὑπεραγίαν
1690 1228 1837 1265 θεοτόκον,
1867 1229 2056 1267 ψαλλόμενοι
2084 1229 2116 1259 ἐν

1359 1291 1373 1308 τ
1391 1303 1496 1309 .....
1521 1279 1644 1318 στίχηρα
1664 1281 1863 1316 παρακλητικὰ
1887 1280 1926 1311 εἷς
1942 1280 1993 1309 τὸν
2010 1280 2115 1318 Κύριον

1358 1331 1437 1368 ἡμῶν
1459 1329 1575 1368 Ἰησοῦν
1597 1331 1727 1369 Χριστὸν
1751 1331 1797 1361 καὶ
1822 1332 1863 1362 εἰς
1886 1330 1937 1361 τὸν
1956 1331 2115 1371 ὑπεράγιον

1358 1383 1502 1411 θεοτόκον.

1379 1432 1476 1473 Incip.
1495 1434 1530 1462 τὰ
1546 1432 1640 1463 πάντα
1656 1432 1823 1472 παρήγαγες
1844 1433 1882 1474 τῷ
1904 1433 1945 1474 σῷ
1969 1435 2048 1474 λόγῳ
2069 1434 2114 1464 καὶ

1356 1487 1394 1525 τῷ
1411 1483 1570 1522 Πνευμάτι.

1379 1535 1429 1565 Ad
1446 1535 1496 1565 fol.
1516 1536 1532 1564 8
1550 1535 1661 1576 legitur
1684 1534 1795 1565 titulus
1818 1546 1959 1576 sequens,
1979 1537 1994 1565 ὁ
2020 1536 2114 1566 κανὼν

1358 1588 1396 1618 εἰς
1412 1587 1464 1624 τὴν
1480 1587 1566 1626 ἁγίαν
1581 1586 1692 1625 Τριάὸα
1716 1587 1762 1616 καὶ
1778 1587 1817 1618 εἷς
1833 1586 1885 1624 τὴν
1901 1587 2037 1617 θεοτόκον
2053 1589 2113 1617 ποί-

1355 1651 1413 1675 ημα
1430 1639 1543 1668 Φωτίου
1559 1637 1748 1677 πατριάρχου.

1379 1688 1485 1719 Dcsin.
1502 1689 1554 1726 τὴν
1575 1689 1667 1727 μέθην
1689 1690 1767 1718 λύων
1787 1691 1842 1718 τῶν
1858 1691 2027 1727 πειρασμῶν
2041 1702 2112 1720 παν-

1357 1740 1420 1778 άγιε
1438 1741 1604 1770 θεοτόκεκαὶ
1617 1740 1721 1777 φώτιζε
1734 1741 1784 1771 τὰς
1799 1741 1899 1779 ψυχὰς
1914 1740 2001 1777 ἡμῶν.
2027 1740 2112 1772 τέλος

1356 1792 1411 1821 σὺν
1427 1791 1495 1831 Θεῷ
1513 1792 1584 1831 ἁγίῳ
1601 1791 1685 1828 ἀμήν.

1271 1844 1298 1873 Ω,
1317 1841 1458 1872 Officium
1482 1842 1577 1877 aliud,
1602 1841 1795 1872 intitulatum
1819 1842 1894 1881 ἀρχὴ
1917 1845 1974 1872 τῶν
1998 1842 2111 1872 ἀποδει-

1334 1896 1422 1923 πνῶν·
1449 1895 1578 1923 Βασιλεῦ
1593 1893 1718 1932 οὐράνιε.
1743 1893 1793 1923 fol.
1812 1895 1875 1923 160.

1378 1948 1474 1988 Incip.
1492 1949 1523 1978 ἐν
1538 1950 1575 1988 τῷ
1592 1949 1797 1978 ἐπικαλεῖσθαί
1811 1960 1855 1986 με.

1376 1999 1449 2029 Des.
1480 1999 1538 2037 ἅμα
1562 1998 1594 2029 τὸ
1623 1999 1721 2040 ἀγαθῷ
1751 2000 1797 2029 καὶ
1822 1999 1950 2040 ζωοποίῳ
1978 1998 2110 2037 Πνευμά-

1354 2063 1389 2087 τι,
1407 2064 1430 2081 κ.
1444 2055 1470 2080 λ.

1376 2102 1414 2132 In
1450 2102 1554 2132 fronte
1595 2101 1708 2132 codicis
1747 2101 1876 2131 inseruit
1916 2100 2109 2142 bibliopegus

1354 2154 1550 2184 membranas
1571 2153 1657 2189 duas,
1675 2152 1727 2182 sed
1751 2151 1923 2187 mutilatas,
1941 2151 1972 2182 S.
1989 2151 2011 2181 J
2014 2151 2109 2181 ohan-

1355 2205 1402 2235 nis
1431 2204 1591 2246 Evangelii
1615 2203 1727 2245 capitis
1751 2210 1872 2244 partem
1901 2204 2034 2244 priorem
2057 2213 2108 2233 ex-

1354 2256 1506 2286 hibentes.

1594 2335 1738 2369 XXIV.

1225 2399 1448 2438 Cfflrtaceus,
1470 2399 1505 2432 in
1535 2401 1595 2431 4t0
1622 2398 1756 2436 minori,
1784 2397 1818 2431 ff.
1836 2399 1916 2437 104,
1944 2407 2010 2430 sec.
2026 2396 2106 2429 xvii.

1249 2458 1410 2490 ineuntis.

1269 2519 1297 2548 1.
1316 2517 1440 2559 Ignatii,
1452 2516 1682 2548 hieromonachi
1699 2515 1909 2550 Petritzensis,
1921 2515 2051 2546 historia
2063 2515 2105 2545 fa-

1331 2569 1438 2599 bulosa
1454 2569 1492 2599 dc
1508 2567 1688 2598 Andronico
1704 2570 1736 2597 et
1750 2568 1852 2602 Anna,
1868 2566 2106 2606 eorumdemque

1330 2620 1425 2661 prole,
1451 2620 1481 2650 in
1506 2624 1577 2650 octo
1602 2619 1697 2649 libros
1721 2617 1879 2653 distincta,
1906 2617 2019 2658 preevia
2043 2616 2105 2658 epi-

1330 2672 1410 2702 stola
1433 2672 1473 2702 ad
1497 2670 1730 2712 Chrysanthum
1757 2669 1949 2699 sacerdotem
1970 2674 2002 2699 et
2026 2679 2104 2699 oeco-

1329 2733 1465 2760 nomum,
1490 2722 1628 2753 versibus
1653 2720 1807 2755 111etriois;
1835 2719 2101 2750 Barbara-Grave.

1329 2774 1380 2804 fol.
1402 2784 1425 2804 1.
