<?xml version="1.0" encoding="UTF-8"?>
<!DOCTYPE html PUBLIC "-//W3C//DTD XHTML 1.0 Transitional//EN"
    "http://www.w3.org/TR/xhtml1/DTD/xhtml1-transitional.dtd">
<html xmlns="http://www.w3.org/1999/xhtml" xml:lang="en" lang="en">
 <head>
  <title>
</title>
<meta http-equiv="Content-Type" content="text/html;charset=utf-8" />
  <meta name='ocr-system' content='tesseract 3.04.00' />
  <meta name='ocr-capabilities' content='ocr_page ocr_carea ocr_par ocr_line ocrx_word'/>
</head>
<body>
  <div class='ocr_page' id='page_1' title='image "./cataloguscodicum01coxeuoft_0295.png"; bbox 0 0 2254 3117; ppageno 0'>
   <div class='ocr_carea' id='block_1_1' title="bbox 666 159 1311 198">
    <p class='ocr_par' dir='ltr' id='par_1_1' title="bbox 666 159 1311 198">
     <span class='ocr_line' id='line_1_1' title="bbox 666 159 1311 198; baseline 0.009 -5"><span class='ocrx_word' id='word_1_1' title='bbox 666 159 906 194; x_wconf 90' lang='lat' dir='ltr'>COLLEGII</span> <span class='ocrx_word' id='word_1_2' title='bbox 935 160 1311 198; x_wconf 70' lang='lat' dir='ltr'>MERTONENSIS.</span> 
     </span>
    </p>
   </div>
   <div class='ocr_carea' id='block_1_2' title="bbox 211 255 576 287">
    <p class='ocr_par' dir='ltr' id='par_1_2' title="bbox 211 255 576 287">
     <span class='ocr_line' id='line_1_2' title="bbox 211 255 576 287; baseline 0.003 -1"><span class='ocrx_word' id='word_1_3' title='bbox 211 255 273 287; x_wconf 86' lang='lat' dir='ltr'>Tit.</span> <span class='ocrx_word' id='word_1_4' title='bbox 292 260 310 273; x_wconf 62' lang='lat'>⁴⁸</span> <span class='ocrx_word' id='word_1_5' title='bbox 322 256 371 287; x_wconf 90' lang='lat' dir='ltr'>Dc</span> <span class='ocrx_word' id='word_1_6' title='bbox 386 256 576 287; x_wconf 79' lang='lat' dir='ltr'>voluntate.&#39;&#39;</span> 
     </span>
    </p>
   </div>
   <div class='ocr_carea' id='block_1_3' title="bbox 211 307 947 350">
    <p class='ocr_par' dir='ltr' id='par_1_3' title="bbox 211 307 947 350">
     <span class='ocr_line' id='line_1_3' title="bbox 211 307 947 350; baseline 0 -11"><span class='ocrx_word' id='word_1_7' title='bbox 211 307 328 339; x_wconf 87' lang='lat' dir='ltr'>Exstat</span> <span class='ocrx_word' id='word_1_8' title='bbox 344 308 483 350; x_wconf 87' lang='lat' dir='ltr'>impress.</span> <span class='ocrx_word' id='word_1_9' title='bbox 500 308 582 339; x_wconf 87' lang='lat' dir='ltr'>inter</span> <span class='ocrx_word' id='word_1_10' title='bbox 604 318 708 349; x_wconf 79' lang='lat' dir='ltr'>opera⁷</span> <span class='ocrx_word' id='word_1_11' title='bbox 736 308 782 338; x_wconf 90' lang='lat' dir='ltr'>ed.</span> <span class='ocrx_word' id='word_1_12' title='bbox 802 308 947 350; x_wconf 82' lang='lat' dir='ltr'>Mogunt.</span> 
     </span>
    </p>
   </div>
   <div class='ocr_carea' id='block_1_4' title="bbox 74 360 945 1350">
    <p class='ocr_par' dir='ltr' id='par_1_4' title="bbox 74 360 945 1350">
     <span class='ocr_line' id='line_1_4' title="bbox 191 360 539 402; baseline 0.003 -12"><span class='ocrx_word' id='word_1_13' title='bbox 191 361 281 399; x_wconf 67' lang='lat'>1617,</span> <span class='ocrx_word' id='word_1_14' title='bbox 300 365 376 391; x_wconf 88' lang='lat' dir='ltr'>tom.</span> <span class='ocrx_word' id='word_1_15' title='bbox 389 360 430 391; x_wconf 90' lang='lat' dir='ltr'>iii.</span> <span class='ocrx_word' id='word_1_16' title='bbox 447 371 539 402; x_wconf 82' lang='lat' dir='ltr'><strong>p-41·</strong></span> 
     </span>
     <span class='ocr_line' id='line_1_5' title="bbox 103 414 909 456; baseline 0 -10"><span class='ocrx_word' id='word_1_17' title='bbox 103 415 130 446; x_wconf 82' lang='lat'>7.</span> <span class='ocrx_word' id='word_1_18' title='bbox 148 414 298 456; x_wconf 88' lang='lat' dir='ltr'>Ejusdem</span> <span class='ocrx_word' id='word_1_19' title='bbox 314 415 435 446; x_wconf 87' lang='lat' dir='ltr'>libellus</span> <span class='ocrx_word' id='word_1_20' title='bbox 451 415 489 446; x_wconf 88' lang='lat' dir='ltr'>de</span> <span class='ocrx_word' id='word_1_21' title='bbox 504 414 718 446; x_wconf 77' lang='lat' dir='ltr'><strong>meditatione.</strong></span> <span class='ocrx_word' id='word_1_22' title='bbox 742 414 793 445; x_wconf 81' lang='lat' dir='ltr'>sol.</span> <span class='ocrx_word' id='word_1_23' title='bbox 808 424 866 456; x_wconf 89' lang='lat'>190</span> <span class='ocrx_word' id='word_1_24' title='bbox 880 415 909 446; x_wconf 90' lang='lat' dir='ltr'>b.</span> 
     </span>
     <span class='ocr_line' id='line_1_6' title="bbox 207 466 682 507; baseline -0.002 -11"><span class='ocrx_word' id='word_1_25' title='bbox 207 466 324 498; x_wconf 77' lang='lat' dir='ltr'>Exstat</span> <span class='ocrx_word' id='word_1_26' title='bbox 340 466 413 498; x_wconf 88' lang='lat' dir='ltr'>ibid.</span> <span class='ocrx_word' id='word_1_27' title='bbox 430 470 507 497; x_wconf 90' lang='lat' dir='ltr'>tom.</span> <span class='ocrx_word' id='word_1_28' title='bbox 521 466 550 496; x_wconf 91' lang='lat' dir='ltr'>ii.</span> <span class='ocrx_word' id='word_1_29' title='bbox 568 477 598 507; x_wconf 88' lang='lat' dir='ltr'>p.</span> <span class='ocrx_word' id='word_1_30' title='bbox 614 466 682 507; x_wconf 83' lang='lat'>185.</span> 
     </span>
     <span class='ocr_line' id='line_1_7' title="bbox 98 521 944 564; baseline 0.001 -13"><span class='ocrx_word' id='word_1_31' title='bbox 98 523 127 551; x_wconf 79' lang='lat'>8.</span> <span class='ocrx_word' id='word_1_32' title='bbox 144 521 290 564; x_wconf 86' lang='lat' dir='ltr'>Capitula</span> <span class='ocrx_word' id='word_1_33' title='bbox 305 522 367 553; x_wconf 88' lang='lat' dir='ltr'>alia</span> <span class='ocrx_word' id='word_1_34' title='bbox 389 521 479 563; x_wconf 82' lang='lat' dir='ltr'>plura</span> <span class='ocrx_word' id='word_1_35' title='bbox 494 532 532 552; x_wconf 85' lang='lat' dir='ltr'>ex</span> <span class='ocrx_word' id='word_1_36' title='bbox 548 522 687 563; x_wconf 88' lang='lat' dir='ltr'>ejusdem</span> <span class='ocrx_word' id='word_1_37' title='bbox 700 521 806 552; x_wconf 80' lang='lat' dir='ltr'>forsan</span> <span class='ocrx_word' id='word_1_38' title='bbox 826 521 944 553; x_wconf 82' lang='lat' dir='ltr'>miscel-</span> 
     </span>
     <span class='ocr_line' id='line_1_8' title="bbox 163 573 592 613; baseline -0.002 -9"><span class='ocrx_word' id='word_1_39' title='bbox 163 573 323 605; x_wconf 86' lang='lat' dir='ltr'>laneorum</span> <span class='ocrx_word' id='word_1_40' title='bbox 338 573 433 604; x_wconf 84' lang='lat' dir='ltr'>libris.</span> <span class='ocrx_word' id='word_1_41' title='bbox 457 573 506 604; x_wconf 89' lang='lat' dir='ltr'>fol.</span> <span class='ocrx_word' id='word_1_42' title='bbox 525 583 592 613; x_wconf 91' lang='lat'>191.</span> 
     </span>
     <span class='ocr_line' id='line_1_9' title="bbox 206 624 945 667; baseline -0.001 -11"><span class='ocrx_word' id='word_1_43' title='bbox 206 625 303 667; x_wconf 85' lang='lat' dir='ltr'>Incip.</span> <span class='ocrx_word' id='word_1_44' title='bbox 321 625 340 656; x_wconf 91' lang='lat' dir='ltr'>i.</span> <span class='ocrx_word' id='word_1_45' title='bbox 365 625 445 655; x_wconf 80' lang='lat' dir='ltr'>“De</span> <span class='ocrx_word' id='word_1_46' title='bbox 468 624 743 666; x_wconf 79' lang='lat' dir='ltr'>contemplatione.</span> <span class='ocrx_word' id='word_1_47' title='bbox 789 625 945 664; x_wconf 81' lang='lat' dir='ltr'>Quamdiu</span> 
     </span>
     <span class='ocr_line' id='line_1_10' title="bbox 183 675 930 718; baseline 0.003 -12"><span class='ocrx_word' id='word_1_48' title='bbox 183 676 289 707; x_wconf 88' lang='lat' dir='ltr'>anima</span> <span class='ocrx_word' id='word_1_49' title='bbox 303 687 359 718; x_wconf 87' lang='lat' dir='ltr'>per</span> <span class='ocrx_word' id='word_1_50' title='bbox 371 675 667 717; x_wconf 87' lang='lat' dir='ltr'>contemplationem</span> <span class='ocrx_word' id='word_1_51' title='bbox 682 676 750 707; x_wconf 88' lang='lat' dir='ltr'>Deo</span> <span class='ocrx_word' id='word_1_52' title='bbox 766 677 930 708; x_wconf 87' lang='lat' dir='ltr'>adheret.”</span> 
     </span>
     <span class='ocr_line' id='line_1_11' title="bbox 204 727 944 769; baseline 0.001 -11"><span class='ocrx_word' id='word_1_53' title='bbox 204 728 385 769; x_wconf 83' lang='lat' dir='ltr'>Sequuntur</span> <span class='ocrx_word' id='word_1_54' title='bbox 415 727 561 768; x_wconf 85' lang='lat' dir='ltr'>capitula,</span> <span class='ocrx_word' id='word_1_55' title='bbox 591 732 609 744; x_wconf 78' lang='grc'>“</span> <span class='ocrx_word' id='word_1_56' title='bbox 632 727 681 759; x_wconf 87' lang='lat' dir='ltr'>De</span> <span class='ocrx_word' id='word_1_57' title='bbox 711 728 772 758; x_wconf 86' lang='lat' dir='ltr'>fine</span> <span class='ocrx_word' id='word_1_58' title='bbox 800 728 882 759; x_wconf 87' lang='lat' dir='ltr'>bono</span> <span class='ocrx_word' id='word_1_59' title='bbox 912 733 944 759; x_wconf 88' lang='lat' dir='ltr'>et</span> 
     </span>
     <span class='ocr_line' id='line_1_12' title="bbox 181 778 942 820; baseline 0.001 -11"><span class='ocrx_word' id='word_1_60' title='bbox 181 779 274 816; x_wconf 85' lang='lat' dir='ltr'>malo,</span> <span class='ocrx_word' id='word_1_61' title='bbox 295 779 343 809; x_wconf 89' lang='lat' dir='ltr'>De</span> <span class='ocrx_word' id='word_1_62' title='bbox 359 778 572 820; x_wconf 84' lang='lat' dir='ltr'>spiritualibus</span> <span class='ocrx_word' id='word_1_63' title='bbox 588 779 730 817; x_wconf 85' lang='lat' dir='ltr'>inimicis,</span> <span class='ocrx_word' id='word_1_64' title='bbox 755 779 803 810; x_wconf 87' lang='lat' dir='ltr'>De</span> <span class='ocrx_word' id='word_1_65' title='bbox 820 780 942 817; x_wconf 85' lang='lat' dir='ltr'>timore,</span> 
     </span>
     <span class='ocr_line' id='line_1_13' title="bbox 181 829 849 868; baseline 0.004 -8"><span class='ocrx_word' id='word_1_66' title='bbox 181 829 230 861; x_wconf 94' lang='lat' dir='ltr'>De</span> <span class='ocrx_word' id='word_1_67' title='bbox 246 829 458 861; x_wconf 82' lang='lat' dir='ltr'>misericordia</span> <span class='ocrx_word' id='word_1_68' title='bbox 472 834 505 861; x_wconf 89' lang='lat' dir='ltr'>et</span> <span class='ocrx_word' id='word_1_69' title='bbox 520 830 653 862; x_wconf 86' lang='lat' dir='ltr'>veritate</span> <span class='ocrx_word' id='word_1_70' title='bbox 669 831 728 862; x_wconf 88' lang='lat' dir='ltr'>Dei</span> <span class='ocrx_word' id='word_1_71' title='bbox 740 832 767 868; x_wconf 61' lang='lat'>3⁵⁵</span> <span class='ocrx_word' id='word_1_72' title='bbox 789 836 849 863; x_wconf 88' lang='lat' dir='ltr'>etc.</span> 
     </span>
     <span class='ocr_line' id='line_1_14' title="bbox 96 884 943 928; baseline 0.005 -13"><span class='ocrx_word' id='word_1_73' title='bbox 96 886 125 918; x_wconf 86' lang='lat'>9.</span> <span class='ocrx_word' id='word_1_74' title='bbox 142 884 292 926; x_wconf 88' lang='lat' dir='ltr'>Ejusdem</span> <span class='ocrx_word' id='word_1_75' title='bbox 307 884 440 926; x_wconf 85' lang='lat' dir='ltr'>epistola</span> <span class='ocrx_word' id='word_1_76' title='bbox 453 885 493 916; x_wconf 86' lang='lat' dir='ltr'>ad</span> <span class='ocrx_word' id='word_1_77' title='bbox 505 885 528 915; x_wconf 85' lang='lat' dir='ltr'><strong>J</strong></span> <span class='ocrx_word' id='word_1_78' title='bbox 531 885 684 917; x_wconf 86' lang='lat' dir='ltr'>ohannem</span> <span class='ocrx_word' id='word_1_79' title='bbox 698 887 855 928; x_wconf 89' lang='lat' dir='ltr'>quondam</span> <span class='ocrx_word' id='word_1_80' title='bbox 868 888 943 919; x_wconf 90' lang='lat' dir='ltr'>His-</span> 
     </span>
     <span class='ocr_line' id='line_1_15' title="bbox 159 936 694 978; baseline 0.004 -12"><span class='ocrx_word' id='word_1_81' title='bbox 159 946 327 977; x_wconf 88' lang='lat' dir='ltr'>panensem</span> <span class='ocrx_word' id='word_1_82' title='bbox 343 936 532 978; x_wconf 85' lang='lat' dir='ltr'>episcopum.</span> <span class='ocrx_word' id='word_1_83' title='bbox 557 937 609 968; x_wconf 86' lang='lat' dir='ltr'>fol.</span> <span class='ocrx_word' id='word_1_84' title='bbox 624 947 694 969; x_wconf 80' lang='lat'>202.</span> 
     </span>
     <span class='ocr_line' id='line_1_16' title="bbox 204 987 941 1032; baseline 0.005 -14"><span class='ocrx_word' id='word_1_85' title='bbox 204 987 303 1029; x_wconf 91' lang='lat' dir='ltr'>Incip.</span> <span class='ocrx_word' id='word_1_86' title='bbox 328 993 346 1005; x_wconf 61' lang='lat'>‘⁵</span> <span class='ocrx_word' id='word_1_87' title='bbox 360 988 453 1028; x_wconf 77' lang='lat' dir='ltr'>Quid,</span> <span class='ocrx_word' id='word_1_88' title='bbox 475 989 575 1020; x_wconf 81' lang='lat' dir='ltr'>frater</span> <span class='ocrx_word' id='word_1_89' title='bbox 602 989 775 1027; x_wconf 82' lang='lat' dir='ltr'>karissime,</span> <span class='ocrx_word' id='word_1_90' title='bbox 802 991 874 1032; x_wconf 87' lang='lat' dir='ltr'>quid</span> <span class='ocrx_word' id='word_1_91' title='bbox 897 992 941 1022; x_wconf 91' lang='lat' dir='ltr'>di-</span> 
     </span>
     <span class='ocr_line' id='line_1_17' title="bbox 180 1039 353 1070; baseline 0 0"><span class='ocrx_word' id='word_1_92' title='bbox 180 1049 248 1070; x_wconf 89' lang='lat' dir='ltr'>cam</span> <span class='ocrx_word' id='word_1_93' title='bbox 265 1039 353 1070; x_wconf 73' lang='lat' dir='ltr'>tibi.”</span> 
     </span>
     <span class='ocr_line' id='line_1_18' title="bbox 76 1095 941 1140; baseline 0.008 -15"><span class='ocrx_word' id='word_1_94' title='bbox 76 1097 123 1126; x_wconf 87' lang='lat'>10.</span> <span class='ocrx_word' id='word_1_95' title='bbox 149 1095 299 1136; x_wconf 89' lang='lat' dir='ltr'>Ejusdem</span> <span class='ocrx_word' id='word_1_96' title='bbox 315 1096 453 1138; x_wconf 86' lang='lat' dir='ltr'>capitula</span> <span class='ocrx_word' id='word_1_97' title='bbox 467 1097 539 1135; x_wconf 86' lang='lat' dir='ltr'>alia,</span> <span class='ocrx_word' id='word_1_98' title='bbox 553 1098 601 1129; x_wconf 88' lang='lat' dir='ltr'>De</span> <span class='ocrx_word' id='word_1_99' title='bbox 616 1103 776 1140; x_wconf 81' lang='lat' dir='ltr'>potestate</span> <span class='ocrx_word' id='word_1_100' title='bbox 792 1104 824 1131; x_wconf 91' lang='lat' dir='ltr'>et</span> <span class='ocrx_word' id='word_1_101' title='bbox 836 1101 941 1132; x_wconf 84' lang='lat' dir='ltr'>volun-</span> 
     </span>
     <span class='ocr_line' id='line_1_19' title="bbox 159 1147 583 1184; baseline 0.007 -6"><span class='ocrx_word' id='word_1_102' title='bbox 159 1150 226 1178; x_wconf 89' lang='lat' dir='ltr'>tate</span> <span class='ocrx_word' id='word_1_103' title='bbox 243 1147 311 1184; x_wconf 74' lang='lat' dir='ltr'>Dei,</span> <span class='ocrx_word' id='word_1_104' title='bbox 328 1152 388 1179; x_wconf 86' lang='lat' dir='ltr'>ete.</span> <span class='ocrx_word' id='word_1_105' title='bbox 412 1148 464 1180; x_wconf 89' lang='lat' dir='ltr'>fol.</span> <span class='ocrx_word' id='word_1_106' title='bbox 481 1159 540 1180; x_wconf 78' lang='lat'>202</span> <span class='ocrx_word' id='word_1_107' title='bbox 554 1150 583 1181; x_wconf 88' lang='lat' dir='ltr'>b.</span> 
     </span>
     <span class='ocr_line' id='line_1_20' title="bbox 203 1198 940 1241; baseline 0.008 -14"><span class='ocrx_word' id='word_1_108' title='bbox 203 1198 301 1238; x_wconf 86' lang='lat' dir='ltr'>Incip.</span> <span class='ocrx_word' id='word_1_109' title='bbox 321 1202 338 1215; x_wconf 71' lang='lat'>⁵⁴</span> <span class='ocrx_word' id='word_1_110' title='bbox 351 1199 501 1238; x_wconf 82' lang='lat' dir='ltr'>Queritur</span> <span class='ocrx_word' id='word_1_111' title='bbox 516 1200 554 1231; x_wconf 90' lang='lat' dir='ltr'>de</span> <span class='ocrx_word' id='word_1_112' title='bbox 571 1205 728 1241; x_wconf 79' lang='lat' dir='ltr'>potestate</span> <span class='ocrx_word' id='word_1_113' title='bbox 744 1201 814 1237; x_wconf 78' lang='lat' dir='ltr'>Dei,</span> <span class='ocrx_word' id='word_1_114' title='bbox 833 1202 857 1232; x_wconf 90' lang='lat' dir='ltr'>si</span> <span class='ocrx_word' id='word_1_115' title='bbox 877 1213 940 1233; x_wconf 81' lang='lat' dir='ltr'>ina-</span> 
     </span>
     <span class='ocr_line' id='line_1_21' title="bbox 175 1249 318 1289; baseline 0.007 -10"><span class='ocrx_word' id='word_1_116' title='bbox 175 1249 227 1289; x_wconf 89' lang='lat' dir='ltr'>jor</span> <span class='ocrx_word' id='word_1_117' title='bbox 242 1249 318 1280; x_wconf 72' lang='lat' dir='ltr'>est.”</span> 
     </span>
     <span class='ocr_line' id='line_1_22' title="bbox 74 1305 919 1350; baseline 0.006 -15"><span class='ocrx_word' id='word_1_118' title='bbox 74 1305 122 1336; x_wconf 93' lang='lat'>11.</span> <span class='ocrx_word' id='word_1_119' title='bbox 140 1305 312 1337; x_wconf 70' lang='lat' dir='ltr'>Sententiae</span> <span class='ocrx_word' id='word_1_120' title='bbox 329 1317 367 1337; x_wconf 86' lang='lat' dir='ltr'>ex</span> <span class='ocrx_word' id='word_1_121' title='bbox 384 1307 572 1349; x_wconf 80' lang='lat' dir='ltr'>Augustino,</span> <span class='ocrx_word' id='word_1_122' title='bbox 590 1308 729 1350; x_wconf 84' lang='lat' dir='ltr'>aliisque.</span> <span class='ocrx_word' id='word_1_123' title='bbox 753 1309 805 1340; x_wconf 88' lang='lat' dir='ltr'>fol.</span> <span class='ocrx_word' id='word_1_124' title='bbox 817 1310 876 1340; x_wconf 78' lang='lat'>208</span> <span class='ocrx_word' id='word_1_125' title='bbox 890 1310 919 1340; x_wconf 90' lang='lat' dir='ltr'>b.</span> 
     </span>
    </p>
   </div>
   <div class='ocr_carea' id='block_1_5' title="bbox 175 1357 645 1441">
    <p class='ocr_par' dir='ltr' id='par_1_5' title="bbox 175 1357 645 1441">
     <span class='ocr_line' id='line_1_23' title="bbox 199 1357 645 1399; baseline 0.009 -12"><span class='ocrx_word' id='word_1_126' title='bbox 199 1357 297 1399; x_wconf 84' lang='lat' dir='ltr'>Incip.</span> <span class='ocrx_word' id='word_1_127' title='bbox 314 1358 333 1389; x_wconf 90' lang='lat' dir='ltr'>i.</span> <span class='ocrx_word' id='word_1_128' title='bbox 352 1363 369 1375; x_wconf 78' lang='grc'>“</span> <span class='ocrx_word' id='word_1_129' title='bbox 382 1358 501 1390; x_wconf 82' lang='lat' dir='ltr'>Beatus</span> <span class='ocrx_word' id='word_1_130' title='bbox 518 1360 573 1397; x_wconf 79' lang='lat' dir='ltr'>vir,</span> <span class='ocrx_word' id='word_1_131' title='bbox 587 1364 645 1391; x_wconf 87' lang='lat' dir='ltr'>etc.</span> 
     </span>
     <span class='ocr_line' id='line_1_24' title="bbox 175 1408 555 1441; baseline 0.011 -4"><span class='ocrx_word' id='word_1_132' title='bbox 175 1408 300 1438; x_wconf 86' lang='lat' dir='ltr'>ereendi</span> <span class='ocrx_word' id='word_1_133' title='bbox 316 1408 555 1441; x_wconf 71' lang='lat' dir='ltr'>humilitate1n.&#39;⁷</span> 
     </span>
    </p>
   </div>
   <div class='ocr_carea' id='block_1_6' title="bbox 692 1360 940 1393">
    <p class='ocr_par' dir='ltr' id='par_1_6' title="bbox 692 1360 940 1393">
     <span class='ocr_line' id='line_1_25' title="bbox 692 1360 940 1393; baseline 0.008 -2"><span class='ocrx_word' id='word_1_134' title='bbox 692 1360 772 1392; x_wconf 87' lang='lat' dir='ltr'>Sunt</span> <span class='ocrx_word' id='word_1_135' title='bbox 788 1362 871 1392; x_wconf 89' lang='lat' dir='ltr'>modi</span> <span class='ocrx_word' id='word_1_136' title='bbox 888 1373 940 1393; x_wconf 83' lang='lat' dir='ltr'>ex-</span> 
     </span>
    </p>
   </div>
   <div class='ocr_carea' id='block_1_7' title="bbox 72 1462 938 2027">
    <p class='ocr_par' dir='ltr' id='par_1_7' title="bbox 72 1462 825 1510">
     <span class='ocr_line' id='line_1_26' title="bbox 72 1462 825 1510; baseline 0.008 -17"><span class='ocrx_word' id='word_1_137' title='bbox 72 1464 121 1494; x_wconf 71' lang='grc'>12.</span> <span class='ocrx_word' id='word_1_138' title='bbox 139 1462 304 1495; x_wconf 89' lang='lat' dir='ltr'>Sermones</span> <span class='ocrx_word' id='word_1_139' title='bbox 319 1464 426 1496; x_wconf 87' lang='lat' dir='ltr'>decem</span> <span class='ocrx_word' id='word_1_140' title='bbox 442 1466 480 1496; x_wconf 90' lang='lat' dir='ltr'>de</span> <span class='ocrx_word' id='word_1_141' title='bbox 496 1466 636 1498; x_wconf 87' lang='lat' dir='ltr'>diversis.</span> <span class='ocrx_word' id='word_1_142' title='bbox 660 1467 712 1499; x_wconf 89' lang='lat' dir='ltr'>fol.</span> <span class='ocrx_word' id='word_1_143' title='bbox 726 1469 825 1510; x_wconf 80' lang='lat'>2131).</span> 
     </span>
    </p>

    <p class='ocr_par' dir='ltr' id='par_1_8' title="bbox 176 1513 938 1660">
     <span class='ocr_line' id='line_1_27' title="bbox 199 1513 938 1559; baseline 0.011 -16"><span class='ocrx_word' id='word_1_144' title='bbox 199 1513 298 1555; x_wconf 87' lang='lat' dir='ltr'>Incip.</span> <span class='ocrx_word' id='word_1_145' title='bbox 324 1514 343 1545; x_wconf 87' lang='lat' dir='ltr'>i.</span> <span class='ocrx_word' id='word_1_146' title='bbox 366 1514 399 1545; x_wconf 89' lang='lat' dir='ltr'>in</span> <span class='ocrx_word' id='word_1_147' title='bbox 425 1515 522 1553; x_wconf 83' lang='lat' dir='ltr'>istud,</span> <span class='ocrx_word' id='word_1_148' title='bbox 550 1521 558 1535; x_wconf 76' lang='lat'><strong>⁶</strong></span> <span class='ocrx_word' id='word_1_149' title='bbox 574 1517 862 1559; x_wconf 86' lang='lat' dir='ltr'>Apprehenderunt</span> <span class='ocrx_word' id='word_1_150' title='bbox 889 1521 938 1552; x_wconf 74' lang='lat' dir='ltr'>vii,</span> 
     </span>
     <span class='ocr_line' id='line_1_28' title="bbox 177 1565 938 1603; baseline 0.013 -9"><span class='ocrx_word' id='word_1_151' title='bbox 177 1565 344 1603; x_wconf 81' lang='lat' dir='ltr'>mulieres,&#39;</span> <span class='ocrx_word' id='word_1_152' title='bbox 359 1574 419 1598; x_wconf 88' lang='lat' dir='ltr'>etc.</span> <span class='ocrx_word' id='word_1_153' title='bbox 460 1572 477 1585; x_wconf 49' lang='lat'>⁴4</span> <span class='ocrx_word' id='word_1_154' title='bbox 490 1569 543 1599; x_wconf 83' lang='lat' dir='ltr'>Ad</span> <span class='ocrx_word' id='word_1_155' title='bbox 559 1569 699 1601; x_wconf 79' lang='lat' dir='ltr'>litteram</span> <span class='ocrx_word' id='word_1_156' title='bbox 715 1571 938 1603; x_wconf 81' lang='lat' dir='ltr'>desolationem</span> 
     </span>
     <span class='ocr_line' id='line_1_29' title="bbox 176 1617 479 1660; baseline 0.01 -12"><span class='ocrx_word' id='word_1_157' title='bbox 176 1617 198 1647; x_wconf 85' lang='lat' dir='ltr'><strong>J</strong></span> <span class='ocrx_word' id='word_1_158' title='bbox 200 1618 278 1648; x_wconf 88' lang='lat' dir='ltr'>udee</span> <span class='ocrx_word' id='word_1_159' title='bbox 293 1619 479 1660; x_wconf 75' lang='lat' dir='ltr'>p1·oplieta.”</span> 
     </span>
    </p>

    <p class='ocr_par' dir='ltr' id='par_1_9' title="bbox 172 1669 938 2027">
     <span class='ocr_line' id='line_1_30' title="bbox 197 1669 938 1718; baseline 0.011 -18"><span class='ocrx_word' id='word_1_160' title='bbox 197 1669 237 1700; x_wconf 93' lang='lat' dir='ltr'>In</span> <span class='ocrx_word' id='word_1_161' title='bbox 259 1670 362 1702; x_wconf 89' lang='lat' dir='ltr'>fronte</span> <span class='ocrx_word' id='word_1_162' title='bbox 385 1672 510 1708; x_wconf 85' lang='lat' dir='ltr'>codicis,</span> <span class='ocrx_word' id='word_1_163' title='bbox 527 1680 545 1689; x_wconf 69' lang='lat'>⁴⁶</span> <span class='ocrx_word' id='word_1_164' title='bbox 559 1672 654 1704; x_wconf 89' lang='lat' dir='ltr'>Liber</span> <span class='ocrx_word' id='word_1_165' title='bbox 674 1675 801 1706; x_wconf 86' lang='lat' dir='ltr'>scolaris</span> <span class='ocrx_word' id='word_1_166' title='bbox 825 1676 863 1707; x_wconf 90' lang='lat' dir='ltr'>de</span> <span class='ocrx_word' id='word_1_167' title='bbox 887 1688 938 1718; x_wconf 78' lang='lat' dir='ltr'>ge-</span> 
     </span>
     <span class='ocr_line' id='line_1_31' title="bbox 175 1724 936 1768; baseline 0.012 -17"><span class='ocrx_word' id='word_1_168' title='bbox 175 1732 249 1752; x_wconf 84' lang='lat' dir='ltr'>nere</span> <span class='ocrx_word' id='word_1_169' title='bbox 264 1733 332 1753; x_wconf 91' lang='lat' dir='ltr'>ven.</span> <span class='ocrx_word' id='word_1_170' title='bbox 349 1724 448 1764; x_wconf 87' lang='lat' dir='ltr'>patris</span> <span class='ocrx_word' id='word_1_171' title='bbox 470 1724 509 1755; x_wconf 88' lang='lat' dir='ltr'>D.</span> <span class='ocrx_word' id='word_1_172' title='bbox 526 1724 614 1755; x_wconf 87' lang='lat' dir='ltr'>Will.</span> <span class='ocrx_word' id='word_1_173' title='bbox 632 1726 730 1764; x_wconf 85' lang='lat' dir='ltr'>Reed,</span> <span class='ocrx_word' id='word_1_174' title='bbox 746 1738 794 1768; x_wconf 89' lang='lat' dir='ltr'>ep.</span> <span class='ocrx_word' id='word_1_175' title='bbox 807 1728 936 1759; x_wconf 82' lang='lat' dir='ltr'>Cicestr.</span> 
     </span>
     <span class='ocr_line' id='line_1_32' title="bbox 175 1774 935 1810; baseline 0.008 -6"><span class='ocrx_word' id='word_1_176' title='bbox 175 1774 296 1805; x_wconf 78' lang='lat' dir='ltr'>Oxonie</span> <span class='ocrx_word' id='word_1_177' title='bbox 319 1775 490 1806; x_wconf 86' lang='lat' dir='ltr'>successive</span> <span class='ocrx_word' id='word_1_178' title='bbox 515 1777 671 1808; x_wconf 83' lang='lat' dir='ltr'>studentis</span> <span class='ocrx_word' id='word_1_179' title='bbox 696 1789 734 1809; x_wconf 90' lang='lat' dir='ltr'>ex</span> <span class='ocrx_word' id='word_1_180' title='bbox 761 1779 844 1810; x_wconf 91' lang='lat' dir='ltr'>dono</span> <span class='ocrx_word' id='word_1_181' title='bbox 868 1791 935 1810; x_wconf 85' lang='lat' dir='ltr'>ven.</span> 
     </span>
     <span class='ocr_line' id='line_1_33' title="bbox 172 1826 936 1868; baseline 0.008 -12"><span class='ocrx_word' id='word_1_182' title='bbox 172 1826 274 1866; x_wconf 88' lang='lat' dir='ltr'>patris</span> <span class='ocrx_word' id='word_1_183' title='bbox 295 1837 351 1868; x_wconf 88' lang='lat' dir='ltr'>per</span> <span class='ocrx_word' id='word_1_184' title='bbox 372 1827 534 1858; x_wconf 87' lang='lat' dir='ltr'>custodem</span> <span class='ocrx_word' id='word_1_185' title='bbox 550 1832 583 1859; x_wconf 88' lang='lat' dir='ltr'>et</span> <span class='ocrx_word' id='word_1_186' title='bbox 601 1833 756 1860; x_wconf 87' lang='lat' dir='ltr'>rectorem</span> <span class='ocrx_word' id='word_1_187' title='bbox 773 1830 936 1862; x_wconf 87' lang='lat' dir='ltr'>domorum</span> 
     </span>
     <span class='ocr_line' id='line_1_34' title="bbox 174 1878 937 1924; baseline 0.007 -16"><span class='ocrx_word' id='word_1_188' title='bbox 174 1878 212 1908; x_wconf 87' lang='lat' dir='ltr'>de</span> <span class='ocrx_word' id='word_1_189' title='bbox 238 1878 366 1909; x_wconf 87' lang='lat' dir='ltr'>Merton</span> <span class='ocrx_word' id='word_1_190' title='bbox 389 1883 421 1910; x_wconf 89' lang='lat' dir='ltr'>et</span> <span class='ocrx_word' id='word_1_191' title='bbox 446 1879 611 1921; x_wconf 85' lang='lat' dir='ltr'>Stapleton</span> <span class='ocrx_word' id='word_1_192' title='bbox 636 1881 668 1911; x_wconf 91' lang='lat' dir='ltr'>in</span> <span class='ocrx_word' id='word_1_193' title='bbox 692 1881 794 1912; x_wconf 90' lang='lat' dir='ltr'>Oxon.</span> <span class='ocrx_word' id='word_1_194' title='bbox 811 1882 858 1913; x_wconf 88' lang='lat' dir='ltr'>vel</span> <span class='ocrx_word' id='word_1_195' title='bbox 882 1894 937 1924; x_wconf 84' lang='lat' dir='ltr'>per</span> 
     </span>
     <span class='ocr_line' id='line_1_35' title="bbox 175 1930 936 1975; baseline 0.008 -15"><span class='ocrx_word' id='word_1_196' title='bbox 175 1941 282 1960; x_wconf 83' lang='lat' dir='ltr'>earum</span> <span class='ocrx_word' id='word_1_197' title='bbox 319 1930 462 1962; x_wconf 85' lang='lat' dir='ltr'>librarios</span> <span class='ocrx_word' id='word_1_198' title='bbox 496 1932 613 1963; x_wconf 87' lang='lat' dir='ltr'>eisdem</span> <span class='ocrx_word' id='word_1_199' title='bbox 643 1933 814 1964; x_wconf 85' lang='lat' dir='ltr'>scolaribus</span> <span class='ocrx_word' id='word_1_200' title='bbox 842 1934 936 1975; x_wconf 86' lang='lat' dir='ltr'>juxta</span> 
     </span>
     <span class='ocr_line' id='line_1_36' title="bbox 174 1980 935 2027; baseline 0.008 -16"><span class='ocrx_word' id='word_1_201' title='bbox 174 1980 341 2012; x_wconf 81' lang='lat' dir='ltr'>facultates</span> <span class='ocrx_word' id='word_1_202' title='bbox 363 1986 395 2014; x_wconf 86' lang='lat' dir='ltr'>et</span> <span class='ocrx_word' id='word_1_203' title='bbox 418 1983 534 2014; x_wconf 84' lang='lat' dir='ltr'>merita</span> <span class='ocrx_word' id='word_1_204' title='bbox 559 1984 697 2025; x_wconf 89' lang='lat' dir='ltr'>ipsorum</span> <span class='ocrx_word' id='word_1_205' title='bbox 718 1985 867 2027; x_wconf 83' lang='lat' dir='ltr'>cujusque</span> <span class='ocrx_word' id='word_1_206' title='bbox 895 1987 935 2017; x_wconf 84' lang='lat' dir='ltr'>ad</span> 
     </span>
    </p>
   </div>
   <div class='ocr_carea' id='block_1_8' title="bbox 174 2032 935 2113">
    <p class='ocr_par' dir='ltr' id='par_1_10' title="bbox 174 2032 935 2113">
     <span class='ocr_line' id='line_1_37' title="bbox 174 2032 935 2075; baseline 0.007 -14"><span class='ocrx_word' id='word_1_207' title='bbox 174 2035 298 2072; x_wconf 88' lang='lat' dir='ltr'>tempus</span> <span class='ocrx_word' id='word_1_208' title='bbox 320 2032 377 2062; x_wconf 89' lang='lat' dir='ltr'>sub</span> <span class='ocrx_word' id='word_1_209' title='bbox 402 2033 548 2064; x_wconf 90' lang='lat' dir='ltr'>concione</span> <span class='ocrx_word' id='word_1_210' title='bbox 567 2034 723 2075; x_wconf 85' lang='lat' dir='ltr'>juratoria</span> <span class='ocrx_word' id='word_1_211' title='bbox 747 2035 876 2075; x_wconf 88' lang='lat' dir='ltr'>proinde</span> <span class='ocrx_word' id='word_1_212' title='bbox 901 2036 935 2066; x_wconf 90' lang='lat' dir='ltr'>li-</span> 
     </span>
     <span class='ocr_line' id='line_1_38' title="bbox 174 2081 362 2113; baseline 0.005 -2"><span class='ocrx_word' id='word_1_213' title='bbox 174 2081 362 2113; x_wconf 83' lang='lat' dir='ltr'>beraudus.’&#39;</span> 
     </span>
    </p>
   </div>
   <div class='ocr_carea' id='block_1_9' title="bbox 389 2193 594 2228">
    <p class='ocr_par' dir='ltr' id='par_1_11' title="bbox 389 2193 594 2228">
     <span class='ocr_line' id='line_1_39' title="bbox 389 2193 594 2228; baseline -0.005 0"><span class='ocrx_word' id='word_1_214' title='bbox 389 2193 594 2228; x_wconf 89' lang='lat' dir='ltr'><strong>CCXLIII.</strong></span> 
     </span>
    </p>
   </div>
   <div class='ocr_carea' id='block_1_10' title="bbox 48 2255 932 2354">
    <p class='ocr_par' dir='ltr' id='par_1_12' title="bbox 48 2255 932 2354">
     <span class='ocr_line' id='line_1_40' title="bbox 48 2255 932 2298; baseline 0.007 -10"><span class='ocrx_word' id='word_1_215' title='bbox 48 2255 167 2289; x_wconf 85' lang='lat' dir='ltr'>Codex</span> <span class='ocrx_word' id='word_1_216' title='bbox 201 2256 496 2297; x_wconf 85' lang='lat' dir='ltr'>membranaceus,</span> <span class='ocrx_word' id='word_1_217' title='bbox 528 2258 563 2290; x_wconf 92' lang='lat' dir='ltr'>in</span> <span class='ocrx_word' id='word_1_218' title='bbox 598 2261 670 2298; x_wconf 67' lang='lat'><em>4120,</em></span> <span class='ocrx_word' id='word_1_219' title='bbox 699 2257 732 2291; x_wconf 86' lang='lat' dir='ltr'>ff.</span> <span class='ocrx_word' id='word_1_220' title='bbox 754 2261 835 2298; x_wconf 87' lang='lat'>118,</span> <span class='ocrx_word' id='word_1_221' title='bbox 866 2271 932 2294; x_wconf 85' lang='lat' dir='ltr'>sec.</span> 
     </span>
     <span class='ocr_line' id='line_1_41' title="bbox 71 2314 816 2354; baseline 0.004 -8"><span class='ocrx_word' id='word_1_222' title='bbox 71 2314 139 2346; x_wconf 84' lang='lat' dir='ltr'>xiv.</span> <span class='ocrx_word' id='word_1_223' title='bbox 159 2315 329 2354; x_wconf 87' lang='lat' dir='ltr'>exeuntis,</span> <span class='ocrx_word' id='word_1_224' title='bbox 348 2315 438 2349; x_wconf 91' lang='lat' dir='ltr'>binis</span> <span class='ocrx_word' id='word_1_225' title='bbox 456 2315 626 2349; x_wconf 81' lang='lat' dir='ltr'>columnis</span> <span class='ocrx_word' id='word_1_226' title='bbox 644 2320 816 2350; x_wconf 84' lang='lat' dir='ltr'>exaratus.</span> 
     </span>
    </p>
   </div>
   <div class='ocr_carea' id='block_1_11' title="bbox 90 2381 932 2476">
    <p class='ocr_par' dir='ltr' id='par_1_13' title="bbox 90 2381 932 2476">
     <span class='ocr_line' id='line_1_42' title="bbox 90 2381 932 2420; baseline 0.008 -10"><span class='ocrx_word' id='word_1_227' title='bbox 90 2381 116 2410; x_wconf 93' lang='lat'>1.</span> <span class='ocrx_word' id='word_1_228' title='bbox 135 2381 256 2414; x_wconf 85' lang='lat' dir='ltr'>Tabula</span> <span class='ocrx_word' id='word_1_229' title='bbox 271 2382 438 2413; x_wconf 86' lang='lat' dir='ltr'>bibliorum</span> <span class='ocrx_word' id='word_1_230' title='bbox 453 2394 624 2420; x_wconf 83' lang='lat' dir='ltr'>sacrorum,</span> <span class='ocrx_word' id='word_1_231' title='bbox 641 2383 704 2414; x_wconf 90' lang='lat' dir='ltr'>sive</span> <span class='ocrx_word' id='word_1_232' title='bbox 719 2388 869 2416; x_wconf 88' lang='lat' dir='ltr'>contenta</span> <span class='ocrx_word' id='word_1_233' title='bbox 884 2396 932 2417; x_wconf 91' lang='lat' dir='ltr'>ca-</span> 
     </span>
     <span class='ocr_line' id='line_1_43' title="bbox 151 2433 699 2476; baseline 0.002 -13"><span class='ocrx_word' id='word_1_234' title='bbox 151 2433 321 2474; x_wconf 87' lang='lat' dir='ltr'>pitulorum</span> <span class='ocrx_word' id='word_1_235' title='bbox 337 2434 485 2476; x_wconf 86' lang='lat' dir='ltr'>cujusque</span> <span class='ocrx_word' id='word_1_236' title='bbox 501 2434 581 2465; x_wconf 89' lang='lat' dir='ltr'>libri.</span> <span class='ocrx_word' id='word_1_237' title='bbox 605 2434 655 2465; x_wconf 84' lang='lat' dir='ltr'>fol.</span> <span class='ocrx_word' id='word_1_238' title='bbox 674 2445 699 2465; x_wconf 91' lang='lat'>1.</span> 
     </span>
    </p>
   </div>
   <div class='ocr_carea' id='block_1_12' title="bbox 195 2484 960 2531">
    <p class='ocr_par' dir='ltr' id='par_1_14' title="bbox 195 2484 960 2531">
     <span class='ocr_line' id='line_1_44' title="bbox 195 2484 960 2531; baseline 0.005 -16"><span class='ocrx_word' id='word_1_239' title='bbox 195 2484 295 2526; x_wconf 89' lang='lat' dir='ltr'>Incip.</span> <span class='ocrx_word' id='word_1_240' title='bbox 313 2489 331 2502; x_wconf 68' lang='lat'>⁴⁴</span> <span class='ocrx_word' id='word_1_241' title='bbox 345 2486 384 2516; x_wconf 92' lang='lat' dir='ltr'>In</span> <span class='ocrx_word' id='word_1_242' title='bbox 400 2485 552 2527; x_wconf 90' lang='lat' dir='ltr'>principio</span> <span class='ocrx_word' id='word_1_243' title='bbox 564 2486 701 2522; x_wconf 84' lang='lat' dir='ltr'>creavit;</span> <span class='ocrx_word' id='word_1_244' title='bbox 727 2485 776 2517; x_wconf 90' lang='lat' dir='ltr'>De</span> <span class='ocrx_word' id='word_1_245' title='bbox 788 2488 932 2528; x_wconf 86' lang='lat' dir='ltr'>operibus</span> <span class='ocrx_word' id='word_1_246' title='bbox 959 2523 960 2531; x_wconf 14' lang='grc' dir='ltr'>ἵ</span> 
     </span>
    </p>
   </div>
   <div class='ocr_carea' id='block_1_13' title="bbox 89 2535 929 2839">
    <p class='ocr_par' dir='ltr' id='par_1_15' title="bbox 172 2535 795 2628">
     <span class='ocr_line' id='line_1_45' title="bbox 172 2535 376 2567; baseline 0.005 -2"><span class='ocrx_word' id='word_1_247' title='bbox 172 2535 209 2565; x_wconf 85' lang='lat' dir='ltr'>vi.</span> <span class='ocrx_word' id='word_1_248' title='bbox 225 2536 376 2567; x_wconf 85' lang='lat' dir='ltr'>dierum.”</span> 
     </span>
     <span class='ocr_line' id='line_1_46' title="bbox 194 2587 795 2628; baseline 0.005 -11"><span class='ocrx_word' id='word_1_249' title='bbox 194 2587 229 2617; x_wconf 92' lang='lat' dir='ltr'>In</span> <span class='ocrx_word' id='word_1_250' title='bbox 245 2587 339 2624; x_wconf 81' lang='lat' dir='ltr'>calce,</span> <span class='ocrx_word' id='word_1_251' title='bbox 357 2594 374 2604; x_wconf 83' lang='grc'>“</span> <span class='ocrx_word' id='word_1_252' title='bbox 389 2587 527 2628; x_wconf 82' lang='lat' dir='ltr'>Explicit</span> <span class='ocrx_word' id='word_1_253' title='bbox 542 2588 651 2619; x_wconf 88' lang='lat' dir='ltr'>tabula</span> <span class='ocrx_word' id='word_1_254' title='bbox 668 2588 795 2620; x_wconf 68' lang='lat' dir='ltr'>Biblie.”</span> 
     </span>
    </p>

    <p class='ocr_par' dir='ltr' id='par_1_16' title="bbox 89 2641 929 2786">
     <span class='ocr_line' id='line_1_47' title="bbox 89 2641 929 2687; baseline 0.006 -16"><span class='ocrx_word' id='word_1_255' title='bbox 89 2643 116 2671; x_wconf 65' lang='lat'>2.</span> <span class='ocrx_word' id='word_1_256' title='bbox 136 2641 224 2673; x_wconf 88' lang='lat' dir='ltr'>Petri</span> <span class='ocrx_word' id='word_1_257' title='bbox 240 2641 370 2673; x_wconf 85' lang='lat' dir='ltr'>Aureoli</span> <span class='ocrx_word' id='word_1_258' title='bbox 386 2642 574 2673; x_wconf 88' lang='lat' dir='ltr'>breviarium</span> <span class='ocrx_word' id='word_1_259' title='bbox 591 2643 763 2674; x_wconf 90' lang='lat' dir='ltr'>Bibliorum</span> <span class='ocrx_word' id='word_1_260' title='bbox 784 2645 848 2675; x_wconf 85' lang='lat' dir='ltr'>sive</span> <span class='ocrx_word' id='word_1_261' title='bbox 869 2646 929 2687; x_wconf 91' lang='lat' dir='ltr'>epi-</span> 
     </span>
     <span class='ocr_line' id='line_1_48' title="bbox 151 2693 929 2735; baseline 0.006 -12"><span class='ocrx_word' id='word_1_262' title='bbox 151 2697 236 2724; x_wconf 91' lang='lat' dir='ltr'>tome</span> <span class='ocrx_word' id='word_1_263' title='bbox 258 2693 289 2724; x_wconf 84' lang='lat' dir='ltr'>S.</span> <span class='ocrx_word' id='word_1_264' title='bbox 307 2693 477 2735; x_wconf 85' lang='lat' dir='ltr'>Scripturae</span> <span class='ocrx_word' id='word_1_265' title='bbox 500 2695 668 2725; x_wconf 87' lang='lat' dir='ltr'>secundum</span> <span class='ocrx_word' id='word_1_266' title='bbox 685 2707 806 2727; x_wconf 90' lang='lat' dir='ltr'>sensum</span> <span class='ocrx_word' id='word_1_267' title='bbox 823 2697 929 2728; x_wconf 89' lang='lat' dir='ltr'>litera-</span> 
     </span>
     <span class='ocr_line' id='line_1_49' title="bbox 151 2745 360 2786; baseline 0.005 -11"><span class='ocrx_word' id='word_1_268' title='bbox 151 2745 220 2776; x_wconf 88' lang='lat' dir='ltr'>lem.</span> <span class='ocrx_word' id='word_1_269' title='bbox 244 2745 295 2776; x_wconf 86' lang='lat' dir='ltr'>fol.</span> <span class='ocrx_word' id='word_1_270' title='bbox 310 2754 360 2786; x_wconf 85' lang='lat'>29.</span> 
     </span>
    </p>

    <p class='ocr_par' dir='ltr' id='par_1_17' title="bbox 194 2796 839 2839">
     <span class='ocr_line' id='line_1_50' title="bbox 194 2796 839 2839; baseline 0.005 -13"><span class='ocrx_word' id='word_1_271' title='bbox 194 2796 310 2827; x_wconf 86' lang='lat' dir='ltr'>Exstat</span> <span class='ocrx_word' id='word_1_272' title='bbox 325 2796 466 2837; x_wconf 86' lang='lat' dir='ltr'>impress.</span> <span class='ocrx_word' id='word_1_273' title='bbox 482 2796 581 2828; x_wconf 91' lang='lat' dir='ltr'>Paris.</span> <span class='ocrx_word' id='word_1_274' title='bbox 602 2798 693 2839; x_wconf 82' lang='lat'>1585,</span> <span class='ocrx_word' id='word_1_275' title='bbox 709 2802 740 2829; x_wconf 86' lang='lat' dir='ltr'>et</span> <span class='ocrx_word' id='word_1_276' title='bbox 756 2798 839 2829; x_wconf 87' lang='lat' dir='ltr'>alibi.</span> 
     </span>
    </p>
   </div>
   <div class='ocr_carea' id='block_1_14' title="bbox 972 277 980 851">
    <p class='ocr_par' dir='ltr' id='par_1_18' title="bbox 972 277 980 851">
     <span class='ocr_line' id='line_1_51' title="bbox 972 277 980 851; baseline 0 0"><span class='ocrx_word' id='word_1_277' title='bbox 972 277 980 851; x_wconf 95' lang='lat' dir='ltr'> </span> 
     </span>
    </p>
   </div>
   <div class='ocr_carea' id='block_1_15' title="bbox 957 987 974 2823">
    <p class='ocr_par' dir='ltr' id='par_1_19' title="bbox 957 987 974 2823">
     <span class='ocr_line' id='line_1_52' title="bbox 957 987 974 2823; baseline 0 0"><span class='ocrx_word' id='word_1_278' title='bbox 957 987 974 2823; x_wconf 95' lang='lat' dir='ltr'> </span> 
     </span>
    </p>
   </div>
   <div class='ocr_carea' id='block_1_16' title="bbox 1849 177 1895 211">
    <p class='ocr_par' dir='ltr' id='par_1_20' title="bbox 1849 177 1895 211">
     <span class='ocr_line' id='line_1_53' title="bbox 1849 177 1895 211; baseline 0.043 -5"><span class='ocrx_word' id='word_1_279' title='bbox 1849 177 1895 211; x_wconf 85' lang='lat'>95</span> 
     </span>
    </p>
   </div>
   <div class='ocr_carea' id='block_1_17' title="bbox 1127 263 1887 357">
    <p class='ocr_par' dir='ltr' id='par_1_21' title="bbox 1127 263 1887 357">
     <span class='ocr_line' id='line_1_54' title="bbox 1151 263 1887 310; baseline 0.015 -18"><span class='ocrx_word' id='word_1_280' title='bbox 1151 263 1189 293; x_wconf 91' lang='lat' dir='ltr'>In</span> <span class='ocrx_word' id='word_1_281' title='bbox 1202 264 1296 302; x_wconf 85' lang='lat' dir='ltr'>calce,</span> <span class='ocrx_word' id='word_1_282' title='bbox 1313 270 1330 282; x_wconf 83' lang='grc'>“</span> <span class='ocrx_word' id='word_1_283' title='bbox 1345 266 1483 308; x_wconf 82' lang='lat' dir='ltr'>Explicit</span> <span class='ocrx_word' id='word_1_284' title='bbox 1496 269 1710 310; x_wconf 82' lang='lat' dir='ltr'>compendium</span> <span class='ocrx_word' id='word_1_285' title='bbox 1724 271 1809 302; x_wconf 87' lang='lat' dir='ltr'>Petri</span> <span class='ocrx_word' id='word_1_286' title='bbox 1822 274 1887 303; x_wconf 78' lang='lat' dir='ltr'>Au-</span> 
     </span>
     <span class='ocr_line' id='line_1_55' title="bbox 1127 314 1493 357; baseline 0.019 -14"><span class='ocrx_word' id='word_1_287' title='bbox 1127 314 1201 344; x_wconf 81' lang='lat' dir='ltr'>reoli</span> <span class='ocrx_word' id='word_1_288' title='bbox 1219 326 1313 357; x_wconf 87' lang='lat' dir='ltr'>supra</span> <span class='ocrx_word' id='word_1_289' title='bbox 1330 317 1493 349; x_wconf 59' lang='lat' dir='ltr'>Bibliamf&#39;</span> 
     </span>
    </p>
   </div>
   <div class='ocr_carea' id='block_1_18' title="bbox 999 432 1883 1281">
    <p class='ocr_par' dir='ltr' id='par_1_22' title="bbox 1336 432 1537 469">
     <span class='ocr_line' id='line_1_56' title="bbox 1336 432 1537 469; baseline 0.015 -3"><span class='ocrx_word' id='word_1_290' title='bbox 1336 432 1537 469; x_wconf 82' lang='lat' dir='ltr'>CCXLIV.</span> 
     </span>
    </p>

    <p class='ocr_par' dir='ltr' id='par_1_23' title="bbox 999 487 1883 710">
     <span class='ocr_line' id='line_1_57' title="bbox 999 487 1882 539; baseline 0.017 -19"><span class='ocrx_word' id='word_1_291' title='bbox 999 487 1119 522; x_wconf 87' lang='lat' dir='ltr'>Codex</span> <span class='ocrx_word' id='word_1_292' title='bbox 1137 492 1477 535; x_wconf 80' lang='lat' dir='ltr'>1nen1branaceus‚in</span> <span class='ocrx_word' id='word_1_293' title='bbox 1498 500 1567 538; x_wconf 58' lang='grc' dir='ltr'>ΜΟ,</span> <span class='ocrx_word' id='word_1_294' title='bbox 1584 498 1616 532; x_wconf 83' lang='lat' dir='ltr'>ff.</span> <span class='ocrx_word' id='word_1_295' title='bbox 1632 501 1711 537; x_wconf 75' lang='lat'>100,</span> <span class='ocrx_word' id='word_1_296' title='bbox 1727 502 1882 539; x_wconf 70' lang='lat' dir='ltr'>seoxiv..</span> 
     </span>
     <span class='ocr_line' id='line_1_58' title="bbox 1022 545 1881 595; baseline 0.015 -16"><span class='ocrx_word' id='word_1_297' title='bbox 1022 545 1112 580; x_wconf 92' lang='lat' dir='ltr'>binis</span> <span class='ocrx_word' id='word_1_298' title='bbox 1136 548 1306 584; x_wconf 83' lang='lat' dir='ltr'>columnis</span> <span class='ocrx_word' id='word_1_299' title='bbox 1330 558 1512 595; x_wconf 79' lang='lat' dir='ltr'>exaratus3</span> <span class='ocrx_word' id='word_1_300' title='bbox 1548 568 1591 589; x_wconf 82' lang='lat' dir='ltr'>ex</span> <span class='ocrx_word' id='word_1_301' title='bbox 1621 557 1711 591; x_wconf 86' lang='lat' dir='ltr'>dono</span> <span class='ocrx_word' id='word_1_302' title='bbox 1744 558 1881 592; x_wconf 77' lang='lat' dir='ltr'>Rieardi</span> 
     </span>
     <span class='ocr_line' id='line_1_59' title="bbox 1023 602 1883 652; baseline 0.015 -17"><span class='ocrx_word' id='word_1_303' title='bbox 1023 602 1220 651; x_wconf 56' lang='lat' dir='ltr'>XVykyngs,</span> <span class='ocrx_word' id='word_1_304' title='bbox 1248 618 1358 652; x_wconf 85' lang='lat' dir='ltr'>nuper</span> <span class='ocrx_word' id='word_1_305' title='bbox 1389 610 1490 645; x_wconf 77' lang='lat' dir='ltr'>vicar.</span> <span class='ocrx_word' id='word_1_306' title='bbox 1517 613 1669 647; x_wconf 72' lang='lat' dir='ltr'>ecclesia·</span> <span class='ocrx_word' id='word_1_307' title='bbox 1696 615 1739 648; x_wconf 88' lang='lat' dir='ltr'>de</span> <span class='ocrx_word' id='word_1_308' title='bbox 1764 614 1883 649; x_wconf 70' lang='lat' dir='ltr'>west-</span> 
     </span>
     <span class='ocr_line' id='line_1_60' title="bbox 1022 661 1682 710; baseline 0.017 -16"><span class='ocrx_word' id='word_1_309' title='bbox 1022 661 1110 702; x_wconf 85' lang='lat' dir='ltr'>well,</span> <span class='ocrx_word' id='word_1_310' title='bbox 1130 663 1165 696; x_wconf 87' lang='lat' dir='ltr'>in</span> <span class='ocrx_word' id='word_1_311' title='bbox 1184 663 1313 699; x_wconf 88' lang='lat' dir='ltr'>Cancia</span> <span class='ocrx_word' id='word_1_312' title='bbox 1324 666 1429 710; x_wconf 87' lang='lat' dir='ltr'>juxta</span> <span class='ocrx_word' id='word_1_313' title='bbox 1448 669 1682 705; x_wconf 87' lang='lat' dir='ltr'>Cantuariam.</span> 
     </span>
    </p>

    <p class='ocr_par' dir='ltr' id='par_1_24' title="bbox 1061 726 1881 875">
     <span class='ocr_line' id='line_1_61' title="bbox 1061 726 1881 774; baseline 0.015 -19"><span class='ocrx_word' id='word_1_314' title='bbox 1061 726 1209 758; x_wconf 80' lang='lat' dir='ltr'>Porcheti</span> <span class='ocrx_word' id='word_1_315' title='bbox 1224 738 1244 758; x_wconf 84' lang='lat' dir='ltr'>a</span> <span class='ocrx_word' id='word_1_316' title='bbox 1260 728 1417 761; x_wconf 86' lang='lat' dir='ltr'>Salvatico</span> <span class='ocrx_word' id='word_1_317' title='bbox 1435 742 1513 772; x_wconf 87' lang='lat' dir='ltr'>opus</span> <span class='ocrx_word' id='word_1_318' title='bbox 1529 735 1610 774; x_wconf 88' lang='lat' dir='ltr'>quod</span> <span class='ocrx_word' id='word_1_319' title='bbox 1632 736 1757 773; x_wconf 88' lang='lat' dir='ltr'>dicitur,</span> <span class='ocrx_word' id='word_1_320' title='bbox 1775 737 1881 768; x_wconf 83' lang='lat' dir='ltr'>Victo-</span> 
     </span>
     <span class='ocr_line' id='line_1_62' title="bbox 1081 777 1880 818; baseline 0.014 -11"><span class='ocrx_word' id='word_1_321' title='bbox 1081 777 1139 814; x_wconf 85' lang='lat' dir='ltr'>ria,</span> <span class='ocrx_word' id='word_1_322' title='bbox 1163 778 1226 810; x_wconf 88' lang='lat' dir='ltr'>sive</span> <span class='ocrx_word' id='word_1_323' title='bbox 1250 780 1288 810; x_wconf 86' lang='lat' dir='ltr'>de</span> <span class='ocrx_word' id='word_1_324' title='bbox 1311 781 1443 813; x_wconf 86' lang='lat' dir='ltr'>veritate</span> <span class='ocrx_word' id='word_1_325' title='bbox 1466 783 1537 815; x_wconf 88' lang='lat' dir='ltr'>fidei</span> <span class='ocrx_word' id='word_1_326' title='bbox 1563 786 1745 818; x_wconf 61' lang='lat' dir='ltr'>Christianae</span> <span class='ocrx_word' id='word_1_327' title='bbox 1772 793 1880 818; x_wconf 83' lang='lat' dir='ltr'>eontra</span> 
     </span>
     <span class='ocr_line' id='line_1_63' title="bbox 1080 829 1462 875; baseline 0.016 -16"><span class='ocrx_word' id='word_1_328' title='bbox 1080 829 1103 859; x_wconf 84' lang='lat' dir='ltr'>J</span> <span class='ocrx_word' id='word_1_329' title='bbox 1106 830 1222 869; x_wconf 78' lang='lat' dir='ltr'>udaeos,</span> <span class='ocrx_word' id='word_1_330' title='bbox 1238 843 1308 862; x_wconf 91' lang='lat' dir='ltr'>cum</span> <span class='ocrx_word' id='word_1_331' title='bbox 1324 833 1462 875; x_wconf 83' lang='lat' dir='ltr'>prologo.</span> 
     </span>
    </p>

    <p class='ocr_par' dir='ltr' id='par_1_25' title="bbox 1100 882 1880 1121">
     <span class='ocr_line' id='line_1_64' title="bbox 1124 882 1880 925; baseline 0.012 -13"><span class='ocrx_word' id='word_1_332' title='bbox 1124 882 1186 913; x_wconf 90' lang='lat' dir='ltr'>Tit.</span> <span class='ocrx_word' id='word_1_333' title='bbox 1212 883 1358 925; x_wconf 75' lang='lat' dir='ltr'>“Incipit</span> <span class='ocrx_word' id='word_1_334' title='bbox 1381 885 1459 916; x_wconf 87' lang='lat' dir='ltr'>liber</span> <span class='ocrx_word' id='word_1_335' title='bbox 1484 887 1609 919; x_wconf 86' lang='lat' dir='ltr'>victorie</span> <span class='ocrx_word' id='word_1_336' title='bbox 1632 901 1651 920; x_wconf 86' lang='lat' dir='ltr'>a</span> <span class='ocrx_word' id='word_1_337' title='bbox 1678 891 1818 921; x_wconf 79' lang='lat' dir='ltr'>Porcheo</span> <span class='ocrx_word' id='word_1_338' title='bbox 1843 893 1880 921; x_wconf 69' lang='lat' dir='ltr'>dc</span> 
     </span>
     <span class='ocr_line' id='line_1_65' title="bbox 1103 933 1878 983; baseline 0.013 -19"><span class='ocrx_word' id='word_1_339' title='bbox 1103 933 1290 976; x_wconf 84' lang='lat' dir='ltr'>Salva-ignis</span> <span class='ocrx_word' id='word_1_340' title='bbox 1305 936 1482 974; x_wconf 57' lang='lat' dir='ltr'>Januensss,</span> <span class='ocrx_word' id='word_1_341' title='bbox 1505 939 1609 971; x_wconf 85' lang='lat' dir='ltr'>divina</span> <span class='ocrx_word' id='word_1_342' title='bbox 1628 941 1749 973; x_wconf 86' lang='lat' dir='ltr'>favente</span> <span class='ocrx_word' id='word_1_343' title='bbox 1764 943 1878 983; x_wconf 72' lang='lat' dir='ltr'>gracia.</span> 
     </span>
     <span class='ocr_line' id='line_1_66' title="bbox 1101 985 1879 1032; baseline 0.013 -18"><span class='ocrx_word' id='word_1_344' title='bbox 1101 985 1269 1026; x_wconf 87' lang='lat' dir='ltr'>compilato</span> <span class='ocrx_word' id='word_1_345' title='bbox 1287 987 1356 1026; x_wconf 82' lang='lat' dir='ltr'>(sic)</span> <span class='ocrx_word' id='word_1_346' title='bbox 1374 988 1415 1018; x_wconf 87' lang='lat' dir='ltr'>ad</span> <span class='ocrx_word' id='word_1_347' title='bbox 1438 988 1455 1018; x_wconf 86' lang='lat' dir='ltr'>J</span> <span class='ocrx_word' id='word_1_348' title='bbox 1462 989 1603 1021; x_wconf 85' lang='lat' dir='ltr'>udaicam</span> <span class='ocrx_word' id='word_1_349' title='bbox 1627 991 1787 1032; x_wconf 88' lang='lat' dir='ltr'>perfidiam</span> <span class='ocrx_word' id='word_1_350' title='bbox 1811 994 1879 1023; x_wconf 66' lang='lat' dir='ltr'>sub&gt;</span> 
     </span>
     <span class='ocr_line' id='line_1_67' title="bbox 1100 1036 1878 1085; baseline 0.013 -20"><span class='ocrx_word' id='word_1_351' title='bbox 1100 1036 1282 1067; x_wconf 77' lang='lat' dir='ltr'>vertendam</span> <span class='ocrx_word' id='word_1_352' title='bbox 1298 1041 1331 1068; x_wconf 86' lang='lat' dir='ltr'>et</span> <span class='ocrx_word' id='word_1_353' title='bbox 1349 1041 1385 1069; x_wconf 91' lang='lat' dir='ltr'>ut</span> <span class='ocrx_word' id='word_1_354' title='bbox 1408 1041 1603 1080; x_wconf 86' lang='lat' dir='ltr'>prestancius</span> <span class='ocrx_word' id='word_1_355' title='bbox 1626 1042 1740 1073; x_wconf 85' lang='lat' dir='ltr'>veritas</span> <span class='ocrx_word' id='word_1_356' title='bbox 1764 1044 1878 1085; x_wconf 78' lang='lat' dir='ltr'>fulgeat</span> 
     </span>
     <span class='ocr_line' id='line_1_68' title="bbox 1100 1086 1395 1121; baseline 0.014 -4"><span class='ocrx_word' id='word_1_357' title='bbox 1100 1086 1172 1118; x_wconf 90' lang='lat' dir='ltr'>fidei</span> <span class='ocrx_word' id='word_1_358' title='bbox 1189 1088 1395 1121; x_wconf 74' lang='lat' dir='ltr'>Christiane.”</span> 
     </span>
    </p>

    <p class='ocr_par' dir='ltr' id='par_1_26' title="bbox 1120 1139 1626 1184">
     <span class='ocr_line' id='line_1_69' title="bbox 1120 1139 1626 1184; baseline 0.01 -15"><span class='ocrx_word' id='word_1_359' title='bbox 1120 1139 1238 1170; x_wconf 84' lang='lat' dir='ltr'>Exstat</span> <span class='ocrx_word' id='word_1_360' title='bbox 1254 1140 1395 1182; x_wconf 89' lang='lat' dir='ltr'>impress.</span> <span class='ocrx_word' id='word_1_361' title='bbox 1415 1141 1515 1173; x_wconf 85' lang='lat' dir='ltr'>Paris.</span> <span class='ocrx_word' id='word_1_362' title='bbox 1536 1152 1626 1184; x_wconf 79' lang='lat'><strong>1520.</strong></span> 
     </span>
    </p>

    <p class='ocr_par' dir='ltr' id='par_1_27' title="bbox 1098 1190 1879 1281">
     <span class='ocr_line' id='line_1_70' title="bbox 1123 1190 1879 1234; baseline 0.008 -14"><span class='ocrx_word' id='word_1_363' title='bbox 1123 1190 1159 1220; x_wconf 92' lang='lat' dir='ltr'>In</span> <span class='ocrx_word' id='word_1_364' title='bbox 1187 1191 1279 1229; x_wconf 84' lang='lat' dir='ltr'>calce,</span> <span class='ocrx_word' id='word_1_365' title='bbox 1312 1197 1330 1209; x_wconf 64' lang='lat'>‘⁶</span> <span class='ocrx_word' id='word_1_366' title='bbox 1354 1193 1491 1234; x_wconf 82' lang='lat' dir='ltr'>Explicit</span> <span class='ocrx_word' id='word_1_367' title='bbox 1517 1194 1595 1225; x_wconf 87' lang='lat' dir='ltr'>liber</span> <span class='ocrx_word' id='word_1_368' title='bbox 1623 1195 1781 1229; x_wconf 79' lang='lat' dir='ltr'>Victorie:</span> <span class='ocrx_word' id='word_1_369' title='bbox 1814 1196 1879 1227; x_wconf 84' lang='lat' dir='ltr'>Deo</span> 
     </span>
     <span class='ocr_line' id='line_1_71' title="bbox 1098 1242 1249 1281; baseline 0.013 -11"><span class='ocrx_word' id='word_1_370' title='bbox 1098 1242 1249 1281; x_wconf 74' lang='lat' dir='ltr'>gratias.”</span> 
     </span>
    </p>
   </div>
   <div class='ocr_carea' id='block_1_19' title="bbox 993 1344 1879 1499">
    <p class='ocr_par' dir='ltr' id='par_1_28' title="bbox 993 1344 1879 1499">
     <span class='ocr_line' id='line_1_72' title="bbox 1353 1344 1535 1380; baseline 0.011 -2"><span class='ocrx_word' id='word_1_371' title='bbox 1353 1344 1535 1380; x_wconf 83' lang='lat' dir='ltr'>CCXLV.</span> 
     </span>
     <span class='ocr_line' id='line_1_73' title="bbox 993 1403 1879 1450; baseline 0.008 -13"><span class='ocrx_word' id='word_1_372' title='bbox 993 1403 1297 1447; x_wconf 75' lang='lat' dir='ltr'>Membmnaceus,</span> <span class='ocrx_word' id='word_1_373' title='bbox 1317 1407 1353 1440; x_wconf 87' lang='lat' dir='ltr'>in</span> <span class='ocrx_word' id='word_1_374' title='bbox 1372 1407 1465 1447; x_wconf 84' lang='lat' dir='ltr'>folio,</span> <span class='ocrx_word' id='word_1_375' title='bbox 1485 1409 1520 1443; x_wconf 83' lang='lat' dir='ltr'>ff.</span> <span class='ocrx_word' id='word_1_376' title='bbox 1537 1412 1594 1450; x_wconf 87' lang='lat'>85,</span> <span class='ocrx_word' id='word_1_377' title='bbox 1614 1421 1681 1445; x_wconf 88' lang='lat' dir='ltr'>sec.</span> <span class='ocrx_word' id='word_1_378' title='bbox 1697 1412 1778 1447; x_wconf 83' lang='lat' dir='ltr'>xiv..</span> <span class='ocrx_word' id='word_1_379' title='bbox 1792 1412 1879 1446; x_wconf 58' lang='lat' dir='ltr'>binis</span> 
     </span>
     <span class='ocr_line' id='line_1_74' title="bbox 1016 1463 1377 1499; baseline 0.008 -3"><span class='ocrx_word' id='word_1_380' title='bbox 1016 1463 1186 1498; x_wconf 87' lang='lat' dir='ltr'>columnis</span> <span class='ocrx_word' id='word_1_381' title='bbox 1205 1471 1377 1499; x_wconf 84' lang='lat' dir='ltr'>exaratus.</span> 
     </span>
    </p>
   </div>
   <div class='ocr_carea' id='block_1_20' title="bbox 1056 1529 1879 1933">
    <p class='ocr_par' dir='ltr' id='par_1_29' title="bbox 1056 1529 1879 1627">
     <span class='ocr_line' id='line_1_75' title="bbox 1056 1529 1879 1567; baseline 0.011 -9"><span class='ocrx_word' id='word_1_382' title='bbox 1056 1529 1203 1560; x_wconf 85' lang='lat' dir='ltr'>Porcheti</span> <span class='ocrx_word' id='word_1_383' title='bbox 1224 1541 1244 1560; x_wconf 83' lang='lat' dir='ltr'>a</span> <span class='ocrx_word' id='word_1_384' title='bbox 1269 1530 1426 1562; x_wconf 84' lang='lat' dir='ltr'>Salvatico</span> <span class='ocrx_word' id='word_1_385' title='bbox 1450 1532 1597 1565; x_wconf 83' lang='lat' dir='ltr'>Victoria</span> <span class='ocrx_word' id='word_1_386' title='bbox 1621 1539 1731 1566; x_wconf 84' lang='lat' dir='ltr'>contra</span> <span class='ocrx_word' id='word_1_387' title='bbox 1755 1536 1773 1566; x_wconf 83' lang='lat' dir='ltr'>J</span> <span class='ocrx_word' id='word_1_388' title='bbox 1778 1537 1879 1567; x_wconf 71' lang='lat' dir='ltr'>ndaeo-</span> 
     </span>
     <span class='ocr_line' id='line_1_76' title="bbox 1077 1581 1575 1627; baseline 0.01 -16"><span class='ocrx_word' id='word_1_389' title='bbox 1077 1592 1145 1612; x_wconf 89' lang='lat' dir='ltr'>rum</span> <span class='ocrx_word' id='word_1_390' title='bbox 1161 1581 1333 1623; x_wconf 83' lang='lat' dir='ltr'>perfidiam,</span> <span class='ocrx_word' id='word_1_391' title='bbox 1351 1594 1421 1614; x_wconf 86' lang='lat' dir='ltr'>cum</span> <span class='ocrx_word' id='word_1_392' title='bbox 1437 1585 1575 1627; x_wconf 83' lang='lat' dir='ltr'>prologo.</span> 
     </span>
    </p>

    <p class='ocr_par' dir='ltr' id='par_1_30' title="bbox 1097 1633 1878 1781">
     <span class='ocr_line' id='line_1_77' title="bbox 1119 1633 1878 1676; baseline 0.009 -13"><span class='ocrx_word' id='word_1_393' title='bbox 1119 1633 1181 1664; x_wconf 84' lang='lat' dir='ltr'>Tit.</span> <span class='ocrx_word' id='word_1_394' title='bbox 1200 1640 1218 1650; x_wconf 78' lang='lat'>‘·</span> <span class='ocrx_word' id='word_1_395' title='bbox 1232 1634 1348 1676; x_wconf 85' lang='lat' dir='ltr'>Incipit</span> <span class='ocrx_word' id='word_1_396' title='bbox 1363 1635 1442 1666; x_wconf 91' lang='lat' dir='ltr'>liber</span> <span class='ocrx_word' id='word_1_397' title='bbox 1458 1636 1601 1668; x_wconf 88' lang='lat' dir='ltr'>Victorie</span> <span class='ocrx_word' id='word_1_398' title='bbox 1621 1649 1640 1669; x_wconf 92' lang='lat' dir='ltr'>a</span> <span class='ocrx_word' id='word_1_399' title='bbox 1660 1639 1816 1670; x_wconf 85' lang='lat' dir='ltr'>Porcheto</span> <span class='ocrx_word' id='word_1_400' title='bbox 1840 1640 1878 1670; x_wconf 56' lang='lat' dir='ltr'>(le</span> 
     </span>
     <span class='ocr_line' id='line_1_78' title="bbox 1097 1685 1844 1732; baseline 0.009 -17"><span class='ocrx_word' id='word_1_401' title='bbox 1097 1685 1293 1728; x_wconf 76' lang='lat' dir='ltr'>Salva-ignis,</span> <span class='ocrx_word' id='word_1_402' title='bbox 1304 1686 1324 1717; x_wconf 86' lang='lat' dir='ltr'><strong>J</strong></span> <span class='ocrx_word' id='word_1_403' title='bbox 1326 1689 1593 1726; x_wconf 78' lang='lat' dir='ltr'>anuensis‚(livi11a</span> <span class='ocrx_word' id='word_1_404' title='bbox 1604 1689 1727 1721; x_wconf 86' lang='lat' dir='ltr'>favente</span> <span class='ocrx_word' id='word_1_405' title='bbox 1739 1692 1876 1732; x_wconf 79' lang='lat' dir='ltr'>gracia</span> 
     </span>
     <span class='ocr_line' id='line_1_79' title="bbox 1097 1737 1768 1781; baseline 0.007 -14"><span class='ocrx_word' id='word_1_406' title='bbox 1097 1741 1155 1767; x_wconf 85' lang='lat' dir='ltr'>etc.</span> <span class='ocrx_word' id='word_1_407' title='bbox 1172 1741 1208 1768; x_wconf 86' lang='lat' dir='ltr'>ut</span> <span class='ocrx_word' id='word_1_408' title='bbox 1224 1737 1255 1768; x_wconf 89' lang='lat' dir='ltr'>in</span> <span class='ocrx_word' id='word_1_409' title='bbox 1272 1739 1376 1769; x_wconf 86' lang='lat' dir='ltr'>codice</span> <span class='ocrx_word' id='word_1_410' title='bbox 1397 1741 1546 1781; x_wconf 86' lang='lat' dir='ltr'>superiori</span> <span class='ocrx_word' id='word_1_411' title='bbox 1564 1741 1768 1773; x_wconf 80' lang='lat' dir='ltr'>exhibuimus.</span> 
     </span>
    </p>

    <p class='ocr_par' dir='ltr' id='par_1_31' title="bbox 1120 1788 1616 1834">
     <span class='ocr_line' id='line_1_80' title="bbox 1120 1788 1616 1834; baseline 0.012 -16"><span class='ocrx_word' id='word_1_412' title='bbox 1120 1788 1232 1820; x_wconf 78' lang='lat' dir='ltr'>Exstat</span> <span class='ocrx_word' id='word_1_413' title='bbox 1248 1789 1387 1831; x_wconf 84' lang='lat' dir='ltr'>impress.</span> <span class='ocrx_word' id='word_1_414' title='bbox 1405 1791 1505 1823; x_wconf 82' lang='lat' dir='ltr'>Paris.</span> <span class='ocrx_word' id='word_1_415' title='bbox 1528 1802 1616 1834; x_wconf 81' lang='lat'>1520.</span> 
     </span>
    </p>

    <p class='ocr_par' dir='ltr' id='par_1_32' title="bbox 1094 1841 1863 1933">
     <span class='ocr_line' id='line_1_81' title="bbox 1117 1841 1863 1885; baseline 0.008 -14"><span class='ocrx_word' id='word_1_416' title='bbox 1117 1841 1154 1871; x_wconf 90' lang='lat' dir='ltr'>In</span> <span class='ocrx_word' id='word_1_417' title='bbox 1180 1841 1273 1879; x_wconf 84' lang='lat' dir='ltr'>calce,</span> <span class='ocrx_word' id='word_1_418' title='bbox 1304 1848 1321 1859; x_wconf 65' lang='lat'>⁴*</span> <span class='ocrx_word' id='word_1_419' title='bbox 1342 1843 1481 1885; x_wconf 87' lang='lat' dir='ltr'>Explicit</span> <span class='ocrx_word' id='word_1_420' title='bbox 1511 1844 1589 1875; x_wconf 84' lang='lat' dir='ltr'>liber</span> <span class='ocrx_word' id='word_1_421' title='bbox 1613 1845 1773 1880; x_wconf 74' lang='lat' dir='ltr'>Victorie·.</span> <span class='ocrx_word' id='word_1_422' title='bbox 1809 1847 1863 1877; x_wconf 71' lang='lat' dir='ltr'>De«</span> 
     </span>
     <span class='ocr_line' id='line_1_82' title="bbox 1094 1893 1243 1933; baseline 0.013 -11"><span class='ocrx_word' id='word_1_423' title='bbox 1094 1893 1243 1933; x_wconf 55' lang='lat' dir='ltr'>gracias*</span> 
     </span>
    </p>
   </div>
   <div class='ocr_carea' id='block_1_21' title="bbox 1330 2001 1534 2037">
    <p class='ocr_par' dir='ltr' id='par_1_33' title="bbox 1330 2001 1534 2037">
     <span class='ocr_line' id='line_1_83' title="bbox 1330 2001 1534 2037; baseline 0 -2"><span class='ocrx_word' id='word_1_424' title='bbox 1330 2001 1534 2037; x_wconf 84' lang='lat' dir='ltr'>CCXLVI.</span> 
     </span>
    </p>
   </div>
   <div class='ocr_carea' id='block_1_22' title="bbox 989 2061 1872 2832">
    <p class='ocr_par' dir='ltr' id='par_1_34' title="bbox 989 2061 1872 2223">
     <span class='ocr_line' id='line_1_84' title="bbox 989 2061 1872 2105; baseline 0.003 -11"><span class='ocrx_word' id='word_1_425' title='bbox 989 2061 1291 2103; x_wconf 84' lang='lat' dir='ltr'>Membranaceus,</span> <span class='ocrx_word' id='word_1_426' title='bbox 1328 2064 1364 2097; x_wconf 90' lang='lat' dir='ltr'>in</span> <span class='ocrx_word' id='word_1_427' title='bbox 1403 2064 1498 2104; x_wconf 78' lang='lat' dir='ltr'>folio,</span> <span class='ocrx_word' id='word_1_428' title='bbox 1536 2064 1569 2098; x_wconf 83' lang='lat' dir='ltr'>ff.</span> <span class='ocrx_word' id='word_1_429' title='bbox 1590 2067 1670 2105; x_wconf 79' lang='lat'>258,</span> <span class='ocrx_word' id='word_1_430' title='bbox 1711 2077 1776 2099; x_wconf 79' lang='lat' dir='ltr'>see..</span> <span class='ocrx_word' id='word_1_431' title='bbox 1796 2077 1872 2103; x_wconf 69' lang='lat' dir='ltr'>xx.;</span> 
     </span>
     <span class='ocr_line' id='line_1_85' title="bbox 1012 2119 1870 2167; baseline 0.001 -15"><span class='ocrx_word' id='word_1_432' title='bbox 1012 2124 1032 2137; x_wconf 77' lang='lat'>‘⁴</span> <span class='ocrx_word' id='word_1_433' title='bbox 1058 2131 1102 2153; x_wconf 84' lang='lat' dir='ltr'>ex</span> <span class='ocrx_word' id='word_1_434' title='bbox 1133 2119 1224 2154; x_wconf 88' lang='lat' dir='ltr'>dono</span> <span class='ocrx_word' id='word_1_435' title='bbox 1259 2122 1415 2167; x_wconf 83' lang='lat' dir='ltr'>magistri</span> <span class='ocrx_word' id='word_1_436' title='bbox 1452 2121 1596 2155; x_wconf 77' lang='lat' dir='ltr'>Hem-ici</span> <span class='ocrx_word' id='word_1_437' title='bbox 1633 2121 1770 2161; x_wconf 76' lang='lat' dir='ltr'>Seve1·‚&#39;&#39;</span> <span class='ocrx_word' id='word_1_438' title='bbox 1806 2127 1870 2155; x_wconf 89' lang='lat' dir='ltr'>etc.</span> 
     </span>
     <span class='ocr_line' id='line_1_86' title="bbox 1012 2177 1260 2223; baseline 0.004 -13"><span class='ocrx_word' id='word_1_439' title='bbox 1012 2177 1260 2223; x_wconf 84' lang='lat' dir='ltr'>m.eccc.lxviij.</span> 
     </span>
    </p>

    <p class='ocr_par' dir='ltr' id='par_1_35' title="bbox 1051 2238 1868 2332">
     <span class='ocr_line' id='line_1_87' title="bbox 1051 2238 1868 2277; baseline -0.001 -9"><span class='ocrx_word' id='word_1_440' title='bbox 1051 2238 1137 2269; x_wconf 89' lang='lat' dir='ltr'>Petri</span> <span class='ocrx_word' id='word_1_441' title='bbox 1154 2238 1326 2277; x_wconf 71' lang='lat' dir='ltr'>Bemborii,</span> <span class='ocrx_word' id='word_1_442' title='bbox 1342 2240 1556 2277; x_wconf 77' lang='lat' dir='ltr'>pictaviensis,</span> <span class='ocrx_word' id='word_1_443' title='bbox 1569 2240 1791 2271; x_wconf 88' lang='lat' dir='ltr'>Reductorium</span> <span class='ocrx_word' id='word_1_444' title='bbox 1807 2251 1868 2269; x_wconf 81' lang='lat' dir='ltr'>nio-</span> 
     </span>
     <span class='ocr_line' id='line_1_88' title="bbox 1071 2289 1769 2332; baseline 0.001 -13"><span class='ocrx_word' id='word_1_445' title='bbox 1071 2289 1134 2320; x_wconf 87' lang='lat' dir='ltr'>rale</span> <span class='ocrx_word' id='word_1_446' title='bbox 1150 2290 1312 2331; x_wconf 87' lang='lat' dir='ltr'>utriusque</span> <span class='ocrx_word' id='word_1_447' title='bbox 1328 2290 1532 2329; x_wconf 80' lang='lat' dir='ltr'>Testamenti,</span> <span class='ocrx_word' id='word_1_448' title='bbox 1549 2302 1618 2322; x_wconf 88' lang='lat' dir='ltr'>cum</span> <span class='ocrx_word' id='word_1_449' title='bbox 1634 2290 1769 2332; x_wconf 83' lang='lat' dir='ltr'>prologo.</span> 
     </span>
    </p>

    <p class='ocr_par' dir='ltr' id='par_1_36' title="bbox 1112 2340 1758 2382">
     <span class='ocr_line' id='line_1_89' title="bbox 1112 2340 1758 2382; baseline 0.002 -12"><span class='ocrx_word' id='word_1_450' title='bbox 1112 2340 1229 2371; x_wconf 87' lang='lat' dir='ltr'>Exstat</span> <span class='ocrx_word' id='word_1_451' title='bbox 1245 2340 1384 2382; x_wconf 87' lang='lat' dir='ltr'>impress.</span> <span class='ocrx_word' id='word_1_452' title='bbox 1401 2342 1508 2373; x_wconf 86' lang='lat' dir='ltr'>Colon.</span> <span class='ocrx_word' id='word_1_453' title='bbox 1524 2343 1612 2375; x_wconf 78' lang='lat'>1620,</span> <span class='ocrx_word' id='word_1_454' title='bbox 1629 2346 1661 2372; x_wconf 87' lang='lat' dir='ltr'>et</span> <span class='ocrx_word' id='word_1_455' title='bbox 1676 2341 1758 2372; x_wconf 86' lang='lat' dir='ltr'>alibi.</span> 
     </span>
    </p>

    <p class='ocr_par' dir='ltr' id='par_1_37' title="bbox 1090 2391 1867 2582">
     <span class='ocr_line' id='line_1_90' title="bbox 1111 2391 1866 2434; baseline -0.001 -12"><span class='ocrx_word' id='word_1_456' title='bbox 1111 2391 1151 2422; x_wconf 94' lang='lat' dir='ltr'>In</span> <span class='ocrx_word' id='word_1_457' title='bbox 1166 2392 1258 2430; x_wconf 87' lang='lat' dir='ltr'>calce,</span> <span class='ocrx_word' id='word_1_458' title='bbox 1277 2400 1294 2409; x_wconf 66' lang='lat'>⁸*</span> <span class='ocrx_word' id='word_1_459' title='bbox 1308 2392 1445 2434; x_wconf 84' lang='lat' dir='ltr'>Explicit</span> <span class='ocrx_word' id='word_1_460' title='bbox 1464 2393 1541 2424; x_wconf 91' lang='lat' dir='ltr'>liber</span> <span class='ocrx_word' id='word_1_461' title='bbox 1556 2393 1786 2433; x_wconf 67' lang='lat' dir='ltr'>Apocalypseos</span> <span class='ocrx_word' id='word_1_462' title='bbox 1803 2403 1866 2421; x_wconf 82' lang='lat' dir='ltr'>mo-</span> 
     </span>
     <span class='ocr_line' id='line_1_91' title="bbox 1090 2442 1867 2475; baseline -0.001 -2"><span class='ocrx_word' id='word_1_463' title='bbox 1090 2443 1237 2475; x_wconf 84' lang='lat' dir='ltr'>ralizatus</span> <span class='ocrx_word' id='word_1_464' title='bbox 1253 2448 1285 2475; x_wconf 86' lang='lat' dir='ltr'>et</span> <span class='ocrx_word' id='word_1_465' title='bbox 1308 2444 1351 2475; x_wconf 86' lang='lat' dir='ltr'>sic</span> <span class='ocrx_word' id='word_1_466' title='bbox 1372 2448 1420 2475; x_wconf 86' lang='lat' dir='ltr'>est</span> <span class='ocrx_word' id='word_1_467' title='bbox 1436 2444 1505 2474; x_wconf 88' lang='lat' dir='ltr'>finis</span> <span class='ocrx_word' id='word_1_468' title='bbox 1521 2444 1580 2474; x_wconf 91' lang='lat' dir='ltr'>xvi.</span> <span class='ocrx_word' id='word_1_469' title='bbox 1598 2443 1666 2473; x_wconf 88' lang='lat' dir='ltr'>libri</span> <span class='ocrx_word' id='word_1_470' title='bbox 1689 2442 1867 2472; x_wconf 81' lang='lat' dir='ltr'>Reduetorii</span> 
     </span>
     <span class='ocr_line' id='line_1_92' title="bbox 1090 2493 1867 2536; baseline -0.001 -13"><span class='ocrx_word' id='word_1_471' title='bbox 1090 2494 1225 2531; x_wconf 85' lang='lat' dir='ltr'>moralis,</span> <span class='ocrx_word' id='word_1_472' title='bbox 1248 2494 1279 2525; x_wconf 93' lang='lat' dir='ltr'>in</span> <span class='ocrx_word' id='word_1_473' title='bbox 1310 2506 1370 2536; x_wconf 93' lang='lat' dir='ltr'>quo</span> <span class='ocrx_word' id='word_1_474' title='bbox 1397 2495 1617 2526; x_wconf 86' lang='lat' dir='ltr'>moralizantur</span> <span class='ocrx_word' id='word_1_475' title='bbox 1642 2504 1747 2523; x_wconf 77' lang='lat' dir='ltr'>onmes</span> <span class='ocrx_word' id='word_1_476' title='bbox 1771 2493 1867 2534; x_wconf 83' lang='lat' dir='ltr'>figure</span> 
     </span>
     <span class='ocr_line' id='line_1_93' title="bbox 1090 2545 1296 2582; baseline 0.005 -7"><span class='ocrx_word' id='word_1_477' title='bbox 1090 2545 1200 2582; x_wconf 80' lang='lat' dir='ltr'>Biblie‚</span> <span class='ocrx_word' id='word_1_478' title='bbox 1217 2546 1296 2576; x_wconf 77' lang='lat' dir='ltr'>etc.”</span> 
     </span>
    </p>

    <p class='ocr_par' dir='ltr' id='par_1_38' title="bbox 1086 2595 1866 2832">
     <span class='ocr_line' id='line_1_94' title="bbox 1110 2595 1866 2638; baseline 0 -12"><span class='ocrx_word' id='word_1_479' title='bbox 1110 2595 1240 2633; x_wconf 75' lang='lat' dir='ltr'>Deinde,</span> <span class='ocrx_word' id='word_1_480' title='bbox 1266 2604 1283 2613; x_wconf 64' lang='lat'>*⁶</span> <span class='ocrx_word' id='word_1_481' title='bbox 1296 2597 1435 2638; x_wconf 89' lang='lat' dir='ltr'>Explicit</span> <span class='ocrx_word' id='word_1_482' title='bbox 1457 2597 1535 2627; x_wconf 85' lang='lat' dir='ltr'>liber</span> <span class='ocrx_word' id='word_1_483' title='bbox 1562 2595 1741 2626; x_wconf 85' lang='lat' dir='ltr'>Reductorii</span> <span class='ocrx_word' id='word_1_484' title='bbox 1765 2606 1866 2626; x_wconf 81' lang='lat' dir='ltr'>mora—</span> 
     </span>
     <span class='ocr_line' id='line_1_95' title="bbox 1087 2646 1865 2689; baseline 0 -12"><span class='ocrx_word' id='word_1_485' title='bbox 1087 2647 1133 2685; x_wconf 82' lang='lat' dir='ltr'>lis,</span> <span class='ocrx_word' id='word_1_486' title='bbox 1160 2649 1242 2689; x_wconf 87' lang='lat' dir='ltr'>quod</span> <span class='ocrx_word' id='word_1_487' title='bbox 1267 2649 1298 2679; x_wconf 93' lang='lat' dir='ltr'>in</span> <span class='ocrx_word' id='word_1_488' title='bbox 1320 2649 1475 2679; x_wconf 88' lang='lat' dir='ltr'>Avinione</span> <span class='ocrx_word' id='word_1_489' title='bbox 1505 2648 1563 2678; x_wconf 81' lang='lat' dir='ltr'>fuit</span> <span class='ocrx_word' id='word_1_490' title='bbox 1587 2647 1712 2678; x_wconf 77' lang='lat' dir='ltr'>factum.</span> <span class='ocrx_word' id='word_1_491' title='bbox 1738 2646 1865 2677; x_wconf 85' lang='lat' dir='ltr'>Parisiis</span> 
     </span>
     <span class='ocr_line' id='line_1_96' title="bbox 1087 2697 1864 2731; baseline -0.001 -3"><span class='ocrx_word' id='word_1_492' title='bbox 1087 2710 1159 2729; x_wconf 87' lang='lat' dir='ltr'>vero</span> <span class='ocrx_word' id='word_1_493' title='bbox 1183 2704 1358 2731; x_wconf 87' lang='lat' dir='ltr'>correctum</span> <span class='ocrx_word' id='word_1_494' title='bbox 1380 2703 1412 2730; x_wconf 88' lang='lat' dir='ltr'>et</span> <span class='ocrx_word' id='word_1_495' title='bbox 1434 2698 1610 2729; x_wconf 88' lang='lat' dir='ltr'>tabulatum</span> <span class='ocrx_word' id='word_1_496' title='bbox 1634 2708 1716 2728; x_wconf 88' lang='lat' dir='ltr'>anno</span> <span class='ocrx_word' id='word_1_497' title='bbox 1740 2697 1864 2727; x_wconf 91' lang='lat' dir='ltr'>Domini</span> 
     </span>
     <span class='ocr_line' id='line_1_97' title="bbox 1086 2748 1865 2789; baseline -0.003 -10"><span class='ocrx_word' id='word_1_498' title='bbox 1086 2749 1247 2780; x_wconf 88' lang='lat' dir='ltr'>millesimo</span> <span class='ocrx_word' id='word_1_499' title='bbox 1285 2749 1504 2781; x_wconf 85' lang='lat' dir='ltr'>trecentesimo</span> <span class='ocrx_word' id='word_1_500' title='bbox 1542 2748 1780 2789; x_wconf 80' lang='lat' dir='ltr'>quadragesimo</span> <span class='ocrx_word' id='word_1_501' title='bbox 1820 2760 1865 2778; x_wconf 81' lang='lat' dir='ltr'>se-</span> 
     </span>
     <span class='ocr_line' id='line_1_98' title="bbox 1088 2802 1218 2832; baseline 0.008 -1"><span class='ocrx_word' id='word_1_502' title='bbox 1088 2802 1218 2832; x_wconf 75' lang='lat' dir='ltr'>cundo.”</span> 
     </span>
    </p>
   </div>
  </div>
 </body>
</html>
