2254 3117
683 143 919 177 COLLEGII
949 145 1352 182 LINCOLNIENSIS.
1875 154 1915 186 51

137 241 188 274 M.
217 240 358 274 Thomae
392 240 523 277 Heton.
559 243 733 286 quondam
776 246 917 278 rectoris
951 247 994 280 de
1021 251 1023 295 y

136 299 318 332 Manceter
335 309 375 332 ac
394 298 478 333 dicti
498 299 574 333 coll.
595 302 846 335 commensalis.

151 359 401 390 Commentarius
417 359 447 389 in
463 370 569 390 omnes
586 361 744 402 Epistolas
763 362 919 397 l'aulinas.
933 364 993 395 ista
1020 382 1022 409 Ι

171 411 211 441 ad
228 410 386 440 Romanos
410 414 442 441 et
465 411 504 441 ad
531 412 708 443 Corinthios
729 413 828 453 prima
853 420 991 455 excepta.
1020 410 1022 437 l

170 465 298 492 auctore
317 461 463 501 [Rabano
480 461 622 503 Mauro]
1020 471 1022 508 j

214 513 277 544 Tit.
296 518 313 530 ‘⁶
327 513 444 554 Incipit
463 514 619 554 exposicio
640 515 767 555 epistole
784 516 812 546 ii.
831 517 870 547 ad
887 517 992 548 Corin·
1020 522 1022 547 f

193 565 283 595 thios.
322 564 372 595 Ex
390 569 529 596 tractatu
543 565 672 606 epistole
684 566 705 595 J
709 567 838 598 ohannis
855 570 992 599 octavos*
1020 554 1022 596 l

214 616 312 657 Incip.
331 620 348 632 “
362 616 499 651 Paulus;
525 618 625 647 Amat
648 617 764 648 Paulus
785 619 843 649 diei
864 631 883 650 a
904 621 992 651 nobis

192 671 320 709 peccata
337 667 431 702 sua?
451 671 487 698 ut
503 667 585 698 inter
600 678 670 709 opp.
687 674 761 699 tom.
778 681 805 700 v.
821 681 850 711 p.
861 680 932 711 344.

214 723 320 754 Desin.
338 727 355 740 “
369 723 400 753 in
416 723 580 754 Dominico
596 734 672 765 agro
687 725 801 756 bonum
818 738 990 768 operemur,

187 770 227 805 'ut
243 774 332 805 simul
348 774 386 805 de
402 774 544 805 mercede
559 775 767 816 gaudeamus;
794 777 924 808 Amenf*

498 867 597 902 CIX.

107 931 226 966 Codex
239 931 531 969 membranaceus,
547 931 580 964 in
594 931 675 965 folio
690 934 852 973 maximo,
866 933 988 973 ff.184,

131 1001 197 1023 see.
212 989 292 1029 xiv„
310 989 399 1023 binis
418 989 587 1023 columnis
605 996 785 1031 exaratus3
811 992 892 1025 olim
907 992 986 1025 Joh.

132 1048 329 1093 Maddyrby
346 1052 467 1092 postea
483 1047 520 1081 T.
535 1047 682 1093 XVyehe.

149 1110 177 1139 1.
194 1108 323 1139 Henriei
346 1107 506 1145 Goethals‚
535 1107 761 1145 Gandavensis,
788 1109 987 1148 Quodlibeto-

211 1170 279 1190 rum
303 1159 549 1200 theologicorum
578 1158 609 1189 in
635 1159 730 1190 libros
755 1159 986 1191 Sententiarum

210 1211 427 1252 fragmentum.
451 1209 502 1241 fol.
521 1220 545 1240 1.

253 1261 316 1292 Tit.
337 1260 482 1302 “Incipit
505 1260 639 1302 primum
663 1260 821 1302 quodlibet
846 1263 986 1303 magistri

230 1312 361 1343 Henriei
376 1312 414 1343 de
430 1312 608 1343 Gandavo.”

251 1362 350 1404 Incip.
368 1367 386 1379 ⁴⁶
399 1362 595 1402 Querebatur
610 1362 641 1393 in
653 1367 761 1394 nostra
772 1363 985 1404 disputacione

230 1413 396 1455 generali.”

251 1465 358 1496 Desin.
373 1465 507 1507 abrupte
524 1465 556 1496 in
572 1466 683 1503 verbis,
699 1471 717 1483 ‘⁵
735 1471 766 1497 et
788 1466 856 1496 ideo
878 1478 983 1497 secun-

230 1518 303 1548 dum
319 1517 550 1548 condicionem³⁸

143 1622 171 1651 2.
190 1621 308 1662 AEgidii
324 1621 362 1651 de
378 1620 530 1652 Columna
551 1621 683 1652 Romani
699 1621 936 1652 commentarius
952 1622 982 1652 in

206 1673 339 1714 pm'mum
354 1672 468 1704 librum
484 1672 727 1704 Sententiarum.
751 1673 801 1703 fol.
818 1675 866 1703 16.

248 1725 347 1767 Incip.
365 1730 382 1742 ‘⁴
395 1725 503 1757 Gauda
515 1729 563 1756 est
573 1726 601 1760 ;“'
621 1725 700 1756 utin
712 1725 785 1756 edit.
795 1725 877 1756 Ven.
892 1735 980 1765 1571.

247 1777 286 1808 In
301 1777 394 1815 calce,
413 1781 431 1794 “
444 1777 581 1819 Explicit
604 1777 721 1818 primus
747 1777 981 1808 Senteneiarum

226 1827 326 1859 editus
346 1839 366 1859 a
380 1827 478 1859 fratre
500 1827 613 1869 Egidio
635 1828 673 1859 de
696 1828 796 1859 Roma
816 1828 854 1858 de
875 1829 981 1859 ordine

223 1879 357 1910 fratrum
372 1879 596 1910 heremitarum
611 1879 720 1910 Sancti
736 1879 936 1921 Augustini.''

162 1934 179 1946 ‘⁵
193 1929 331 1971 Explicit
347 1930 500 1972 expliceat
517 1955 524 1961 .
543 1931 664 1962 Ludere
680 1930 814 1972 scriptor
828 1932 910 1962 eat.’'

246 1980 393 2023 Sequitur
408 1982 517 2013 tabula
531 1982 745 2020 articulorum,
760 1986 792 2013 et
808 1982 838 2012 in
854 1982 923 2019 fine,

97 2037 114 2048 ‘·
128 2031 189 2063 Hic
200 2032 278 2063 liber
289 2036 337 2063 est
349 2033 483 2074 scriptus
495 2058 502 2064 .
518 2033 569 2074 qui
582 2033 705 2074 scripsit
718 2033 758 2064 sit
770 2033 979 2064 benedictus?

245 2084 284 2114 In
298 2084 371 2115 folio
395 2085 505 2116 ultimo
529 2088 675 2115 notatum
694 2088 753 2122 est,
770 2090 788 2102 ‘⁶
801 2085 978 2115 Memoran-

222 2136 296 2166 dum
312 2136 395 2176 quod
415 2136 473 2167 iste
493 2136 571 2167 liber
587 2136 743 2177 quondam
755 2140 823 2166 erat
838 2136 978 2177 magistri

221 2186 242 2216 J
244 2186 374 2218 ohannis
392 2187 579 2228 Maddyrby,
597 2187 683 2228 eujus
705 2187 807 2218 anime
830 2187 977 2228 propicie-

220 2241 273 2268 tur
288 2238 384 2276 Deus,
402 2239 455 2269 sed
471 2239 564 2269 modo
584 2242 709 2270 constat
725 2238 760 2268 T.
775 2238 898 2279 lVyche
913 2249 975 2269 cm-

220 2293 293 2330 ptus
313 2300 369 2331 per
387 2290 518 2320 eundem
534 2301 553 2320 a
568 2289 590 2320 J
593 2290 714 2320 ohanne
730 2289 822 2319 More
843 2300 899 2330 pro
915 2289 975 2330 xxsj.

219 2352 242 2371 s.
259 2351 341 2372 anno
356 2341 485 2372 Domini
509 2341 653 2378 mccccxl,
669 2340 768 2382 primo
791 2340 840 2371 die
862 2341 976 2371 mensis

221 2392 359 2434 Augusti
373 2392 465 2424 litera
481 2392 669 2423 Dominicali
685 2391 741 2422 G.”

495 2484 575 2519 CX.

92 2546 391 2587 Membranaceus,
418 2547 453 2581 in
480 2546 563 2580 folio
594 2547 725 2591 majori,
752 2545 785 2579 ff.
806 2548 887 2586 220,
906 2557 972 2579 see.

113 2617 180 2645 XV„
194 2605 284 2640 binis
302 2606 471 2640 columnis
490 2610 662 2639 exaratus.

130 2665 262 2696 Roberti
278 2666 396 2697 Holcot
418 2665 451 2696 in
473 2664 587 2695 librum
611 2663 778 2705 Sapientiae
801 2663 973 2694 Salomonis

150 2715 298 2746 lectiones
311 2716 451 2747 ducentae
463 2714 616 2752 undecim,
631 2725 701 2745 eum
717 2713 826 2745 tabula
839 2725 972 2745 annexa.

193 2766 332 2798 Exstant
351 2767 492 2808 impress.
510 2765 616 2807 Spirae,
638 2765 725 2806 1483,
743 2771 774 2795 et
791 2776 871 2806 saepe
887 2765 971 2796 alibi.

1153 244 1189 274 In
1206 245 1298 281 calce,
1315 250 1332 261 ‘⁴
1348 245 1451 276 Donet
1468 246 1551 276 Deus
1564 250 1599 276 ut
1616 246 1675 277 ista
1687 247 1849 288 scriptura,
1863 260 1920 289 que

1129 296 1291 337 Sapieneia
1307 296 1481 337 appellatur
1497 297 1669 337 legentibus
1682 303 1713 328 et
1726 299 1920 329 studentibus

1129 346 1159 376 in
1175 347 1282 377 cadem
1295 358 1330 377 ae
1343 348 1437 378 etiam
1451 348 1593 387 scriptori
1611 349 1746 389 ejusdem
1763 350 1804 379 sic
1820 350 1921 381 valeat

1129 397 1277 437 proficere
1302 403 1337 429 ut
1360 399 1400 429 ad
1424 399 1606 438 sapientiam
1634 401 1814 431 ineffabilem
1831 406 1862 431 et
1879 402 1920 431 in-

1129 455 1264 480 creatam
1295 450 1428 480 finaliter
1458 451 1580 481 valeant
1611 453 1778 492 pervenire,
1811 453 1919 486 Amen.

1131 501 1243 536 Amen,
1260 501 1389 531 Amen.ss

1434 582 1532 615 CXI.

1044 641 1162 675 Codex
1177 643 1388 682 chartaceus,
1401 644 1435 676 in
1448 643 1505 676 fol.
1518 645 1646 688 majori.
1660 645 1777 685 11:235,
1791 656 1918 678 secxv.

1086 702 1246 733 Plutarchi
1273 703 1485 734 Chaeroncnsis
1510 704 1579 734 vita·
1609 705 1718 745 plures.
1746 706 1918 746 interpreti-

1106 755 1163 784 bus
1179 755 1288 789 variis;
1314 756 1436 786 scilicet.

1064 810 1092 839 1.
1112 809 1157 840 M.
1174 810 1302 840 Antonii
1330 811 1403 847 vita,
1428 811 1596 851 interprete
1625 811 1785 842 Leonardo
1813 811 1917 841 Bruno

1129 861 1279 895 Aretino;
1303 862 1390 892 initio
1406 862 1503 892 mutil.
1528 862 1579 892 fol.
1599 873 1621 892 1.

1172 912 1266 952 Incip.
1284 912 1313 942 in
1330 912 1440 948 verbis,
1459 917 1475 929 ‘·
1492 913 1591 943 —bus
1606 924 1697 943 naves
1713 914 1917 944 conscendit.u

1171 963 1276 993 Desin.
1295 968 1311 979 ‘²
1324 964 1493 1004 pergradus
1509 964 1693 994 suceessor,”

1169 1014 1282 1044 Exstat
1308 1015 1444 1054 impress.
1471 1015 1499 1044 in
1528 1015 1600 1045 edit.
1624 1016 1804 1057 Asccnsian.
1827 1026 1913 1055 1514.

1146 1065 1196 1094 fol.
1208 1067 1279 1105 326.

1061 1118 1088 1146 2.
1107 1116 1218 1157 Pyrrhi
1236 1117 1309 1151 vita,
1326 1117 1432 1146 eodem
1450 1117 1626 1157 interprete.
1650 1117 1699 1146 fol.
1719 1117 1796 1155 141).

1167 1167 1282 1198 Exstat
1298 1168 1328 1197 in
1344 1167 1417 1198 edit.
1436 1167 1616 1197 Aseensian.
1637 1176 1719 1207 ¹514-
1748 1167 1797 1197 fol.
1816 1170 1882 1207 169.

1059 1226 1087 1253 ὅ,
1106 1223 1194 1254 Pauli
1212 1223 1331 1254 AEmilii
1346 1223 1410 1253 vita
1425 1223 1532 1253 eodem
1548 1223 1726 1263 interprete.
1750 1223 1799 1252 fol.
1819 1233 1864 1263 23.

1166 1272 1262 1313 Incip.
1289 1278 1307 1289 ⁴⁵
1324 1273 1520 1303 AEmiliorum
1551 1273 1697 1303 familiam
1710 1274 1740 1305 ;”
1777 1278 1812 1303 ut
1841 1273 1912 1303 ibid.

1145 1324 1197 1354 fol.
1214 1334 1269 1364 133
1288 1324 1317 1354 b.

1059 1377 1086 1405 4.
1104 1375 1218 1405 Tiberii
1235 1379 1265 1405 et
1282 1375 1347 1406 Caii
1364 1375 1573 1405 Gracchorum
1590 1374 1662 1411 vita,
1683 1373 1803 1415 [eodem
1820 1375 1912 1405 inter-

1120 1426 1232 1467 prete}
1257 1426 1307 1456 fol.
1325 1436 1366 1467 30
1381 1426 1411 1456 b.

1164 1478 1240 1508 Ibid.
1266 1478 1317 1508 fol.
1334 1488 1390 1518 149
1407 1478 1434 1507 b.

1055 1535 1085 1563 5.
1103 1533 1207 1572 Quinti
1237 1533 1364 1563 Sertorii
1397 1533 1470 1568 vita,
1498 1532 1604 1562 eodem
1635 1531 1814 1570 interprete,
1842 1541 1909 1560 eum

1118 1584 1296 1625 interpretis
1321 1584 1500 1625 prscfatione
1519 1584 1558 1614 ad
1576 1582 1749 1613 Antonium
1768 1581 1908 1612 Luscum.

1119 1635 1170 1665 fol.
1188 1635 1227 1675 38
1245 1635 1273 1665 b.

1162 1684 1257 1725 Incip.
1276 1685 1360 1726 praef.
1379 1690 1396 1701 ‘⁴
1409 1684 1509 1715 Credo
1525 1683 1770 1723 nonnunquam.”

1160 1736 1257 1777 Incip.
1283 1736 1357 1773 vita,
1383 1741 1399 1753 ‘⁴
1417 1736 1486 1766 Non
1511 1741 1557 1765 est
1583 1735 1750 1770 fortasse?
1777 1738 1811 1764 ut
1836 1733 1907 1763 ibid.

1136 1788 1187 1818 fol.
1208 1788 1263 1825 187
1281 1788 1310 1818 b.

1054 1839 1081 1870 6.
1099 1838 1227 1870 Catonis
1243 1838 1318 1875 vita,
1333 1837 1441 1869 eodem
1457 1837 1634 1878 interprete.
1658 1836 1708 1866 fol.
1724 1844 1772 1877 45.

1159 1889 1237 1919 Ibid.
1254 1888 1305 1919 fol.
1323 1897 1381 1929 275
1398 1888 1428 1925 b,
1457 1888 1509 1918 ubi
1538 1888 1622 1928 Lapo
1650 1887 1828 1918 Florentino
1853 1887 1905 1917 tri-

1136 1939 1251 1970 buitur.

1053 1994 1080 2024 7¹.
1098 1991 1316 2022 Demosthenis
1332 1991 1406 2027 vita,
1422 1991 1529 2020 eodem
1544 1990 1722 2030 interprete.
1748 1989 1796 2019 fol.
1808 1999 1847 2029 59
1861 1989 1888 2018 b.

1158 2046 1254 2087 Incip.
1280 2051 1297 2062 ⁸·
1315 2046 1533 2076 Demosthenis
1559 2048 1647 2086 pater
1673 2044 1902 2079 Demosthenes,

1136 2102 1171 2129 ut
1187 2098 1403 2138 Theopompus
1414 2097 1442 2131 ;''
1458 2104 1492 2127 ut
1509 2097 1579 2127 ibid.
1597 2096 1647 2126 fol.
1663 2105 1723 2136 302
1741 2096 1769 2126 b.

1051 2156 1079 2184 8.
1099 2153 1175 2184 Vita
1190 2152 1356 2187 Ciceronis,
1368 2152 1475 2182 eodem
1491 2157 1626 2186 auctore,
1638 2161 1705 2180 eum
1722 2150 1902 2190 praefatione

1113 2205 1153 2235 ad
1169 2203 1329 2234 Nicolaum
1346 2203 1511 2233 Niceolum.
1535 2202 1586 2232 fol.
1598 2203 1638 2238 64
1654 2201 1683 2231 b.

1157 2254 1257 2294 Incip.
1273 2254 1358 2295 praef.
1376 2258 1396 2271 ‘⁶
1409 2253 1516 2284 Otioso
1532 2252 1634 2282 mihi?

1155 2305 1253 2346 Incip.
1270 2305 1342 2341 vita,
1362 2310 1379 2321 *⁶
1395 2304 1563 2334 Tulliorum
1579 2303 1720 2334 familias*

1155 2356 1192 2386 In
1217 2356 1307 2392 calce,
1327 2359 1344 2373 ‘⁶
1359 2355 1457 2385 Facto
1482 2354 1540 2385 fine
1564 2354 1614 2395 pia
1631 2378 1636 2383 .
1653 2354 1796 2384 laudetur
1820 2354 1902 2394 virgo

1134 2407 1267 2438 Maria.”

1047 2460 1076 2492 9.
1095 2458 1277 2489 Aristotelis
1293 2458 1367 2494 vita,
1383 2457 1489 2487 eodem
1514 2457 1691 2497 interprete.
1709 2467 1775 2486 eum
1793 2456 1900 2496 praefa-

1110 2509 1194 2540 tione
1210 2510 1250 2540 ad
1264 2509 1424 2539 Nicolaum
1440 2508 1624 2538 cardinalem
1642 2507 1671 2537 S.
1684 2506 1798 2537 Crucis.
1824 2506 1899 2545 f.76.

1155 2559 1251 2600 Incip.
1268 2559 1343 2600 prol.
1362 2558 1516 2597 “Quanta
1532 2557 1648 2587 nobisf'

1153 2610 1250 2651 Incip.
1267 2610 1339 2646 vita,
1364 2613 1384 2627 ‘⁶
1397 2608 1584 2639 Aristoteles
1606 2608 1803 2649 philosophus
1817 2608 1842 2642 ;’“
1866 2612 1899 2637 ut

1130 2661 1202 2692 ibid.
1219 2662 1239 2691 f.
1252 2670 1325 2701 370,
1336 2660 1388 2690 ubi
1404 2660 1541 2690 Guarino
1556 2659 1725 2689 Veronensi
1743 2658 1897 2689 tribuitur.

1025 2715 1075 2746 10.
1095 2715 1173 2746 Vita
1190 2714 1326 2755 Pompeii
1345 2718 1351 2730 ‘
1367 2724 1422 2754 per
1443 2713 1597 2744 Jacobum
1621 2712 1781 2753 Angelum,
1804 2712 1898 2742 civem

1111 2765 1335 2802 Florentinum,
1347 2776 1384 2795 ex
1396 2764 1564 2795 Plutarcho
1574 2763 1740 2794 traductas
1758 2763 1807 2793 sol.
1820 2764 1857 2802 78
1869 2763 1897 2792 b.
