2254 3117
492 276 528 306 In
554 285 609 305 ora
634 273 685 303 fol.
713 272 752 302 86
780 269 915 300 inferiori
944 268 1089 309 leguntur
1113 276 1218 297 versus

468 328 639 366 sequentes,

408 376 499 406 Η1101)
537 372 785 405 commendatum
809 394 814 400 .
837 369 958 400 Sathan
995 369 1143 409 impetrat
1179 366 1219 397 ad

469 426 650 459 cruciatum,

437 477 504 508 Nec
520 480 634 511 movet,
646 472 760 504 ablatis
778 496 783 502 .
802 471 921 513 opibus,
934 471 1076 511 natisque
1092 468 1220 503 necatis,

437 528 558 561 Ulcere,
576 524 717 567 squalore
734 548 740 553 .
758 523 936 563 blaspheme
954 520 1092 562 conjugis
1108 530 1170 555 ore,

437 581 457 609 J
462 579 501 609 ob
515 578 665 608 solatores
683 600 689 606 .
706 575 854 616 reprobat
871 573 1039 613 suffertque
1055 575 1200 605 tumores,

437 629 551 660 Verbis
588 626 759 669 magnificis
777 649 784 656 .
803 625 969 656 Dominum
999 623 1094 659 videt,
1123 621 1222 657 audit,

470 681 577 712 amicis

442 733 580 763 Primum
597 729 737 772 purgatis
755 753 760 758 .
777 728 886 769 opibus
904 726 998 768 pollet
1010 723 1204 767 duplicatis?5

494 788 532 817 In
558 786 640 817 calce
656 784 778 819 codicis,
796 781 994 813 Tractatulus
1016 781 1054 811 <lc
1075 778 1226 809 mensuris

474 844 505 870 et
526 837 715 878 ponderibus
737 836 778 867 ad
800 834 983 865 medicinam
1002 830 1226 873 spectantibus,
1256 870 1257 874 Ἰ

476 890 565 931 incip.
594 895 612 904 “
628 888 772 919 Pondera
799 884 992 916 medicinalia
1018 881 1227 924 cognoscimus
1256 882 1258 891 ¹

475 947 505 972 01
522 939 701 971 commoniti
718 949 822 969 sumus
838 936 990 967 variare.''

726 1031 853 1066 XXII.

352 1094 471 1128 Codex
498 1092 792 1129 membranaceus,
820 1089 853 1121 in
882 1087 974 1126 folio,
1001 1086 1135 1122 fl1224.
1163 1096 1228 1118 500.
1260 1102 1261 1113 2

377 1152 457 1192 xiv,
476 1151 563 1185 bene
582 1154 752 1184 exaratus.

397 1213 424 1243 1.
444 1211 536 1242 Liber
559 1210 649 1240 Isaiae
673 1208 844 1250 prophetae,
862 1206 892 1236 S.
908 1204 1089 1245 Hieronymi
1106 1203 1233 1244 prologo

458 1260 627 1302 glossisque
641 1257 829 1289 interlineari
842 1265 873 1287 et
884 1255 1040 1287 ordinaria
1053 1255 1232 1285 instructus.
1262 1256 1263 1264 ¹

460 1312 510 1342 fol.
526 1322 550 1341 1.

506 1364 543 1393 In
564 1362 615 1393 fol.
643 1362 662 1392 i.
690 1372 787 1402 marg.
815 1370 915 1400 super.
941 1364 959 1373 ¹‘
971 1357 1077 1389 Sancti
1101 1356 1235 1398 Spiritus

482 1415 559 1446 assit
574 1413 662 1444 nobis
677 1412 780 1453 gratia
794 1424 801 1448 3
818 1410 948 1440 Amen.”

507 1467 545 1497 In
562 1465 654 1501 calce,
673 1470 689 1479 ‘¹
706 1462 842 1504 Explicit
861 1461 1013 1502 Ysayas.”

401 1533 430 1560 2.
450 1529 542 1560 Liber
563 1527 709 1559 Jeremiae
732 1526 904 1568 prophetae,
927 1535 996 1556 011111
1012 1524 1041 1554 S.
1054 1522 1237 1563 Hieronymi

467 1581 594 1622 prologo
609 1579 788 1621 glossisque,
804 1582 840 1608 ut
856 1587 956 1618 supra.
981 1575 1032 1605 fol.
1046 1585 1096 1615 99.

510 1630 726 1664 Praemittitur,
749 1635 766 1644 “
779 1627 884 1659 Sancti
902 1626 1035 1668 Spiritus
1053 1624 1130 1655 assit
1151 1623 1239 1654 nobis

487 1682 620 1724 gratia.”

405 1750 433 1779 13.
452 1748 470 1778 J
474 1746 594 1778 eremiae
606 1744 869 1776 Lamentationes,
881 1752 949 1771 cum
961 1739 1080 1781 glossis,
1092 1743 1239 1779 utsupra.

469 1798 517 1828 fol.
536 1798 592 1827 188
606 1797 635 1826 b.

514 1851 551 1880 In
582 1849 673 1881 calce,
714 1853 731 1861 “
749 1845 909 1876 Sufficiant
940 1844 995 1874 1100
1026 1843 1065 1873 ad
1095 1841 1240 1882 explana·
1270 1840 1271 1847 ¹

491 1901 607 1932 tionem
638 1897 911 1929 Lamentationum
941 1894 1086 1928 Jeromie,
1115 1904 1174 1934 que
1205 1892 1243 1922 de

493 1952 624 1982 Patrum
655 1949 791 1979 sontibus
821 1947 918 1981 hausi,
951 1946 1019 1987 Ego
1050 1944 1243 1975 Gislcbertus
1272 1935 1273 1951 ἢ

493 2000 757 2033 Α1111510(101·011515
787 1998 912 2030 ecclesie
939 1996 1125 2033 diaeonus?
1152 1999 1187 2026 ut
1213 1995 1243 2024 in

493 2053 566 2083 edit.
587 2052 698 2093 Lyran.
717 2050 828 2080 Venet.
852 2050 938 2088 1588,
956 2052 1031 2077 tom.
1048 2046 1084 2076 iv.
1110 2045 1161 2075 fol.
1175 2053 1243 2075 202.

734 2142 880 2177 XXIII.

372 2210 670 2247 Membranaeeus,
705 2207 739 2239 111
770 2205 863 2244 folio,
892 2204 923 2237 ff.
958 2201 1038 2241 168,
1068 2213 1134 2235 500.
1166 2202 1245 2239 xiv„

396 2269 482 2301 benc
501 2270 670 2300 exaratus.

416 2330 441 2358 1,
461 2327 553 2357 Liber
569 2323 738 2355 Ezechielis
755 2322 923 2364 prophetae,
941 2321 971 2351 S.
982 2319 1164 2361 Hieronymi
1180 2329 1246 2359 pro-

478 2379 547 2419 logo
569 2376 738 2419 glossisquc
762 2372 950 2405 interlineari
977 2376 1071 2413 atque
1095 2370 1250 2401 ordinaria

478 2431 657 2461 instructus.
680 2427 731 2458 fol.
751 2436 774 2456 1.

523 2482 560 2512 In
577 2481 669 2515 calce,
688 2485 705 2494 “
718 2476 854 2519 Explicit
870 2475 947 2506 liber
962 2474 1047 2505 iste.”

419 2540 446 2567 2.
466 2537 557 2567 Liber
579 2534 717 2566 Danielis
739 2532 909 2574 prophetae,
933 2540 1002 2560 cum
1027 2529 1056 2559 S.
1071 2528 1251 2568 Hieronymi

482 2588 608 2629 prologo
624 2586 802 2628 glossisque,
820 2587 854 2613 ut
870 2592 972 2622 supra.
996 2581 1046 2611 fol.
1066 2589 1131 2621 123.

527 2639 562 2669 111
579 2639 669 2671 calce,
689 2643 705 2652 “
722 2634 857 2677 Explicit
873 2632 982 2664 Daniel
998 2631 1181 2673 proplieta.”

747 2726 888 2761 XXIV.

385 2793 682 2831 Membranaceus,
700 2791 733 2824 in
753 2789 845 2828 folio,
865 2788 898 2821 ff.
920 2789 999 2826 138,
1018 2797 1082 2820 500.
1104 2785 1170 2818 xiv.

896 173 1195 211 CATALOGUS
1221 170 1455 207 CODICUM
1484 169 1591 203 MSS.

1312 269 1339 300 1.
1359 267 1588 309 Prophetarum
1601 264 1764 296 duodecim
1776 263 1929 294 minorum
1940 262 2021 297 libri,
2034 262 2145 294 S.Hie-

1375 318 1494 359 ronymi
1510 317 1645 359 prologis
1664 315 1834 357 glossisque
1850 313 2039 345 interlineari
2055 316 2147 354 atque

1375 370 1533 401 ordinaria
1549 367 1702 399 instructi.
1726 366 1778 397 sol.
1796 376 1821 396 1.

1314 433 1344 461 2,
1363 429 1475 471 Aggaei
1506 428 1667 470 prophetae
1697 426 1914 467 fragmentum,
1946 434 2014 454 cum
2043 423 2149 465 glossis

1378 483 1417 512 ab
1434 479 1591 510 ordinaria
1606 477 1808 509 variantibus.
1833 475 1882 506 fol.
1899 484 1968 512 104.

1422 531 1520 572 Incip.
1535 530 1627 571 gloss.
1645 534 1662 544 ‘¹
1676 528 1714 558 In
1725 538 1807 558 anno
1824 526 1968 560 secundo,
1985 529 2044 556 etc.
2075 525 2152 564 Quia

1401 582 1538 612 nondum
1551 580 1659 611 civitas
1672 578 1835 620 pristinam
1850 576 1980 618 gloriam
1996 580 2152 616 receperat

1403 634 1456 664 sed
1477 633 1579 663 adhue
1600 631 1731 673 populus
1747 630 1778 660 in
1794 628 1936 659 domibus
1957 627 2097 658 concavis
2111 632 2151 665 et,

1402 689 1437 716 ut
1453 684 1483 714 in
1499 694 1590 724 greco
1606 683 1751 718 habetur,
1768 681 1913 711 deorsum
1927 678 2064 720 positiss’

1318 746 1347 775 3.
1365 743 1503 775 Danielis
1532 743 1618 777 liber,
1654 752 1724 771 curn
1761 740 1790 770 S.
1808 738 1994 779 Hieronymi
2030 738 2154 779 prologo

1381 794 1551 835 glossisque
1568 792 1757 823 interlineari
1774 794 1806 821 et
1822 789 1987 820 ordinaria.
2012 789 2062 819 sol.
2078 797 2145 828 107.

1426 845 1574 886 Sequitur
1606 843 1768 884 catalogus
1797 852 1905 882 regum
1936 839 2154 875 Israelitarum,

1407 897 1582 931 Persarum,
1603 894 1732 935 AEgypti
1748 897 1844 934 atque
1862 891 1969 933 Syriae.

1664 986 1786 1020 XXV.

1259 1076 1260 1080 =
1282 1055 1401 1089 Codex
1428 1052 1721 1088 membranaceus,
1749 1049 1783 1081 in
1811 1047 1902 1083 folio,
1930 1046 1964 1080 ff.
1989 1048 2067 1085 171,
2095 1057 2157 1080 sec.

1306 1124 1376 1146 xiv.

1327 1182 1354 1209 1.
1373 1177 1457 1209 Libri
1495 1176 1591 1210 Sacri,
1631 1175 1739 1205 Esdrae
1777 1173 1894 1204 scilicet
1918 1172 1956 1206 I.,
1995 1170 2158 1206 Nehemiae,

1390 1229 1506 1263 Tobiae,
1523 1227 1544 1258 J
1548 1226 1638 1257 ndith
1652 1230 1684 1256 et
1700 1224 1828 1259 Hester,
1845 1233 1915 1254 cum
1938 1222 1969 1253 S.
1983 1221 2160 1262 Hieronymi

1390 1279 1525 1322 prologis
1547 1277 1718 1319 glossisque
1741 1274 1898 1306 ordinaria
1914 1277 1946 1305 et
1965 1272 2160 1303 interlineari.

1390 1331 1441 1362 fol.
1458 1340 1481 1361 1.

1436 1382 1474 1412 In
1500 1380 1582 1411 ealce
1609 1378 1715 1409 Tobiae
1742 1381 1885 1408 notatum
1911 1379 1968 1410 est,
1998 1374 2162 1416 “Explicit

1435 1484 1472 1514 In
1499 1482 1581 1513 calce
1608 1480 1733 1515 Judith,
1763 1478 1932 1520 “Explicit
1954 1477 2031 1508 liber
2053 1475 2163 1507 Judith

1414 1536 1532 1566 habens
1546 1544 1662 1569 versus,
1677 1542 1804 1562 numero
1820 1529 1913 1560 111.0.”

1332 1602 1360 1638 2.
1378 1599 1630 1630 Maccabaeorum
1645 1596 1715 1626 libri
1731 1595 1802 1630 duo,
1819 1594 1851 1625 S.
1866 1592 2050 1635 Hieronymi
2067 1591 2164 1622 Raba-
2221 1627 2222 1637 ἵ

1396 1650 1486 1691 nique
1516 1648 1620 1680 Mauri
1650 1645 1795 1688 prologis,
1826 1644 1977 1686 capitulis,
2009 1647 2040 1674 et
2068 1642 2166 1684 glossa
2221 1647 2223 1661 '¹

1396 1700 1553 1732 ordinaria
1568 1697 1722 1730 instructi.
1746 1697 1797 1727 fol.
1811 1696 1859 1735 87.

1440 1754 1479 1783 111
1495 1752 1588 1787 calce,
1607 1756 1625 1765 “
1640 1748 1778 1789 Explicit
1790 1748 1867 1778 liber
1878 1746 2029 1777 secundus
2043 1744 2166 1776 Macha-

1417 1804 1545 1834 beorum
1561 1810 1704 1832 versuum
1721 1798 1802 1828 mille
1818 1794 2097 1837 octingentorum.”

1442 1855 1475 1884 Ι11
1505 1854 1607 1884 fronte
1638 1850 1761 1885 codicis,
1794 1855 1812 1864 ‘¹
1832 1848 1924 1879 Liber
1945 1869 2099 1877 .......
2119 1844 2167 1886 qui

1420 1907 1519 1948 ipsum
1556 1902 1737 1936 alienaverit
1774 1901 1819 1932 vel
1858 1900 2044 1941 scripturam
2080 1898 2166 1928 istam

1421 1956 1598 1998 dempserit,
1617 1954 1785 1986 anathema
1799 1952 1869 1983 siff

1666 2047 1807 2082 XXVI.

1298 2115 1598 2152 Membranaceus,
1625 2112 1659 2145 in
1687 2110 1769 2144 folio
1795 2108 1925 2153 majori,
1953 2107 1987 2140 ff.
2009 2108 2088 2145 224,
2107 2115 2168 2139 sec.

1321 2172 1392 2206 xiii.
1412 2170 1581 2208 excuntis,
1601 2169 1689 2202 bene
1706 2171 1867 2201 exaratus
1885 2170 1922 2199 et
1940 2168 2103 2198 servatus.

1340 2230 1510 2271 Evangelia
1553 2232 1697 2270 quatuor,

1359 2283 1530 2325 glossisque
1572 2280 1730 2311 ordinaria
1771 2282 1866 2319 atque
1907 2274 2095 2307 interlineari
2130 2273 2172 2304 in-

1336 2377 1343 2384 ·
1362 2339 1492 2366 structa.

1276 2238 1278 2283 3

1655 2401 1819 2436 XXVII.

1303 2468 1598 2505 Membmnaceus,
1617 2466 1649 2499 in
1671 2464 1763 2503 folio,
1782 2462 1816 2495 ff.
1839 2463 1918 2500 189,
1936 2471 2002 2494 500.
2021 2459 2087 2492 xiV.

1345 2530 1375 2558 1.
1394 2529 1495 2558 Actus
1522 2525 1755 2567 Apostolorum,
1785 2521 1919 2564 prologis
1942 2519 2110 2561 glossisque
2133 2516 2174 2547 in-

1408 2578 1529 2609 structi.
1552 2576 1602 2607 fol.
1620 2587 1645 2606 1.

1430 2679 1555 2710 lorum.”

1346 2739 1374 2766 2.
1393 2734 1541 2777 Epistolae
1563 2738 1681 2774 septem
1699 2730 1868 2765 catholicae,
1892 2739 1960 2760 eum
1978 2727 2080 2769 glossa
2100 2723 2175 2755 ordi-

1411 2785 1505 2816 naria.
1530 2784 1581 2814 sol.
1595 2785 1643 2821 84.

1412 1433 1489 1464 liber
1501 1431 1598 1462 Tobie
1608 1430 1727 1460 habens
1738 1439 1844 1459 versus
1856 1428 1887 1458 in
1899 1437 2027 1457 numero
2039 1425 2163 1456 d.cccc.''
2220 1456 2221 1465 ¹

1744 2227 1774 2258 S.
1804 2224 1987 2266 Hieronymi
2032 2221 2169 2264 prologis¹
2225 2221 2226 2232 ¹

1454 2630 1490 2659 In
1507 2628 1599 2663 calce,
1618 2633 1635 2642 ‘¹
1650 2625 1787 2667 Explicit
1809 2624 1886 2654 liber
1909 2628 2035 2654 actuum
2057 2622 2174 2661 aposto·
2226 2633 2227 2643 1
