2254 3117
711 139 949 174 COLLEGII
977 139 1290 176 ORIELENSIS.
1887 149 1907 178 5

111 240 139 270 7.
157 238 321 279 Expositio
337 238 375 269 de
398 242 486 270 motu
508 238 705 274 animalium3
731 239 761 269 in
774 238 834 268 fine
851 241 970 268 trunca.

174 290 225 320 fol.
245 298 312 330 115.

219 341 316 382 Incip.
332 346 349 357 ⁸·
363 340 537 372 Secundum
555 341 770 382 philosophum
787 340 880 371 tertio
897 340 971 381 phy-

197 392 360 422 sicorum.''

108 445 138 473 8.
157 443 321 484 Expositio
348 443 379 473 in
405 443 516 473 librum
540 444 578 473 de
604 442 752 473 memoria
777 447 808 473 et
834 442 972 472 reminis-

171 495 291 528 centia;
318 494 416 525 mutil.
441 495 489 524 fol.
512 504 578 534 119.

217 545 312 586 Incip.
340 546 370 575 in
396 545 507 581 verbis,
529 553 546 561 *⁴

192 606 276 625 mum
293 595 406 636 quod.''

218 646 322 676 Excisi
336 651 408 676 sunt
421 657 542 687 quoque
557 657 613 687 per
627 645 793 687 plagiarios
805 650 970 683 tractatus,

195 697 244 728 De
265 697 350 727 fluxu
375 702 407 728 et
431 697 549 728 refluxu
574 697 668 727 maris
696 697 872 738 Anglicani,
896 698 973 728 liber

193 753 411 784 meteororum,
428 748 466 778 de
487 748 635 789 potentiis
655 749 778 785 animae,
792 749 830 779 de
854 749 971 787 formis,

192 799 230 829 de
251 799 452 840 generatione
473 807 505 829 et,
532 799 742 840 corruptione,
767 800 805 830 de
836 800 914 831 coelo
940 805 972 831 et

194 851 318 881 mundo.

660 544 820 580 corelaria,
843 549 890 575 est
912 545 971 586 pri-

501 956 610 990 XIII.

86 1025 206 1059 Codex
228 1025 522 1066 membranaceus,
537 1026 572 1058 in
591 1025 673 1059 folio
692 1027 823 1071 majori,
842 1027 876 1061 ff.
889 1030 971 1068 343,

110 1094 175 1116 sec.
194 1084 273 1122 xiv„
293 1083 382 1116 binis
407 1083 577 1117 columnis
605 1084 692 1118 bene
722 1091 883 1119 exaratus
913 1087 971 1120 sed

110 1142 233 1175 misere
251 1141 364 1185 quoad
383 1141 499 1175 literas
522 1142 672 1176 initiales
699 1143 900 1184 mutilatus;
927 1157 970 1179 ex

110 1199 200 1232 douo
220 1199 269 1232 M.
286 1198 430 1233 Henrici
450 1199 630 1245 Sampson,
648 1201 831 1245 praepositi.

131 1265 158 1294 1.
176 1263 207 1294 S.
220 1264 348 1295 Thomae
366 1264 537 1305 Aquinatis
553 1264 677 1296 Catena
699 1265 754 1296 SS.
771 1266 903 1297 Patrum
923 1278 971 1298 su-

196 1327 251 1357 per
267 1316 298 1346 S.
314 1316 405 1346 Lucae
421 1316 622 1358 evangelium.
646 1317 698 1347 sol.
718 1328 742 1347 1.

235 1366 332 1408 Incip.
351 1373 368 1384 ‘⁴
382 1367 470 1398 Inter
488 1372 592 1399 cetera
612 1369 838 1400 incarnacionis
856 1370 972 1401 Christi

212 1419 391 1453 misteria?
415 1425 449 1450 ut
466 1420 496 1450 in
513 1420 603 1451 editt.
620 1420 760 1462 impress.

127 1471 157 1500 Q.
175 1470 325 1511 Ejusdem
351 1470 471 1502 Catena
497 1482 588 1512 super
613 1471 644 1502 S.
662 1471 816 1502 Johannis
843 1483 971 1513 evange-

191 1522 275 1552 lium.
301 1521 352 1552 fol.
372 1523 439 1552 182.

235 1571 332 1602 Defic.
348 1571 380 1602 in
397 1571 497 1602 verbis
522 1583 587 1613 cap.
608 1572 662 1603 ult.
686 1578 800 1610 textus,
819 1578 836 1590 *⁶
850 1573 882 1604 Si
899 1574 971 1604 scri-

213 1623 328 1654 bantur
350 1634 405 1664 per
426 1623 557 1664 singula,
573 1635 629 1654 nec
649 1624 680 1666 ip
769 1626 786 1638 ’⁹
803 1630 835 1655 et
849 1625 970 1666 glossae,

213 1680 231 1690 ⁴·
245 1685 301 1705 sua
317 1674 478 1715 dignitate.
514 1674 680 1716 Sequitur;
698 1676 740 1706 Et
756 1676 868 1707 scimus

87 1862 386 1904 Membranaceus,
415 1865 449 1897 in
478 1863 558 1897 folio
583 1865 714 1909 majori,
740 1865 774 1899 ff.
798 1869 876 1905 147,
904 1879 968 1901 sec.

111 1922 180 1955 xiii.
211 1923 380 1962 exeuntis,
412 1922 500 1956 binis
529 1922 699 1957 columnis
737 1923 826 1958 bene
853 1937 970 1959 exara-

111 1985 166 2013 tus
179 1991 187 2019 ;
213 1980 367 2014 mutilus.

129 2039 298 2071 Decretum
313 2040 468 2076 Gratiani,
485 2040 708 2072 Bartholomaei
728 2041 896 2073 Brixiensis
917 2055 971 2083 ap-

148 2096 260 2132 paratu
277 2092 438 2132 marginali
462 2092 586 2133 penitus
601 2093 800 2123 illustratum.

191 2142 288 2184 Incip.
313 2154 384 2184 app.
411 2143 595 2182 “Quoniam
618 2145 705 2174 novis
729 2146 970 2187 supervenienti-

170 2193 227 2224 bus
243 2194 343 2224 causis
359 2194 444 2224 novis
460 2195 604 2225 remediis
619 2197 892 2227 succurrendum.”

192 2244 289 2275 Defic.
315 2245 345 2275 in
370 2245 420 2276 tit.
444 2246 482 2276 de
506 2246 748 2284 consecratione,
775 2252 791 2263 *⁴
808 2247 865 2278 nisi
888 2249 969 2289 quod

170 2295 247 2326 vidit
263 2301 384 2336 patrem
400 2296 583 2327 facientem”

193 2347 340 2387 Sequitur
366 2348 514 2387 anonymi
544 2349 704 2389 cujusdam
731 2350 970 2381 commentarius

170 2409 262 2438 super
281 2399 425 2429 arborem
445 2400 724 2441 consanguinitatis
740 2406 771 2432 et
788 2402 948 2433 affinitatis
963 2415 970 2438 ;

171 2449 262 2490 incip.
278 2454 297 2467 “
311 2450 391 2488 Quia
406 2455 543 2481 tractare
560 2451 778 2482 intendimus.”

191 2500 350 2530 Arborum
369 2501 482 2531 tabulae
499 2502 609 2532 excisae
626 2506 707 2533 sunt.

486 2608 572 2643 XV.

89 2675 388 2716 Membranaoeus,
407 2679 441 2711 in
461 2678 543 2711 folio
561 2680 744 2724 grandiori,
760 2680 791 2713 ff.
807 2684 888 2721 279,
903 2694 968 2716 sec.

111 2735 179 2768 xiV.
199 2736 370 2775 exeuntis,
389 2735 476 2770 binis
495 2736 664 2771 columnis
683 2744 854 2773 exaratus.

1050 239 1077 268 1.
1101 239 1225 270 Ricardi
1256 240 1422 281 Radulphi,
1462 241 1663 278 Armachani,
1702 254 1779 284 opus
1811 243 1841 273 in
1874 244 1910 273 P.

1137 289 1302 321 Lumbardi
1334 292 1522 328 Sententiae,
1551 293 1581 323 in
1613 294 1798 334 quaestioncs
1826 295 1909 325 xxix.

1133 340 1344 379 distributum,
1362 343 1475 383 praevio
1491 354 1631 374 sermone
1644 356 1737 384 super
1750 345 1840 376 idem.
1854 347 1874 376 s.
1885 357 1910 375 1.

1156 391 1252 432 Incip.
1266 404 1355 423 serni.
1374 398 1391 410 “
1404 394 1554 424 Fluminis
1567 395 1718 435 impetus;
1735 400 1793 427 etc.
1822 396 1912 427 Post-

1134 453 1226 482 quam
1246 443 1361 483 primus
1378 455 1490 485 parens
1514 451 1616 477 noster
1639 448 1793 488 paradyso
1809 448 1910 478 delici-

1132 493 1252 523 arum.”

1154 542 1252 584 Incip.
1277 555 1362 585 opus,
1388 550 1405 561 “
1424 545 1539 577 Utrum
1564 548 1708 588 possibile
1734 549 1775 579 sit
1801 550 1910 580 viatori

1133 595 1211 625 scire
1232 595 1475 628 demonstrative
1498 598 1600 629 Deum
1613 611 1698 636 esse3
1716 606 1747 631 et
1769 601 1912 641 arguitur

1133 645 1233 686 primo
1248 647 1330 687 quod
1346 648 1435 678 non.”

1155 698 1293 736 Quaestio
1309 698 1395 729 xxix.
1413 704 1471 736 est,
1495 706 1511 717 -‘
1526 701 1641 732 Utrum
1664 703 1693 733 in
1716 709 1910 735 sacramento

1131 749 1239 780 altaris
1256 749 1295 780 sit
1312 754 1397 780 totus
1410 751 1551 782 Christus
1564 753 1619 783 sub
1632 754 1790 794 speciebus
1803 756 1862 786 vini
1876 762 1907 786 et

1132 800 1260 839 panis?
1283 806 1315 831 et
1332 801 1427 832 desin.
1447 808 1464 819 “
1477 808 1508 833 et
1524 804 1731 835 condensatur
1750 818 1804 846 per
1825 818 1907 836 coni-

1130 851 1319 892 pressionem
1335 853 1450 883 scilicet
1466 861 1498 884 et
1514 854 1718 886 incurvatui·.”

1152 902 1190 932 In
1207 906 1316 943 quaest.
1333 903 1417 934 xviii.
1436 903 1485 934 sol.
1505 915 1553 943 72,
1571 905 1627 936 col.
1646 915 1661 935 2
1679 908 1794 937 mentio
1816 908 1850 938 fit
1871 909 1908 938 de

1131 953 1270 984 articulis
1302 954 1486 995 quibusdan]
1511 967 1530 986 a
1556 956 1693 987 Roberto
1717 958 1905 1000 Kilwai·dby‚

1131 1005 1264 1046 archiep.
1283 1006 1431 1037 Cantuar.
1449 1007 1612 1037 damnatis.

1047 1063 1066 1091 m

1069 1086 1075 1092 .
1092 1061 1223 1092 Roberti
1246 1061 1385 1093 Holcoth
1410 1063 1595 1103 quaestiones
1618 1063 1649 1093 in
1677 1064 1906 1096 Sententiarum

1109 1113 1222 1150 libros3
1238 1124 1307 1144 curn
1324 1125 1464 1145 sermone
1476 1114 1559 1145 finali
1572 1119 1602 1145 et
1619 1115 1755 1156 prologo.
1774 1117 1822 1146 t'ol.
1843 1129 1847 1146 ι
1862 1128 1905 1155 ¹4-

1152 1164 1213 1195 Tit.
1231 1169 1249 1182 “
1269 1165 1385 1206 Incipit
1409 1165 1552 1196 Holkoth
1576 1166 1615 1196 ad
1641 1166 1772 1207 primum
1798 1168 1907 1198 librum

1132 1216 1395 1247 Senteneiaru111.”

1152 1267 1248 1309 Incip.
1282 1273 1300 1285 ‘⁴
1319 1268 1494 1299 Jerusalem
1533 1270 1790 1311 evangelistarum
1804 1284 1811 1305 ;
1848 1276 1904 1302 etc.

1131 1318 1221 1349 Seola
1244 1319 1357 1349 devota
1379 1319 1594 1361 tlicol(›gice;”
1618 1324 1653 1351 ut
1672 1321 1702 1350 in
1719 1322 1791 1352 edit.
1812 1322 1906 1363 Lugd.

1135 1379 1224 1410 1510,
1240 1374 1272 1400 et
1289 1369 1369 1400 alibi.

1153 1420 1191 1450 In
1208 1420 1299 1458 calce,

1046 1476 1063 1488 *⁶
1080 1471 1162 1502 Laus
1177 1472 1233 1503 tibi
1250 1472 1290 1503 sit
1304 1472 1437 1504 Christe.
1453 1474 1598 1514 quoniam
1613 1474 1690 1505 liber
1703 1476 1828 1516 explicit
1842 1476 1908 1511 iste„

1078 1523 1220 1554 Mentem
1241 1523 1402 1565 scriptoris
1418 1525 1516 1556 salvet
1533 1525 1619 1556 Deus
1635 1526 1776 1557 omnibus
1793 1527 1908 1557 horis.'“

1153 1578 1333 1620 Sequuntur
1347 1582 1404 1619 (a.)
1418 1579 1514 1610 Tituli
1529 1581 1734 1621 quaestionum
1746 1589 1775 1612 et
1790 1590 1907 1623 postea.

1130 1641 1185 1671 per
1211 1630 1361 1660 incuriam
1391 1632 1612 1672 transpositus,
1642 1633 1786 1674 prologus
1813 1634 1909 1664 totius

1129 1682 1250 1723 operis;
1274 1682 1325 1723 qui
1349 1683 1554 1720 concluditur,
1579 1690 1595 1701 ⁸⁴
1612 1684 1748 1726 Explicit
1765 1686 1907 1727 prologus

1129 1733 1159 1763 in
1176 1744 1253 1773 opus
1270 1733 1423 1769 Holkoth.
1441 1734 1492 1775 qui
1509 1735 1688 1766 immediate
1704 1744 1774 1777 post
1794 1748 1907 1767 sermo-

1129 1795 1198 1815 nem
1215 1785 1245 1814 in
1262 1785 1412 1826 principio
1428 1787 1623 1826 poneretur.”

1065 1835 1095 1865 b.
1113 1835 1175 1866 Sex
1190 1836 1313 1866 articuli
1337 1836 1374 1866 de
1397 1837 1526 1868 diversis
1542 1839 1680 1869 materiis
1696 1839 1779 1880 prius
1803 1841 1905 1870 tactis.

1130 1893 1239 1917 contra
1257 1898 1334 1928 quos
1350 1888 1475 1928 quidam
1492 1889 1563 1919 socii
1580 1890 1807 1921 rationabiliter
1823 1891 1905 1921 insti-

1128 1943 1243 1969 terunt.
1266 1938 1318 1968 fol.
1334 1949 1402 1979 199.

1173 1988 1269 2029 Incip.
1288 1994 1305 2005 ‘⁴
1322 1989 1446 2020 Primus
1467 1990 1616 2021 articulus
1631 1991 1689 2022 fnit
1706 1992 1786 2032 qnod
1807 1992 1905 2032 objec-

1150 2044 1217 2070 tum
1233 2039 1304 2070 fidei
1320 2044 1351 2070 et
1368 2040 1550 2081 opinionis.”

1173 2090 1210 2120 In
1224 2090 1315 2128 calce⁷
1334 2096 1351 2107 “
1365 2091 1546 2132 Expliciunt
1559 2104 1614 2123 sex
1626 2093 1747 2123 articuli
1764 2105 1839 2133 qnos
1852 2094 1905 2122 im-

1150 2148 1365 2183 pugnaverunt
1382 2143 1520 2180 viriliter,
1539 2145 1589 2185 qui
1611 2145 1641 2174 in
1660 2145 1820 2175 sententiis
1836 2156 1904 2174 con-

1150 2193 1326 2230 currebant,
1340 2194 1393 2224 sed
1411 2194 1553 2225 Holkoth
1570 2195 1651 2226 clare
1666 2195 1784 2225 solvens
1799 2206 1903 2225 eorum

1148 2244 1301 2285 argueias,
1318 2246 1400 2286 quod
1417 2246 1454 2276 (le
1473 2247 1662 2277 materiebus
1678 2246 1734 2276 illis
1750 2246 1842 2276 sensit
1861 2246 1903 2275 in-

1150 2295 1361 2335 geniosissime
1376 2296 1576 2327 declaravit.''

1043 2350 1071 2379 3.
1089 2348 1282 2387 Quaestiones
1298 2350 1460 2380 duodecim
1477 2351 1616 2391 magistri
1634 2350 1771 2380 Nicholai
1790 2352 1899 2387 Aston,

1107 2400 1235 2431 Oxoniae
1252 2401 1430 2442 disputatae.
1453 2402 1504 2432 fol.
1524 2411 1591 2432 202.

1149 2451 1245 2492 Incip.
1260 2452 1278 2482 i.
1297 2457 1314 2468 ‘³
1329 2452 1443 2483 L'trum
1458 2453 1616 2483 veritatem
1635 2459 1769 2483 creatam
1786 2453 1900 2493 poterit

1127 2504 1240 2535 veritas
1265 2509 1370 2536 creata
1393 2506 1566 2546 ypostatice
1590 2510 1783 2540 sustentai·c;
1811 2505 1900 2543 Quod

1127 2555 1169 2586 sio
1184 2556 1358 2597 arguitur.'’

1043 2608 1070 2636 4.
1088 2606 1256 2638 Tractatus
1282 2608 1319 2638 de
1351 2608 1624 2638 communicatione
1656 2607 1838 2638 idiomatum
1871 2609 1901 2637 in

1106 2658 1242 2699 capitula
1258 2659 1364 2699 viginti
1383 2659 1574 2690 distributus.
1598 2658 1648 2688 fol.
1668 2668 1725 2697 214
1742 2659 1769 2689 b.

1150 2710 1245 2751 Incip.
1274 2716 1291 2727 “
1317 2711 1462 2751 Suppono
1496 2710 1594 2750 primo
1624 2721 1692 2740 cum
1722 2711 1901 2742 doctoribus

1127 2761 1252 2799 sanctis,
1270 2762 1351 2802 quod
1368 2761 1398 2791 in
1416 2761 1566 2792 Clu-istos*
