2254 3117
768 178 1003 213 COLLEGII
1034 181 1170 215 Now.
1825 184 1867 215 51

452 278 562 312 CXL.

63 340 180 374 Codex
208 340 500 375 membranaceus.
520 341 553 373 iu
580 343 640 373 4t0
659 341 792 379 minori,
812 339 845 372 ff.
863 342 943 377 155,

86 401 152 423 sec.
168 390 238 423 xiii.
258 390 429 423 exeuntis.

106 460 132 488 1.
150 457 179 489 S.
198 457 342 498 Gregorii
366 469 454 499 papae
471 458 497 488 I.
520 457 628 499 Magni
649 457 851 498 Dialogorum
873 457 942 487 libri

166 513 319 550 quatuor;
346 509 468 550 praeviis
484 509 691 550 capitulorum
708 509 830 539 tabulis.
848 509 898 539 fol.
915 519 941 540 2.

210 559 347 590 Exstant
368 561 505 602 impress.
523 560 606 590 inter
628 570 733 600 opera,
750 559 824 590 edit.
842 560 940 591 Bene-

186 611 259 641 diet.
276 615 351 641 tom.
364 611 394 641 ii.
411 611 468 642 col.
487 621 554 652 150.

210 661 245 691 ln
261 661 355 698 calce,
372 667 389 676 ¹‘
405 662 541 703 Explicit
556 662 634 692 liber
649 661 842 704 dialogorum
858 663 941 694 beati

186 712 357 753 Gregorii.'''

102 769 132 798 2.
149 767 305 809 Anonymi
321 768 483 808 cujusdam
498 768 652 809 expositio
668 769 818 800 orationis
835 769 941 801 Domi-

165 819 260 856 nicae;
287 830 356 850 cum
372 819 509 860 prologo.
534 820 584 850 fol.
601 829 638 860 72
653 821 681 851 b.

155 888 157 890 v
208 871 307 912 Incip.
319 871 394 912 prol.
410 876 427 885 “
440 871 607 902 Protector
622 876 728 902 noster
739 872 842 913 aspice
856 873 942 902 Deus

186 926 218 953 et
233 922 350 963 respice
366 922 397 952 in
413 922 523 952 faciem
539 922 657 953 Christi
674 923 730 953 tui.
776 923 942 954 Protector

185 978 292 1005 noster
308 975 394 1004 Deus
410 977 500 1014 pater
516 978 574 1011 est,
591 974 643 1015 qui
660 985 731 1004 suos
746 975 913 1016 protegit.”

209 1025 308 1065 Incip.
325 1036 431 1066 expos.
454 1031 471 1040 “
488 1025 557 1056 Hee
573 1030 621 1056 est
639 1037 713 1067 ergo
730 1026 830 1057 oratio
846 1027 941 1057 domi-

186 1076 254 1107 nica
270 1076 382 1107 ceteris
397 1076 540 1107 omnibus
555 1077 776 1108 01·ati0nibus.”

101 1142 129 1171 3.
147 1140 349 1171 Traetatulus
368 1140 405 1170 (le
424 1140 548 1171 homine
569 1140 709 1171 interiori
730 1146 762 1172 et
783 1142 941 1179 exteriori,

164 1191 308 1233 capitulis
324 1191 533 1232 quadraginta
549 1192 800 1233 comprehensus.
825 1193 876 1223 fol.
891 1203 938 1233 75.

208 1243 308 1284 Incip.
335 1243 507 1282 “Quatuor
528 1248 601 1274 sunt
625 1244 656 1274 in
677 1244 769 1275 rebus
792 1245 941 1286 possessis

185 1295 386 1331 observanda,
401 1295 526 1332 scilicet,
540 1306 578 1325 ne
593 1295 700 1326 illicita
713 1296 941 1336 adquiramus.”

206 1345 314 1377 Desin.
341 1352 358 1361 “
372 1346 484 1377 nimius
515 1358 587 1377 vero
616 1347 776 1388 appetitus
806 1347 940 1378 habendi

186 1398 232 1428 vel
248 1397 426 1439 possidendi
442 1398 574 1429 avaritia
590 1399 671 1429 est.”

103 1464 129 1492 4.
156 1462 205 1492 De
221 1461 383 1492 duodecim
398 1462 533 1492 abusivis
553 1462 645 1503 hujus
664 1462 757 1493 seculi
773 1463 850 1493 liber
867 1462 940 1504 [Cy-

163 1514 272 1554 priano
288 1518 319 1544 et
336 1514 516 1555 Augustino
531 1514 694 1556 tributus]
720 1515 771 1545 fol.
786 1516 835 1556 89.

101 1579 130 1607 5.
149 1577 256 1607 Sermo
281 1576 312 1606 in
334 1577 454 1618 Moysis
477 1578 581 1616 verba,
607 1577 779 1609 ‘Dominus
803 1579 840 1609 de
866 1579 940 1610 Sina

165 1629 269 1660 venit.’
294 1629 346 1659 fol.
362 1639 399 1670 93
414 1629 444 1660 b.

208 1680 308 1721 Incip.
327 1686 346 1695 “
360 1681 435 1711 Sina
450 1680 677 1721 interpretatur
693 1682 903 1712 niandatuin.”

101 1744 128 1775 6.
154 1745 203 1776 De
220 1745 284 1776 vita
299 1745 401 1776 activa
417 1752 447 1776 et
466 1745 716 1786 contemplativa.
739 1746 790 1776 fol.
805 1756 844 1786 99
859 1747 886 1777 b.

207 1796 303 1837 Incip.
323 1803 340 1811 “
356 1797 501 1827 Activam
514 1802 545 1827 et
558 1797 830 1838 contemplativam
843 1798 937 1829 vitam

183 1848 242 1878 due
259 1847 343 1878 beati
359 1847 461 1878 Jacob
478 1848 621 1879 mulieres
638 1849 906 1890 (lesignaverunt.”

99 1912 128 1942 Τ.
148 1912 178 1941 S.
205 1910 350 1953 Gregorii
375 1923 465 1953 papae
491 1913 531 1948 1..
557 1913 672 1954 magni,
698 1914 776 1944 liber
802 1915 840 1945 de
864 1926 938 1945 cura

162 1963 320 2004 pastorali.
344 1963 395 1994 fol.
412 1972 480 1994 102.

204 2014 320 2045 Exstat
337 2015 475 2056 impress.
493 2015 575 2046 inter
590 2026 695 2057 opera,
713 2017 761 2047 ed.
776 2017 935 2048 Benedict.

181 2072 255 2096 tom.
269 2065 297 2096 ii.
315 2066 372 2096 eol.
386 2076 412 2096 1.

203 2117 420 2152 Praemittitur,
442 2117 580 2148 “Sancti
605 2118 740 2159 Spiritus
762 2119 838 2149 assit
862 2120 936 2150 mihi

180 2169 312 2209 gratia?

93 2225 124 2253 8.
143 2223 274 2265 Remigii
298 2224 581 2255 Autissiodorensis
604 2225 724 2255 libellus
749 2236 842 2266 super
866 2227 934 2257 mis-

159 2287 224 2306 sam
240 2276 374 2306 Domini.
399 2277 450 2307 fol.
467 2287 534 2316 142.

201 2327 264 2358 Tit.
283 2328 428 2369 “Incipit
445 2329 577 2369 quedam
593 2328 758 2358 defloracio
774 2329 934 2370 eujusdam

180 2378 328 2420 sapientis
344 2390 437 2420 super
453 2379 578 2409 missam
592 2379 727 2415 Domini,
744 2379 861 2410 scilicet
874 2380 933 2411 Re-

178 2429 270 2471 megii
286 2430 584 2460 Autisi0d01'ensis.''

200 2480 298 2522 Incip.
317 2480 525 2512 “Celebratio
548 2481 641 2511 misse
661 2480 692 2510 in
713 2491 933 2510 commemora-

178 2531 262 2562 tione
277 2532 428 2572 passionis
445 2532 559 2564 Christi
576 2531 767 2573 peragitur.”

94 2596 123 2627 9.
142 2595 288 2636 Ejusdem
318 2596 472 2637 expositio
505 2595 655 2626 orationis
686 2593 868 2629 Dominicae.
900 2598 931 2625 et

158 2647 296 2687 symboli,
313 2658 387 2688 pars
403 2647 519 2678 scilicet
535 2646 636 2687 operis
651 2656 745 2686 supra
756 2645 930 2676 memorati.

156 2697 205 2727 fol.
227 2708 292 2737 ¹49·

199 2748 298 2789 Incip.
315 2749 441 2779 “Pater
464 2753 577 2778 noster.
624 2747 694 2777 Hec
715 2752 820 2778 autem
843 2747 930 2778 obse-

175 2799 272 2830 cratio
289 2800 389 2831 oratio
405 2799 570 2830 Dominica
584 2799 744 2829 vocatur.‘’

1146 278 1182 307 In
1199 278 1289 314 ealce,
1309 285 1325 294 ·‘
1342 278 1504 319 Expositio
1526 278 1616 308 misse
1637 284 1731 319 atque
1752 278 1870 308 simboli

1123 328 1245 369 explicit
1262 329 1368 360 libcr.''

1041 391 1087 421 10.
1106 392 1260 423 Nonnulla
1270 393 1308 423 (lc
1321 393 1534 424 ecclesiasticis
1544 394 1741 431 indumentis,
1752 394 1871 435 [eodem

1101 448 1227 474 auctore
1239 444 1258 485 ἓ]
1282 445 1333 475 sol.
1352 454 1419 485 152.

1143 495 1239 536 Iucip.
1273 502 1291 511 ⁴¹
1310 496 1450 526 Primum
1479 496 1693 527 indumentum
1723 495 1872 526 ministris

1122 546 1246 577 ecclesie
1262 551 1309 577 est
1325 547 1604 588 superhumeralc.''

1038 610 1087 639 11.
1105 610 1136 640 S.
1156 611 1325 651 Augustini
1342 612 1466 642 homilia
1482 612 1520 643 de
1536 612 1566 643 S.
1579 612 1709 653 Joseph.
1732 612 1784 642 fol.
1801 621 1870 653 152.

1143 661 1205 692 Tit.
1231 662 1381 693 “Omelia
1404 664 1502 694 sancti
1519 663 1687 705 Augustini
1709 663 1747 694 de
1764 668 1872 694 sancto

1121 713 1142 742 J
1146 713 1269 754 oseph.”

1144 765 1241 805 Incip.
1254 771 1272 780 ⁴¹
1281 765 1432 804 Quociens
1442 766 1540 802 nobis,
1551 766 1715 803 karissimi,
1725 767 1871 798 lectiones

1121 814 1158 844 de
1175 819 1364 845 testamento
1381 816 1475 846 veteri
1491 816 1691 847 recitantur*

1143 865 1258 896 Exstat
1274 866 1355 897 inter
1370 878 1474 908 opera,
1491 871 1563 898 tom.
1578 879 1606 898 v.
1622 879 1692 909 app.
1710 868 1764 898 eol.
1781 870 1827 898 26.

1144 917 1182 947 In
1198 917 1289 954 calce,

1056 978 1084 997 a.
1102 967 1150 998 De
1179 968 1357 999 definitione
1386 980 1504 1004 vocum,
1538 976 1543 984 ¹
1562 970 1724 1005 Eternum,
1755 970 1869 1011 Perpe-

1122 1026 1221 1055 tuum‚
1240 1019 1480 1060 Sempiternum,
1499 1021 1701 1062 Temporale.¹

1057 1070 1085 1100 b.
1105 1077 1121 1084 '⁴
1136 1071 1289 1106 Armoise,
1316 1071 1498 1112 Mugwede5
1525 1072 1656 1113 Alugne,
1681 1072 1868 1106 WVermodem

1122 1121 1229 1158 Vanel‚
1248 1122 1443 1164 Lapwynkffi
1466 1123 1644 1154 Fasciculus
1659 1124 1722 1159 lini,
1739 1124 1871 1155 Uirium*

993 1298 1112 1332 Codex
1144 1299 1439 1339 membranaceus,
1466 1300 1499 1332 in
1529 1299 1619 1339 folio,
1648 1300 1680 1332 ff.
1706 1299 1786 1337 296,
1806 1311 1870 1332 sec.

1018 1358 1083 1397 xi.;
1112 1357 1199 1391 binis
1218 1357 1388 1391 columnis
1414 1358 1544 1402 optime
1569 1362 1729 1391 exaratus
1751 1363 1786 1391 et
1805 1369 1872 1391 ser-

1017 1420 1126 1449 vatus.

1035 1476 1066 1507 S.
1084 1476 1228 1517 Gregorii
1252 1475 1438 1506 Nazianzeni
1462 1475 1609 1506 Homiliae
1633 1476 1783 1511 sedeciam
1817 1477 1872 1506 sci-

1055 1527 1137 1564 licet,

1036 1580 1062 1609 l.
1081 1579 1115 1609 In
1139 1584 1281 1609 sanctum
1305 1578 1428 1609 Pascha
1451 1579 1528 1614 duze,
1547 1578 1577 1608 in
1600 1589 1710 1608 novam
1735 1578 1871 1608 Domini-

1097 1641 1165 1660 cam
1181 1641 1253 1665 una,
1270 1635 1301 1660 et
1318 1630 1348 1660 in
1366 1630 1396 1660 S.
1415 1630 1634 1661 Pentecostem
1650 1641 1721 1660 una.
1743 1629 1794 1659 fol.
1811 1641 1834 1660 1.

1140 1681 1207 1712 Tit.
1225 1681 1243 1712 i.
1268 1683 1318 1711 τοῦ
1335 1682 1367 1711 ἐν
1387 1683 1480 1720 ἁγίοις
1499 1681 1605 1720 πατρὸς
1620 1682 1699 1719 ἡμῶν
1716 1683 1871 1720 Γρηγορίου

1119 1734 1276 1763 ἐπισκόπου
1295 1756 1301 1762 .
1316 1757 1321 1762 .
1337 1757 1342 1762 .
1360 1755 1367 1762 .
1382 1735 1432 1762 τοῦ
1448 1734 1590 1772 θεολόγον
1607 1735 1646 1765 εἰς
1661 1734 1693 1762 τὸ
1710 1734 1809 1773 πάσχα
1826 1735 1871 1763 καὶ

1118 1786 1158 1816 εἰς
1173 1785 1225 1822 τὴν
1240 1786 1414 1823 βραδυτῆτα.

1140 1836 1277 1867 Exstant
1300 1836 1437 1876 impress.
1464 1836 1544 1866 inter
1569 1847 1673 1876 opera,
1698 1837 1745 1866 ed.
1771 1836 1870 1870 Billio.

1117 1892 1192 1918 tom.
1206 1887 1224 1917 i.
1242 1898 1292 1928 pp.
1310 1888 1382 1928 673,
1397 1898 1471 1928 seqq.

1031 1944 1060 1972 2.
1080 1943 1117 1972 In
1134 1942 1255 1972 laudem
1273 1941 1302 1972 S.
1317 1942 1462 1983 Cypriani
1478 1943 1633 1982 martyris.
1659 1942 1708 1972 fol.
1723 1945 1761 1980 46
1776 1943 1804 1972 b.

1138 1993 1254 2024 Exstat
1270 1994 1342 2024 ibid.
1359 2000 1434 2024 tom.
1449 1994 1468 2023 i.
1486 2005 1514 2034 p.
1532 2003 1599 2033 274.

1031 2056 1059 2085 23.
1078 2054 1115 2084 In
1133 2054 1164 2084 S.
1177 2054 1346 2085 Athanasii
1363 2054 1495 2085 laudem.
1521 2054 1571 2084 fol.
1583 2064 1633 2094 59.

1138 2106 1220 2135 Ibid.
1237 2111 1313 2136 tom.
1327 2106 1346 2136 i.
1363 2117 1392 2147 p.
1405 2115 1477 2147 373.

1031 2163 1057 2191 4.
1076 2161 1114 2191 In
1131 2160 1382 2191 Maccabaeorum
1398 2161 1530 2192 laudem.
1560 2161 1609 2191 fol.
1625 2162 1672 2191 82.

1137 2216 1216 2246 Ibid.
1233 2220 1307 2247 toni.
1320 2217 1338 2247 i.
1356 2228 1385 2258 p.
1399 2226 1471 2257 397.

1029 2274 1058 2301 5.
1076 2272 1127 2301 Ad
1150 2271 1311 2302 Julianum
1338 2271 1526 2302 tributorum
1550 2274 1785 2312 exaequatorem.
1813 2268 1863 2298 fol.

1093 2333 1130 2363 92
1145 2322 1174 2352 b.

1137 2372 1213 2402 Ibid.
1231 2376 1303 2403 tom.
1318 2373 1335 2402 i.
1353 2385 1383 2414 p.
1401 2383 1466 2412 149.

1029 2426 1056 2456 6.
1076 2427 1113 2456 In
1130 2427 1245 2457 Christi
1262 2427 1469 2458 nativitatem.
1494 2427 1542 2456 fol.
1563 2436 1615 2466 103
1631 2426 1658 2455 b.

1136 2479 1216 2509 Ibid.
1235 2483 1309 2509 tom.
1323 2479 1342 2509 i.
1357 2490 1387 2520 p.
1403 2480 1474 2518 613.

1028 2536 1055 2566 7.
1074 2535 1111 2565 In
1131 2535 1186 2565 SS.
1204 2535 1329 2565 lumina.
1351 2535 1402 2565 fol.
1419 2543 1485 2574 115.

1134 2586 1212 2616 Ibid.
1230 2591 1304 2617 tom.
1319 2586 1338 2616 i.
1354 2598 1381 2627 p.
1396 2587 1466 2624 624.

1026 2643 1055 2670 8.
1076 2640 1128 2680 [In
1146 2642 1176 2671 S.
1191 2641 1411 2686 Baptismum]
1437 2640 1487 2670 fol.
1505 2641 1559 2669 128
1574 2639 1600 2667 b.

1138 2691 1218 2722 Ibid.
1234 2696 1309 2721 tom.
1324 2690 1341 2720 i.
1359 2701 1386 2730 p.
1401 2691 1470 2729 637.

1025 2748 1054 2780 9.
1072 2747 1120 2777 De
1137 2757 1308 2788 pauperum
1323 2756 1437 2776 amore.
1462 2744 1490 2775 ff.
1510 2747 1565 2784 165
1581 2744 1702 2784 b—193
1718 2743 1746 2779 b,
1764 2746 1832 2772 226.

1132 2798 1210 2828 Ibid.
1228 2802 1303 2828 tom.
1318 2797 1334 2826 i.
1352 2807 1381 2837 p.
1396 2805 1464 2837 239.

1081 2861 1105 2884 H
1126 2854 1146 2884 2
