2254 3117
351 162 397 193 52

460 256 555 298 Incip.
574 257 650 297 prol.
673 257 769 295 “Que
791 257 894 297 glossa
916 257 1017 296 prima
1039 256 1104 287 sine
1124 256 1234 287 recita·
1266 260 1268 290 Ι,

438 307 521 338 tione
537 313 585 338 est
600 308 730 349 legenda
745 308 912 338 secundum
927 308 949 338 J
952 320 981 338 o.
994 308 1160 339 Andreae.”
1267 300 1268 310 ¹

460 357 555 398 Incip.
577 362 741 388 comment.
762 363 779 375 ‘⁶
792 358 988 393 Bonifacius;
1016 358 1104 389 Istud
1126 358 1234 399 prolie-

436 409 531 438 mium
547 413 652 448 potest
668 409 761 439 dividi
778 410 808 439 in
825 409 959 450 quinque
978 414 1083 451 partes
1099 410 1233 440 tenendo

438 460 517 499 quod
535 459 684 490 salutacio
700 460 741 491 sit
756 461 794 491 de
809 461 969 502 epistola.”

459 510 562 540 Desin.
577 511 616 540 ab
630 511 717 542 initio
729 512 778 542 tit.
792 516 799 529 ‘
811 512 849 542 de
862 512 925 543 vita
941 516 972 543 et
988 512 1152 543 honestate
1165 512 1234 543 Cle-

437 560 589 598 rimu-unis
610 562 640 592 in
661 556 771 600 verbi's,
789 568 806 580 “
818 574 885 604 cap.
903 564 1067 602 Quoniam,
1086 563 1137 594 ubi
1159 563 1232 593 dici-

435 614 507 642 tur'’
608 618 643 644 nt
659 625 753 654 supra
770 614 799 644 in
816 615 882 645 cod.
899 625 966 656 159.

704 717 876 751 CLXIII.

351 776 471 810 Codex
490 778 781 819 membranaceus,
798 781 832 814 in
852 781 934 814 folio
953 780 1085 818 minori,
1104 780 1231 816 111217.

375 846 441 868 sec.
460 835 517 868 xii.
543 838 721 877 exeuntis;
751 838 839 872 binis
866 839 1034 875 columnis
1061 843 1232 877 exaratus,

375 904 418 926 ex
437 894 526 927 dono
545 895 698 939 ejusdem
715 895 897 930 willelmi.

394 960 479 991 Petri
494 960 681 1003 Cluysologi,
695 962 828 1003 episcopi
842 962 1063 998 RaveiincnsiS‚
1077 973 1232 993 sermones

412 1017 535 1042 centum
557 1013 757 1054 septuaginta
777 1025 842 1048 sex.
860 1014 974 1055 przrvia
991 1013 1103 1044 notitia
1120 1013 1232 1045 Felicis

413 1063 547 1105 episcopi
563 1064 601 1094 de
617 1064 693 1105 ips0‚
710 1068 741 1095 et
758 1065 893 1106 capitum
910 1065 1026 1096 tabula.

455 1114 518 1145 Tit.
548 1119 565 1131 “
582 1115 697 1156 Incipit
724 1116 869 1156 prologus
897 1115 1009 1146 Felicis
1039 1116 1172 1156 episcopi
1201 1116 1230 1146 in

433 1176 589 1196 sermones
627 1166 709 1197 beati
746 1166 832 1197 Petri
868 1166 1069 1203 Ravennatis,
1105 1167 1231 1197 ecclesie

431 1215 613 1256 pontilicis.”

454 1265 551 1307 Incip.
581 1271 598 1282 “
616 1266 732 1296 Beatus
762 1266 934 1307 pontifex.''
962 1270 995 1296 ut
1027 1266 1056 1295 in
1086 1266 1228 1296 Bandinii

433 1315 534 1347 Catal.
551 1320 625 1347 tom.
643 1317 680 1346 iv.
698 1317 753 1347 col.
768 1326 838 1357 309.

454 1367 549 1408 Incip.
567 1379 657 1397 serm.
675 1368 692 1398 i.
711 1373 728 1384 ‘⁴
742 1368 791 1398 Dc
807 1368 927 1398 duobus
947 1368 1096 1398 fratribus
1113 1368 1229 1399 heredi-
1256 1386 1259 1388 -

431 1422 529 1449 tatem
550 1419 746 1459 petentibns;
773 1419 879 1450 Hodie
895 1420 982 1450 nobis
999 1419 1178 1454 D‹›1ni1111s.''
1195 1425 1230 1451 ut

431 1470 461 1499 in
477 1470 550 1500 edit.
567 1470 680 1500 Vcnet.
698 1480 786 1509 1742,
805 1482 832 1511 p.
851 1481 874 1500 1.

702 1568 873 1602 CLXIV.

346 1629 566 1669 (hm-tacens,
586 1631 619 1663 in
643 1630 733 1669 folio,
753 1631 786 1664 ff.
802 1633 884 1670 394,
907 1643 972 1665 sec.
989 1644 1054 1669 xv..
1074 1645 1117 1666 ex
1139 1634 1228 1667 dono
1260 1650 1263 1660 ε

370 1687 523 1731 ejusdem
548 1687 728 1722 Willolmi.

388 1752 569 1782 Semnonum
591 1752 731 1783 collectio
752 1753 782 1782 in
804 1753 932 1783 concilio
948 1754 1117 1785 Basileensi
1140 1756 1229 1786 annis

412 1804 490 1843 1436
507 1813 590 1843 seqq.
608 1802 771 1833 factorum.

451 1853 513 1884 Tit.
530 1854 548 1884 i.
566 1860 583 1870 ‘⁴
597 1855 705 1884 Sermo
724 1855 754 1884 in
776 1855 824 1885 die
842 1855 984 1896 Epifanic
1001 1856 1127 1887 Domini
1147 1868 1228 1888 anno

434 1906 512 1946 1436
529 1904 559 1934 in
577 1905 713 1945 generali
729 1906 891 1936 Basiliensi
909 1907 1037 1937 concilio
1053 1908 1154 1938 factus
1174 1920 1230 1950 per

430 1957 495 1986 Ma.
519 1957 677 1987 doctorem
706 1957 737 1987 in
764 1957 921 1999 theologia
950 1958 1066 1988 ordinis
1097 1959 1227 1990 fratrum

428 2007 611 2037 ininoi·11m.”

452 2058 546 2099 Incip.
565 2063 583 2075 ‘⁶
594 2058 755 2090 Intrantes
771 2060 897 2090 domum
913 2060 1106 2097 invenerunt,
1120 2065 1178 2091 etc.
1196 2067 1227 2092 et

429 2109 459 2138 in
490 2109 647 2150 evangelio
676 2110 824 2141 hodierne
854 2110 1033 2142 festivitatis
1064 2111 1227 2142 novissime

429 2161 624 2191 decantato?

451 2211 634 2241 Sermonum
652 2216 806 2249 auctores,
827 2224 957 2253 quorum
977 2214 1102 2244 nomina
1123 2225 1227 2245 occur-

428 2266 501 2293 runt
516 2262 607 2292 liceat
623 2263 807 2300 exscribere,

365 2315 392 2343 1.
411 2313 543 2344 Simonis
560 2313 587 2343 F
590 2313 690 2344 reroni
706 2314 851 2345 doctoris.
868 2327 897 2355 p.
910 2317 960 2355 38.

364 2366 393 2394 2.
411 2364 547 2395 Abbatis
568 2364 606 2394 de
624 2363 843 2405 Dritudaynan
865 2367 902 2396 de
922 2367 1028 2398 scotia
1049 2371 1081 2398 et
1102 2367 1223 2398 ambas-
1258 2370 1259 2374 ’

427 2415 550 2446 siatoris
565 2415 646 2456 regis
663 2416 785 2446 Scotiae.
808 2427 840 2456 p.
856 2425 902 2456 72.

364 2469 392 2497 3.
409 2466 429 2496 J
433 2466 563 2497 ohannis
578 2466 728 2503 Albaicri,
745 2467 883 2497 canonici
900 2468 1059 2508 regularis.
1084 2480 1113 2509 p.
1131 2479 1180 2509 93.

470 2518 521 2548 Ad
538 2529 566 2558 p.
583 2527 591 2547 1
605 2518 640 2547 16
657 2521 795 2552 notatur.
814 2517 938 2549 “.Hunc
954 2530 1125 2549 sermonem
1142 2531 1222 2550 com-
1256 2531 1258 2537 ¹

448 2569 539 2610 pilavi
563 2581 619 2610 ego
642 2569 754 2599 Petrus
780 2569 931 2610 l'orquirii
956 2571 1065 2600 doctor
1087 2571 1117 2601 S.
1135 2571 1169 2601 P.
1194 2572 1223 2601 in
1256 2603 1257 2609 ἵ

449 2620 651 2650 universitate
667 2620 844 2650 Tholosana
860 2624 891 2650 et
910 2620 1103 2661 provincialis
1122 2621 1224 2651 minis-

447 2676 496 2702 ter
511 2672 643 2702 fratrum
659 2671 812 2702 minorum
828 2671 857 2701 in
874 2671 1030 2712 provincia.
1043 2672 1222 2712 Aquitanie.
1242 2691 1246 2696 ‹

447 2723 571 2764 quando
587 2734 671 2753 eram
688 2723 820 2760 Basilee,
837 2733 928 2764 quam
949 2722 1103 2763 predicavi
1120 2734 1223 2754 coram

447 2778 515 2805 tota
535 2774 744 2805 sacratissima
760 2773 941 2805 universalis
962 2773 1086 2805 ecclesie
1108 2775 1224 2815 synodo
1255 2790 1257 2802 r

1286 1857 1333 1888 16.

1284 1960 1324 1990 17

1283 2113 1322 2142 18

1282 2164 1322 2196 19

1281 2316 1321 2345 20

1278 2622 1328 2651 523.

1278 2672 1328 2701 5212

912 159 1215 195 CATALOGUS
1241 159 1479 195 CODICUM
1508 160 1614 195 MSS.

1393 269 1475 289 anno
1496 258 1620 289 Domini
1646 268 1723 299 1435
1746 258 1886 289 dominic.
1909 259 1947 290 iv.
1966 260 2169 303 Quadi-agesi-

1394 310 1480 340 nun?5

1332 384 1337 390 .
1354 359 1373 389 J
1376 360 1507 390 ohannis
1523 361 1561 390 de
1574 360 1710 401 Ronray,
1728 365 1745 376 “
1758 360 1945 401 praedicatus
1961 362 2010 393 die
2023 363 2167 404 Concept.

1373 411 1408 441 B.
1423 411 1518 441 MV.
1535 411 1780 441 111.cccc.xxxv.”
1797 423 1824 452 p.
1842 421 1908 452 149.

1332 490 1337 495 .
1355 465 1475 501 Jacobi,
1495 477 1542 506 cp.
1561 465 1733 496 Laudensis
1754 471 1786 496 et
1806 466 1946 507 magistri
1971 466 2077 507 palatii
2097 479 2169 508 apo-

1373 516 1480 547 stolici.
1504 528 1532 558 p.
1550 527 1619 556 179.

1332 596 1338 601 .
1355 571 1489 602 Collatio
1516 571 1599 601 facta
1626 570 1657 600 in
1683 571 1860 601 ascensione
1889 571 2016 602 Domini
2044 573 2169 604 concilio

1374 622 1553 659 Dasilecnsi,
1574 631 1663 662 1432,
1684 633 1703 652 a
1724 621 1858 663 quodam
1881 623 2030 664 magistro
2052 624 2170 654 theolo-

1371 673 1430 715 giae
1447 674 1485 704 do
1501 673 1608 703 ordine
1625 673 1830 704 Cisterciensi.
1855 685 1883 714 p.
1901 684 1970 705 210.

1331 727 1509 758 ..Iohannis
1536 728 1574 758 de
1599 728 1753 765 l'olemar,
1777 729 1857 758 sedis
1883 735 1984 770 apost.
2009 741 2170 762 causarum

1372 779 1533 810 auditoris.
1557 790 1586 820 p.
1604 787 1672 820 245.

1355 830 1483 860 Henrici
1501 830 1661 870 Kultyson⁷
1680 829 1710 860 S.
1723 830 1758 860 T.
1771 830 1805 860 P.
1824 831 1889 861 ord.
1909 831 2012 862 Praed.
2037 843 2066 872 p.
2082 841 2148 873 253.

1331 907 1336 912 .
1356 881 1499 921 Magistri
1513 881 1669 914 Matthias.
1685 881 1881 922 provincialis
1894 882 2047 914 Saxoniae.
2060 895 2089 924 p.
2100 886 2168 915 266.

1352 933 1507 963 ‚Iohannis
1524 932 1635 962 Didaci
1651 932 1689 962 de
1706 932 1798 970 coca,
1815 933 1940 965 Decret.
1958 935 2103 971 doctor-is.
2119 936 2170 966 ab·

1370 983 1452 1014 batis
1469 984 1506 1013 dc
1522 983 1683 1013 Cernatos.
1708 995 1738 1024 p.
1755 992 1824 1024 277.

1329 1059 1334 1064 .
1354 1035 1389 1065 P.
1404 1034 1571 1075 Dignensis
1587 1034 1734 1075 episcopi.
1752 1034 1783 1064 in
1799 1035 1848 1065 die
1864 1035 2066 1067 Pentecostes
2082 1046 2169 1078 1434.

1370 1098 1399 1128 p.
1419 1096 1490 1127 314.

1330 1162 1335 1168 .
1354 1137 1484 1167 Arnoldi
1510 1137 1548 1166 de
1568 1136 1679 1166 Glimis
1702 1136 1861 1178 praepositi
1885 1138 1923 1168 de
1945 1138 2082 1175 Morsen,
2103 1139 2168 1169 ord.

1371 1189 1485 1219 Bened.
1504 1188 1533 1218 in
1550 1188 1599 1218 (lie
1618 1188 1747 1218 Nativit.
1764 1188 1800 1218 Β.
1814 1188 1904 1218 MV.
1924 1199 2011 1230 1435.
2029 1201 2057 1230 p.
2071 1201 2142 1232 330.

1353 1239 1503 1271 Guidonis
1526 1239 1564 1269 (le
1580 1239 1758 1275 Versailles,
1776 1239 1807 1269 S.
1819 1239 1854 1269 T.
1867 1239 1903 1270 B.
1924 1240 1954 1270 in
1977 1241 2026 1271 die
2047 1241 2078 1272 S.
2096 1241 2168 1272 Dio-

1370 1291 1446 1332 nysii
1476 1292 1563 1331 1436.
1589 1290 1648 1320 “in
1673 1301 1734 1331 qua
1761 1291 1820 1321 fuit
1842 1291 1997 1331 processio
2023 1299 2054 1323 et
2077 1293 2170 1324 missa

1370 1341 1513 1372 solemnis
1529 1352 1585 1382 pro
1601 1353 1676 1382 pace
1694 1342 1862 1373 Franciae.”
1878 1354 1906 1383 p.
1919 1352 1991 1384 357.

1353 1394 1505 1424 Johannis
1543 1394 1636 1434 prior.
1673 1394 1841 1425 Fornensis
1881 1395 1947 1425 ord.
1983 1395 2167 1427 Praemonst.

1370 1445 1512 1475 dominic.
1529 1445 1565 1475 iv.
1584 1446 1836 1487 Quadi-agesimae
1856 1455 1946 1487 1435.
1968 1458 1997 1487 p.
2011 1456 2084 1487 370.

1352 1496 1475 1527 Domini
1488 1497 1595 1526 decani
1609 1497 1698 1527 Asto.
1712 1508 1747 1527 su
1760 1522 1765 1527 .
1778 1521 1785 1528 .
1796 1497 2047 1538 compostellani.
2060 1510 2088 1539 p.
2097 1507 2167 1538 407.

1412 1548 1592 1588 Sequuntur
1617 1546 1667 1577 hic
1696 1547 1838 1578 Mauritii
1864 1547 1903 1578 de
1927 1547 2031 1589 Praga
2057 1559 2168 1579 sermo-

1390 1610 1444 1629 nes
1457 1599 1518 1629 duo
1533 1598 1563 1628 in
1577 1597 1704 1628 concilio
1715 1598 1946 1629 Constantiensi
1959 1598 2069 1636 habiti,
2079 1601 2167 1637 1416.

1389 1661 1417 1690 p.
1435 1661 1451 1686 ⁴⁴
1455 1659 1473 1690 3
1481 1659 1506 1679 2.

1412 1700 1507 1741 Incip.
1532 1700 1550 1730 i.
1582 1704 1598 1716 ⁵²
1612 1699 1726 1730 Habeo
1756 1700 1842 1730 vobis
1872 1700 1982 1736 dicere,
2009 1700 2084 1730 Joh.
2107 1701 2166 1731 xvi.

1390 1750 1591 1792 Originaliter
1606 1754 1638 1781 et
1654 1750 1685 1780 in
1704 1750 1804 1781 officio
1821 1751 1913 1781 misse
1930 1752 2165 1793 transumptive,

1390 1801 1634 1832 reverendissimi
1650 1802 1786 1841 pat1·cs.”

1353 1857 1472 1887 Fratris
1504 1856 1652 1886 willelmi
1688 1856 1858 1893 Tuscanne,
1894 1857 1932 1887 de
1970 1858 2166 1889 observantia

1369 1909 1398 1938 S.
1414 1906 1572 1937 Francisci
1589 1907 1626 1937 de
1645 1907 1787 1938 Francia.
1810 1919 1839 1948 p.
1856 1909 1928 1948 496.

1351 1958 1485 1988 Abbatis
1500 1957 1712 1988 Cisterciensis
1735 1969 1835 1988 sermo
1858 1958 1888 1988 in
1909 1959 2044 1990 adventu
2066 1959 2165 1990 Bohe-

1368 2020 1487 2039 morum
1513 2012 1701 2049 congregato
1729 2009 1855 2040 concilio
1879 2009 2019 2050 prolatus
2042 2010 2074 2040 in
2096 2021 2165 2041 con-

1367 2061 1490 2090 sistorio
1505 2060 1636 2101 publico.
1658 2071 1686 2101 p.
1699 2070 1772 2101 512.

1349 2111 1484 2142 Abbatis
1499 2112 1537 2140 (1(ι
1554 2111 1714 2147 Mulbron,
1730 2111 1795 2141 ord.
1811 2111 1938 2141 Cisterc.
1957 2123 1985 2152 p.
1998 2121 2069 2152 541.

1348 2163 1397 2193 De
1419 2162 1572 2192 dominica
1594 2162 1677 2192 xxiii.
1700 2173 1755 2203 pcr
1775 2162 1907 2202 priorem
1931 2163 2111 2194 monasterii
2132 2163 2162 2194 S.

1365 2213 1496 2254 Benigni
1512 2213 1716 2249 Divionensis.
1735 2214 1800 2243 ord.
1816 2213 1902 2244 Clun.
1920 2214 1958 2244 de
1975 2214 2163 2246 auctoritate

1365 2269 1395 2294 et
1414 2267 1570 2305 potestate
1587 2263 1705 2293 concilii
1721 2264 1882 2304 generalis.
1903 2275 1931 2305 p.
1945 2265 2017 2304 589.

1325 2340 1329 2345 .
1345 2315 1471 2345 Thonne
1485 2315 1522 2344 de
1534 2314 1736 2345 universitate
1745 2314 1914 2346 Viennensi
1925 2315 2041 2346 S.T.P.
2055 2316 2161 2356 p.608.

1408 2366 1529 2396 Folium
1546 2366 1626 2396 inter
1642 2377 1692 2406 pp.
1705 2369 1766 2396 610
1783 2371 1813 2396 et
1831 2368 1890 2407 613
1908 2367 2043 2397 excisum
2060 2372 2117 2397 est.

1350 2417 1474 2447 Hom-ici
1497 2417 1604 2448 Bakel.
1628 2428 1679 2447 scu
1703 2417 1809 2450 Babel.
1827 2418 1865 2448 (le
1881 2417 1973 2448 Deist
1990 2417 2019 2448 S.
2032 2417 2067 2447 T.
2080 2417 2113 2447 P.
2132 2417 2163 2447 in

1364 2469 1413 2498 die
1429 2469 1484 2499 SS.
1499 2468 1634 2509 Philippi
1651 2472 1682 2498 et
1697 2468 1819 2499 Jacobi.
1844 2480 1874 2510 p.
1889 2470 1960 2510 629.

1346 2519 1503 2560 Radulphi
1527 2520 1565 2549 de
1588 2520 1686 2550 l'ortu
1711 2519 1740 2549 in
1763 2519 1915 2550 Dominio.
1941 2523 2011 2560 post
2035 2519 2161 2550 Domini

1364 2571 1567 2601 nativitatem.
1590 2582 1619 2612 p.
1632 2574 1704 2611 650.

1346 2622 1453 2652 Sermo
1469 2621 1620 2652 auditoris
1636 2621 1750 2652 domini
1768 2621 1890 2662 Legati.
1912 2632 1941 2660 p.
1957 2623 2028 2662 665.

1346 2671 1392 2701 M.
1407 2672 1554 2702 Matthiae
1570 2672 1601 2702 in
1616 2676 1716 2703 octav.
1732 2673 1895 2712 Assumpt.
1911 2681 2000 2712 1434.
2020 2683 2049 2713 p.
2064 2681 2133 2713 703.

1346 2722 1492 2764 Episcopi
1509 2723 1677 2764 Dignensis
1692 2723 1723 2753 in
1741 2723 1791 2754 die
1807 2722 2000 2764 Epiphaniae.
2022 2735 2050 2764 p.
2068 2732 2138 2764 717.

1346 2774 1462 2805 Decani
1480 2774 1668 2805 Turonensis
1683 2775 1713 2805 in
1730 2774 1779 2805 die
1796 2774 1826 2805 S.
1842 2773 1981 2805 Martini.
2005 2785 2035 2815 p.
2051 2775 2120 2815 738.
