2254 3117
619 121 857 155 COLLEGII
885 121 1263 160 BALLIOLENSIS.
1823 136 1843 166 3

66 219 177 253 fratris
207 219 244 253 T.
271 219 375 259 Briel,
411 220 482 254 ord.
513 221 633 254 minor.
669 222 838 266 scriptus:
874 233 916 255 ex

64 277 153 310 dono
172 276 364 312 Alexandri
384 277 481 318 Bell;
509 278 586 312 coll.
605 278 692 312 Ball.
712 280 803 313 socii.

82 336 268 368 Bernardini
295 338 333 368 de
359 337 455 372 Senis,
482 338 548 368 ord.
574 339 825 379 praedieatorum,
855 351 916 370 ser-

101 399 207 419 mones
222 389 385 430 sexaginta
400 389 470 419 duo.

144 439 206 470 Tit.
223 444 240 456 “
253 439 411 481 Incipiunt
430 450 585 470 sermones
609 440 713 471 fratris
733 441 916 472 Bernardiui

125 515 130 520 .
146 515 151 520 .
167 515 172 520 .
188 515 194 520 .
208 491 246 521 de
261 491 369 521 ordine
384 491 516 522 fratrum
531 491 712 522 mium-um?

146 541 244 582 Ineip.
260 541 279 572 i.
299 546 316 558 “
330 541 400 572 Non
420 542 502 572 enim
520 542 599 579 veni,
622 543 758 573 solumus
779 543 880 584 legere
892 544 916 579 ;”

123 596 157 622 ut
173 592 254 622 inter
269 603 371 634 opera,
388 593 436 623 ed.
452 593 552 624 Paris.
569 598 642 624 tom.
661 594 689 624 ii.
707 605 734 635 p.
748 605 783 634 4¹
794 604 820 634 7.

145 642 181 672 ln
215 643 308 681 ealce,
344 648 361 660 “
377 643 515 685 Explicit
548 645 738 686 evangelium
776 650 917 676 eternum

122 694 205 725 beati
226 694 409 726 Bernardini
433 696 471 726 de
493 695 590 732 Senis,
615 697 731 727 ordinis
754 697 915 734 minorum,

122 757 177 788 per
196 757 306 777 manus
326 747 346 777 f.
363 747 398 777 T.
417 747 508 785 Briel,
528 748 666 789 ejusdem
687 749 815 786 ordinis,
835 761 917 780 anno

121 798 318 829 m.cecc.lxxi.
336 810 392 840 pro
408 799 487 830 festo
503 800 595 831 beate
611 800 780 831 Barba1·e.“'

422 893 529 927 VIII.

39 956 157 990 Codex
184 955 479 997 membranaceus,
507 957 542 989 in
569 956 662 997 folio,
687 957 719 990 ff.
741 960 821 994 221.
849 970 916 991 sec.

62 1014 132 1047 xiii.
157 1014 327 1052 exeuntis,
354 1014 443 1048 binis
470 1014 638 1049 columnis
665 1017 774 1050 nitide
801 1028 918 1050 exara-

62 1079 140 1110 tus3
170 1071 251 1105 olim
276 1071 356 1106 Joh.
378 1071 510 1111 Felton,
535 1073 618 1107 eccl.
638 1073 678 1106 B.
700 1073 918 1119 Magdalenae

62 1132 151 1176 apud
170 1130 347 1165 Oxonium
368 1131 494 1164 vicarii.

80 1196 106 1225 1.
129 1195 160 1226 S.
179 1195 348 1236 Augustini
372 1206 463 1236 super
480 1195 626 1226 Genesim
648 1197 687 1228 ad
710 1197 833 1228 literam
849 1198 917 1228 libri

143 1246 313 1277 duodecim.
337 1246 388 1276 fol.
404 1256 429 1277 2.

184 1296 321 1327 Exstant
337 1296 418 1327 inter
433 1308 537 1338 opera,
553 1302 628 1328 tom.
645 1298 685 1328 iii.
705 1299 761 1329 col.
778 1309 845 1340 117.

186 1349 223 1379 In
251 1349 342 1386 calce,
376 1354 393 1365 ‘⁵
411 1349 548 1390 Explicit
578 1349 655 1381 liber
681 1351 849 1392 Augustini
880 1354 918 1383 dc

163 1400 275 1431 Genesi
291 1401 331 1431 ad
347 1400 514 1431 litteram.”

79 1453 107 1482 ⁶2.
126 1451 273 1492 Ejusdem
287 1452 482 1491 Quaestiones
498 1453 657 1494 octoginta
673 1457 746 1484 tres,
772 1454 823 1484 fol.
837 1456 875 1495 65
888 1456 916 1486 b.

186 1504 282 1544 Incip.
301 1503 447 1534 “Utrum
469 1505 573 1535 anima
593 1516 612 1535 a
634 1516 666 1535 se
690 1506 756 1546 ipsa
779 1507 859 1541 sitsq
882 1512 917 1538 ut

163 1555 244 1585 inter
259 1566 330 1596 opp.
346 1560 422 1586 tom.
436 1556 472 1586 vi.
491 1555 546 1586 col.
564 1566 589 1586 1.

185 1606 222 1636 In
239 1606 330 1643 ealce,
349 1610 366 1623 ‘⁴
378 1606 524 1647 Explicit,
543 1607 610 1637 Deo
625 1608 776 1649 gratias.”

80 1658 109 1687 3.
128 1657 248 1694 Isidori,
270 1658 405 1699 episcopi
427 1658 631 1699 Hispalensis,
649 1659 917 1701 Etymologiarum

143 1708 213 1739 libri
233 1708 351 1750 viginti,
376 1708 497 1750 praeviis
520 1709 657 1740 auctoris
681 1709 917 1752 Braulionisque

141 1760 278 1801 epistolis
294 1761 419 1791 mutuis.
444 1760 494 1791 fol.
512 1771 562 1802 90.

184 1812 322 1843 Exstant
338 1813 420 1843 inter
435 1823 540 1854 opera,
556 1824 585 1854 p.
604 1823 628 1843 l.

184 1863 222 1894 In
249 1864 340 1901 ealce,
369 1869 386 1880 “
400 1864 537 1905 Explicit
563 1864 718 1896 Ysidorus
749 1865 917 1896 Ethimolo-

161 1915 282 1956 giarum
298 1915 328 1945 in
344 1915 429 1946 libris
446 1926 495 1945 xx.
512 1915 696 1947 mirabiliter
711 1916 918 1948 elaboratus.”

185 1966 369 1997 Scribuntur
384 1966 416 1996 in
431 1966 546 2008 pagina
561 1967 714 2008 sequenti,

132 2022 149 2034 “
163 2017 260 2048 Jhesu
276 2018 359 2049 Crist
375 2029 425 2059 my
442 2018 526 2049 soule
542 2019 627 2055 bote,

165 2069 203 2099 In
218 2080 290 2110 myn
306 2070 377 2100 hert
392 2070 468 2100 thou
485 2074 566 2101 sette
582 2081 601 2100 a
616 2074 693 2107 rote,

164 2120 209 2150 Of
220 2120 276 2161 thy
292 2120 358 2151 love
374 2121 444 2152 that
459 2132 494 2162 ys
510 2132 543 2151 so
560 2126 679 2158 sounte,

163 2170 246 2201 Crist
261 2174 372 2211 grante
387 2171 458 2202 that
474 2172 529 2212 hyt
544 2183 666 2213 greuwe
681 2176 776 2208 mote,

165 2222 287 2252 Crimen
303 2223 433 2254 mortale
449 2223 521 2253 dum
537 2223 679 2264 desplicit
694 2228 740 2255 est
757 2225 891 2259 veniale;

164 2272 202 2302 In
219 2284 291 2303 nece
308 2273 435 2314 quisque
446 2274 543 2315 jacet,
559 2275 632 2304 dum
648 2275 765 2305 veniale
784 2275 916 2317 plaeet.''

186 2324 351 2355 Praemissa
371 2329 419 2355 est
439 2325 561 2362 notitia,
578 2337 619 2356 an
639 2337 731 2357 manu
754 2326 776 2357 J
779 2327 827 2357 oh.
847 2327 914 2357 Fel-

164 2380 228 2410 ton,
244 2380 261 2391 ⁴⁴
274 2375 521 2413 Memomndum,
535 2377 613 2407 liber
627 2377 685 2408 iste
701 2383 732 2408 et
745 2378 823 2409 alius
839 2379 916 2408 liber

164 2426 193 2455 S.
212 2425 326 2456 Petrus
349 2426 387 2456 de
411 2426 522 2457 Salinis
544 2438 636 2468 super
657 2427 792 2459 Decreta
815 2434 845 2458 20
864 2429 912 2458 fol.

169 2478 208 2508 Ut
230 2477 264 2508 ii.
285 2477 317 2515 Q.
338 2487 362 2507 1.
386 2477 452 2508 dati
478 2483 568 2509 erant
594 2479 697 2509 domui
723 2479 761 2509 de
785 2479 915 2510 Balliolo

162 2540 217 2570 per
239 2529 320 2559 dom.
342 2528 519 2559 Johannem
545 2529 666 2566 Felton,
691 2530 837 2561 vicarium
868 2542 914 2562 ec-

163 2581 252 2611 clesie
283 2580 314 2611 S.
340 2580 442 2610 Marie
472 2580 661 2621 Magdalene
691 2587 781 2613 extra
811 2594 915 2613 muros

164 2630 386 2661 Universitatis
402 2630 502 2661 Oxon.
519 2630 560 2660 A.
573 2630 611 2660 D.
625 2638 843 2661 m.cccc.xx.m0
859 2643 915 2673 pro

163 2681 297 2722 quodam
327 2681 415 2717 libro,
444 2685 475 2711 2⁰
497 2680 548 2711 fol.
578 2680 769 2719 Vulneratur,
797 2682 827 2712 in
855 2693 915 2723 quo

164 2731 381 2762 continebatur
414 2730 606 2772 Parysiensis
642 2742 734 2772 super
768 2733 915 2774 epistolas

1096 224 1194 262 Pauli,
1212 226 1306 266 precii
1323 226 1352 267 ij.
1371 237 1463 258 marc.
1478 232 1509 258 et
1525 228 1554 258 d.
1569 232 1599 258 et
1616 239 1701 269 quar.
1715 242 1722 263 ;
1745 230 1845 260 dietus

1094 275 1174 306 dom.
1194 276 1354 308 Johannes
1377 289 1488 319 expers
1511 283 1543 309 et
1567 279 1709 310 immunis
1732 280 1843 311 aliena-

1093 326 1188 357 eionis
1221 327 1300 358 illius
1332 328 1401 359 libri
1433 336 1465 358 2⁰
1494 329 1546 360 fol.
1581 330 1769 367 mmmmm,
1802 332 1843 362 sic

1094 377 1197 408 domni
1214 379 1362 416 restituit,
1378 391 1434 421 pro
1450 392 1485 411 co
1501 381 1676 420 specialiter
1691 387 1738 412 est
1756 394 1843 413 oran-

1095 428 1197 458 dum.”

1372 500 1438 533 IX.

969 559 1087 593 Codex
1108 562 1397 602 membranaceus,
1416 565 1448 596 iu
1469 564 1559 603 folio,
1579 564 1611 597 ff.
1627 568 1683 601 97,
1703 576 1767 598 see.
1785 566 1842 598 xii.

993 619 1162 655 exeuntis,
1187 619 1275 652 binis
1301 620 1466 654 columnis
1490 622 1577 655 bene
1604 628 1773 661 exaratus
1799 634 1840 656 ex

993 676 1083 708 dono
1104 676 1274 710 Willelmi
1296 677 1396 723 Gray,
1422 691 1474 723 ep.
1495 679 1662 719 Eliensis3
1692 682 1723 713 i11
1749 681 1842 714 calce

989 734 1142 768 mutilus.

1011 797 1041 828 S.
1057 798 1224 839 Augustini
1242 798 1450 840 Hipponensis
1472 812 1562 842 super
1578 803 1719 832 Genesim
1738 803 1776 833 ad
1795 803 1841 833 lit—

1033 853 1131 879 teram
1148 850 1215 880 libri
1232 850 1402 881 duodecim.

1075 901 1136 931 Tit.
1154 902 1205 942 qui
1227 902 1257 931 in
1278 902 1416 942 margine
1440 902 1490 932 fol.
1506 913 1533 934 2.
1555 903 1687 934 inferiori
1707 916 1842 945 (1111111911-

1054 952 1111 983 dus
1134 957 1194 990 est,
1215 953 1365 983 “Aurelii
1389 953 1556 994 Augustini
1580 955 1714 985 doctoris
1738 956 1841 996 incipit

1053 1003 1204 1045 expositio
1220 1015 1312 1045 super
1329 1004 1474 1035 Genesim
1489 1006 1529 1035 ad
1544 1005 1712 1036 litteram.'’

1076 1054 1214 1086 Exstant
1230 1055 1311 1086 inter
1326 1058 1522 1096 ope1·a,'t0n1.
1539 1056 1579 1087 iii.
1596 1057 1650 1087 col.
1671 1068 1677 1086 1
1691 1068 1734 1097 ¹7-

1076 1106 1171 1137 Defic.
1194 1107 1225 1136 in
1245 1106 1345 1137 verbis
1365 1107 1415 1137 lib.
1433 1107 1485 1137 xii.
1506 1112 1523 1124 ‘⁴
1536 1108 1608 1148 quid
1629 1108 1708 1138 enim
1730 1109 1840 1139 iaciant

1054 1158 1133 1188 oculi
1154 1169 1214 1188 non
1236 1158 1352 1188 habent
1372 1169 1440 1188 cum
1462 1158 1558 1188 simile
1579 1170 1688 1199 corpus
1704 1159 1842 1195 viderint.

1054 1209 1127 1249 quid
1143 1209 1183 1239 ab
1199 1208 1259 1239 alio
1275 1208 1475 1239 discerneres*

1388 1302 1434 1335 X.

971 1364 1271 1404 Membranaceus‚
1290 1365 1325 1397 in
1344 1364 1437 1404 folio,
1452 1364 1484 1398 ff.
1499 1366 1578 1404 133,
1594 1377 1659 1399 sec.
1676 1366 1742 1403 xii..
1758 1367 1845 1399 binis

994 1421 1162 1455 columnis
1177 1421 1265 1455 bene
1279 1425 1438 1454 exaratus
1457 1425 1492 1454 et
1506 1429 1679 1462 servatus3
1698 1434 1740 1456 ex
1756 1423 1845 1456 dono

993 1481 1146 1524 ejusdem
1167 1479 1350 1513 Willelmi.

1012 1547 1039 1575 l.
1058 1546 1088 1576 S.
1103 1545 1271 1586 Augustini
1292 1545 1330 1575 de
1349 1544 1380 1575 S.
1396 1544 1550 1575 Trinitate
1573 1544 1641 1575 libri
1663 1544 1844 1585 quindecim,

1076 1596 1189 1637 praevia
1205 1601 1212 1613 ‘
1229 1595 1390 1626 Sententia
1411 1595 1546 1637 ejusdem
1568 1596 1605 1625 (le
1625 1595 1703 1625 libro
1720 1596 1845 1626 Retrac-

1075 1647 1229 1678 tationum
1245 1651 1277 1677 et
1292 1646 1424 1688 epistola
1439 1647 1479 1677 ad
1495 1646 1678 1676 Aureliu1n.'
1702 1647 1751 1677 fol.
1766 1656 1792 1677 2.

1117 1699 1179 1729 Tit.
1197 1702 1215 1714 “
1227 1698 1345 1729 Aurelii
1362 1698 1529 1739 Augustini
1547 1698 1682 1728 doctoris
1698 1698 1735 1728 de
1748 1698 1845 1728 Trini-

1096 1754 1162 1781 tate
1178 1749 1255 1780 liber
1270 1749 1386 1790 primus
1401 1748 1537 1790 incipit.”

1116 1801 1254 1832 Exstant
1285 1800 1422 1841 impress.
1450 1800 1531 1830 inter
1556 1810 1659 1840 opera,
1687 1804 1760 1830 toni.
1786 1800 1845 1829 viii.

1095 1852 1151 1883 eol.
1170 1861 1240 1892 749.

1119 1902 1186 1933 Lib.
1206 1913 1254 1932 xv.
1278 1901 1415 1932 succedit
1439 1901 1469 1932 S.
1486 1900 1655 1942 Augustini
1681 1901 1790 1935 oratio,
1814 1904 1845 1929 et

1094 1954 1134 1985 ad
1154 1953 1278 1989 calcem,
1297 1958 1315 1969 ‘⁴
1328 1952 1447 1983 Aurelii
1464 1952 1631 1993 Augustini
1654 1951 1788 1982 doctoris
1809 1951 1845 1980 de

1095 2005 1250 2035 Trinitate
1267 2016 1315 2034 xv.
1332 2004 1401 2034 libri
1418 2004 1586 2045 expliciunt
1602 2003 1756 2033 felicite1·.”

1010 2064 1037 2090 2.
1056 2061 1156 2091 Anitii
1174 2061 1218 2090 M.
1237 2060 1267 2090 S.
1283 2059 1404 2090 Boethii
1429 2059 1466 2089 de
1488 2059 1518 2089 S.
1532 2058 1686 2088 Trinitate
1709 2058 1784 2087 liber
1804 2057 1842 2087 ad

1074 2111 1302 2153 Symmachum.
1326 2111 1376 2140 sol.
1393 2121 1405 2140 1
1416 2120 1449 2151 ¹3
1464 2110 1493 2139 b.

1117 2163 1232 2193 Exstat
1253 2162 1392 2203 impress.
1417 2162 1447 2191 in
1471 2161 1552 2191 calce
1575 2160 1624 2190 lib.
1645 2160 1682 2189 ‹le
1701 2158 1844 2190 Consola-

1095 2215 1178 2245 tione
1196 2213 1413 2253 Philosophiae,
1432 2212 1478 2242 ed.
1494 2212 1592 2252 Lugd.
1613 2212 1699 2252 1656,
1716 2221 1744 2251 p.
1762 2220 1827 2247 ¹4)-

1009 2272 1037 2301 53.
1060 2270 1219 2312 Ejusdem,
1241 2274 1248 2286 ⁶
1262 2268 1423 2308 Quomodo
1446 2266 1626 2297 substantiae
1650 2266 1679 2295 in
1703 2276 1738 2294 eo
1761 2264 1841 2304 quod

1073 2321 1146 2357 sint,
1162 2321 1248 2351 bonae
1266 2320 1349 2356 511113,Ί
1364 2323 1420 2349 etc.
1439 2318 1475 2348 ad
1492 2317 1630 2347 eundem.
1654 2315 1703 2344 fol.
1725 2325 1730 2343 1
1745 2316 1778 2343 16
1792 2314 1821 2343 b.

1116 2371 1232 2402 Exstat
1247 2371 1321 2401 ibid.
1339 2381 1368 2411 p.
1387 2370 1453 2399 166.

1009 2430 1038 2458 4.
1056 2427 1203 2468 Ejusdem
1219 2426 1370 2457 confessio
1386 2424 1467 2454 fidei.
1492 2423 1542 2453 fol.
1562 2432 1568 2451 1
1582 2431 1614 2461 ¹7
1630 2421 1657 2450 b.

1116 2479 1195 2509 Ibid.
1214 2490 1241 2519 p.
1260 2486 1327 2516 172.

1115 2530 1152 2560 In
1176 2530 1266 2566 calce,
1292 2527 1422 2558 “Auitii
1448 2524 1555 2556 Manlii
1579 2522 1713 2553 Severini
1741 2520 1838 2551 Boetii

1093 2581 1170 2612 liber
1185 2579 1310 2621 explicit
1327 2579 1364 2608 de
1380 2575 1561 2608 Trinitate.”

1032 2633 1201 2674 .Ejusden1
1230 2630 1352 2662 Boethii
1382 2628 1458 2658 liber
1485 2630 1592 2656 contra
1620 2622 1781 2663 Eutychen
1809 2626 1840 2651 et

1072 2683 1262 2714 Nestorium.
1286 2681 1335 2711 fol.
1354 2689 1410 2720 119
1424 2678 1452 2707 b.

1114 2734 1192 2765 Ibid.
1211 2745 1239 2775 p.
1256 2733 1322 2772 183.

1146 2795 1167 2818 Β
1187 2788 1208 2818 2

1008 2636 1027 2664 ΕΠ
