2254 3117
333 149 379 179 80

376 1181 395 1208 <Ji

377 1440 396 1471 6

379 1600 397 1630 7

379 1912 398 1939 8

380 2325 399 2355 9

362 2586 401 2615 10

898 140 1196 176 CATALOGUS
1223 142 1456 178 CODICUM
1485 143 1594 178 MSS.

484 241 521 271 In
544 241 634 277 calce,
653 244 670 257 “
683 240 726 270 Et
749 239 791 270 sic
814 239 921 270 finitur
942 243 1029 270 totus
1052 239 1139 276 liber,
1164 240 1215 281 qui

461 293 574 323 dicitur
590 291 753 332 Speculum
772 291 834 321 vite
858 291 1002 327 humane,
1020 290 1153 331 scriptus
1168 295 1216 322 at-

461 355 520 384 que
535 342 706 383 completus
722 353 777 383 per
789 353 914 372 manum
930 341 1045 372 domini
1061 341 1216 372 -Johannis

461 394 628 434 Gisburgh,
646 393 807 434 capellani,
824 393 995 433 penultimo
1011 393 1059 423 die
1072 393 1215 424 Januarii

459 455 541 475 auno
568 444 693 474 Domini
724 443 885 474 millesimo
911 443 1216 485 quadringentesimo

460 495 696 536 quadragesimo
712 497 826 526 nono.'’

399 576 404 581 .
422 550 622 581 Tractatulus
638 551 751 581 docens
767 550 922 581 hominem
938 561 1065 581 noscere
1081 551 1216 592 seipsum

439 604 470 631 et
486 601 596 631 timere
613 601 723 631 Deum.
748 601 797 631 fol.
815 609 884 641 179.

483 652 580 694 Incip.
619 657 638 670 ‘²
651 652 756 683 Primo
798 653 924 683 studeat
962 653 1089 694 quisque
1124 663 1216 693 quam

460 707 562 744 potest
581 703 641 734 ses7

398 758 452 788 .S.
469 758 637 799 Augustini
664 758 848 789 Admonitio
874 758 915 789 ad
942 758 1089 799 populum
1119 769 1215 788 suum.

438 809 488 839 fol.
508 810 575 839 181.

484 860 578 901 Incip.
608 866 625 877 ‘⁴
648 861 735 901 Rogo
755 871 808 891 vos
831 861 944 891 fratres
966 860 1120 891 karissimi
1144 871 1217 900 quo-

460 911 541 942 tiens
556 912 595 942 ad
612 911 772 942 ecclesiam
789 911 877 941 Deis*

399 993 404 998 ,
421 968 570 1007 Quaedam
582 967 695 997 devota
707 967 870 997 meditatio
883 967 1020 1008 ejusdem
1036 968 1076 998 ad
1092 967 1218 998 Patrem

440 1023 471 1049 et
488 1018 600 1049 Filium
617 1022 648 1048 et
665 1018 815 1059 Spiritum
833 1018 993 1049 Sanctum.
1018 1019 1067 1049 fol.
1088 1020 1142 1049 182
1161 1019 1189 1048 b.

482 1070 579 1111 Incip.
599 1076 615 1086 *⁴
629 1070 762 1100 Domine
779 1070 864 1100 Deus
885 1081 970 1100 meus
993 1070 1033 1100 da
1050 1069 1133 1100 cordi
1151 1081 1219 1099 meo

461 1126 493 1153 te
508 1122 713 1152 desiderares*

400 1177 674 1209 ,Deelmnationes
698 1177 833 1213 Seneca),
858 1187 927 1207 cum
952 1176 1014 1206 suis
1041 1176 1217 1207 moralibus.

440 1230 491 1261 fol.
508 1230 576 1260 186.
593 1229 622 1259 b.

484 1281 580 1323 Incip.
599 1287 615 1297 ‘⁵
632 1280 737 1309 Prima
761 1278 946 1309 declamatio
972 1279 1010 1308 de
1037 1279 1161 1309 Christo
1188 1282 1219 1309 ct

461 1332 576 1362 mundo
592 1331 639 1362 vel
662 1331 700 1361 de
723 1330 827 1360 anima
842 1334 874 1360 et
890 1340 1018 1371 corpore
1041 1334 1149 1360 narrat
1167 1330 1219 1360 Se-

460 1384 569 1414 neca.”

399 1466 404 1470 .
426 1440 518 1470 Liber
534 1440 572 1469 (le
588 1443 657 1469 arte
674 1437 834 1468 moriendi.
858 1437 909 1467 fol.
924 1446 992 1477 197.

485 1491 581 1531 Incip.
600 1496 617 1506 ⁴⁵
628 1490 705 1521 Cum
721 1490 759 1519 de
775 1488 928 1528 presentis
944 1488 1025 1518 exilii
1041 1488 1197 1518 iniseria.”

486 1543 524 1572 Iu
537 1542 630 1578 calce,
642 1546 661 1559 ‘⁶
671 1540 809 1582 Explicit
822 1540 898 1570 liber
910 1540 947 1569 dc
958 1544 1026 1570 arte
1038 1539 1219 1570 morieudif'

401 1623 406 1628 .
423 1598 496 1628 Alia
522 1597 665 1628 doctrina
696 1597 758 1627 sive
785 1595 959 1637 exemplum
988 1595 1026 1625 de
1050 1594 1218 1625 morituris.

440 1649 491 1679 fol.
510 1658 579 1689 203.

484 1699 582 1740 Incip.
600 1703 618 1715 “
631 1698 706 1729 Fuit
731 1698 857 1739 quidam
883 1709 975 1739 papa,
1000 1698 1051 1739 qui
1076 1698 1150 1729 dum
1179 1698 1220 1728 ad

463 1755 604 1781 extrema
618 1750 779 1780 venisset.”

484 1802 632 1843 Sequitur
657 1802 820 1832 meditatio
843 1801 964 1838 mortis,
988 1801 1076 1842 incip.
1101 1806 1117 1817 ‘⁴
1132 1801 1220 1832 Mors

463 1858 511 1884 est
526 1858 634 1884 eterna
650 1864 796 1894 sompnus
812 1853 1002 1883 dissolueio.”

402 1935 407 1940 .
425 1909 563 1939 Seientia
577 1908 741 1939 utilissima
757 1908 882 1942 homini,
897 1920 965 1949 qum
978 1912 1026 1938 est
1042 1908 1119 1938 scire
1131 1908 1218 1945 mori,

442 1966 474 1991 et
491 1960 625 2001 qualiter
648 1960 841 1989 moriendum
863 1960 914 1996 sit,
931 1971 968 1990 ex
986 1959 1159 2000 Horologio
1176 1959 1219 1989 di-

441 2011 518 2041 vina·
536 2010 714 2051 Sapientiae.
738 2010 788 2040 fol.
804 2019 862 2048 204
879 2010 905 2040 b.

486 2061 582 2101 Incip.
614 2066 631 2076 ⁴⁵
645 2060 730 2090 Scire
760 2064 866 2090 autem
894 2059 971 2090 mori
1002 2066 1050 2090 est
1075 2064 1220 2101 paratum

464 2113 578 2143 habere
595 2113 679 2142 cor.''

486 2162 522 2192 Iu
544 2162 635 2199 calce,
654 2167 670 2178 ⁴⁵
685 2162 822 2202 Explicit
838 2162 992 2192 extractio
1009 2162 1169 2193 medullita
1184 2162 1219 2192 li-

465 2214 511 2244 bri
534 2213 694 2250 autentici⁷
712 2214 762 2254 qui
786 2218 915 2244 vocatur
934 2213 1097 2254 orilogium
1120 2213 1221 2243 divine

465 2265 643 2307 sapientie.qq

404 2347 409 2352 .
427 2321 537 2352 Oratio
554 2320 684 2351 metrica
706 2320 751 2350 M.
767 2320 893 2350 Ricardi
909 2320 1031 2356 Casti-e,
1048 2330 1140 2360 quam
1157 2320 1221 2360 ipse

444 2372 626 2414 composuit.
650 2372 702 2402 fol.
720 2373 789 2402 208.

488 2424 587 2465 Incip.

425 2486 441 2493 ·‘
452 2476 471 2507 J
474 2477 550 2506 hesu
568 2475 669 2506 Lorde
686 2474 757 2505 that
773 2475 895 2505 madest
910 2485 968 2510 me,

451 2528 524 2559 And
541 2527 615 2558 with
631 2526 677 2557 thi
695 2526 813 2556 blessed
830 2525 900 2555 blod
917 2525 974 2555 has
990 2536 1038 2555 me
1054 2525 1153 2563 b03t.”

406 2609 410 2614 .
431 2582 618 2613 Psalterium
645 2581 791 2612 fraternae
816 2580 976 2615 caritatis3
999 2591 1070 2610 vers.
1102 2580 1221 2620 Angylic.

446 2634 496 2664 fol.
517 2643 586 2673 209.

491 2684 588 2725 Incip.
607 2688 624 2700 ‘⁶
635 2683 713 2714 Jcsu
730 2683 777 2713 for
793 2683 862 2713 hem
881 2682 895 2712 I
914 2682 967 2712 the
984 2681 1143 2712 besechc.”

489 2735 527 2765 Iu
543 2735 636 2772 calce,
654 2740 674 2752 “
691 2734 774 2764 Ther
786 2733 861 2764 beth
873 2733 980 2774 girdils
993 2733 1027 2763 of
1035 2733 1117 2763 saint
1130 2732 1222 2769 Rosc,

468 2786 567 2816 which
582 2786 640 2817 lith
656 2785 726 2816 holo
751 2789 782 2816 to
801 2785 864 2816 this
880 2785 940 2826 day
955 2788 989 2815 at
1005 2784 1140 2815 Vitarbc
1162 2784 1225 2814 and

1394 244 1505 282 enport
1521 241 1634 282 special
1658 241 1783 282 remedy
1799 241 1875 272 both
1894 242 1942 273 for
1965 254 2080 275 wemen
2103 244 2148 275 la-

1393 292 1513 334 boryng
1529 292 1559 322 in
1576 292 1675 323 childe
1687 292 1748 323 and
1765 292 1830 323 also
1843 298 1953 334 agenst
1965 295 2019 325 the
2032 295 2151 326 feneres

1393 342 1420 373 if
1439 354 1476 384 ye
1499 344 1623 385 pacient
1647 344 1684 374 be
1706 343 1793 385 girde
1817 344 1891 374 with
1914 356 1973 375 0011
1997 345 2032 376 of
2047 346 2150 376 hem.’'

1395 398 1412 410 “
1423 394 1456 424 J.
1470 394 1658 435 Gisburgh.”

1655 485 1764 519 CCV.

1267 548 1386 581 Codex
1406 548 1700 587 membranaceus,
1719 548 1753 581 in
1773 547 1856 581 folio
1874 549 2006 593 majori,
2020 548 2055 582 ff.
2070 547 2150 588 165,

1291 618 1356 639 sec.
1376 607 1458 646 xiv„
1477 607 1567 640 binis
1587 606 1756 640 columnis
1775 612 1948 640 exaratus.

1310 666 1465 707 Anonymi
1496 667 1655 708 cujusdam
1685 666 1889 707 postillatoris
1915 667 2152 698 commentario-

1331 729 1399 748 rum
1422 719 1601 759 compilatio
1624 719 1655 749 in
1678 718 1813 749 Bibliam
1829 717 2015 755 universam,
2032 729 2070 749 ex
2094 719 2148 749 SS.

1332 770 1463 800 Patrum
1480 771 1624 811 operibus
1641 770 1799 801 confecta.

1376 821 1474 862 Incip.
1492 826 1509 837 “
1525 822 1562 851 In
1586 821 1746 862 principio,
1765 824 1823 852 etc.
1850 821 1920 851 Hoc
1939 820 2066 862 exponit
2081 821 2152 852 bea-

1353 877 1402 903 tus
1419 873 1625 913 Augustinus,
1642 873 1812 914 anagogice
1829 876 1980 913 quantum
1996 873 2036 903 ad
2052 873 2143 903 hoc.”

1376 923 1480 954 Desiu.
1509 928 1527 940 “
1538 923 1605 953 Nisi
1632 923 1755 961 dicitur,
1780 928 1815 954 ut
1842 923 1894 964 qui
1913 923 2033 964 jam-in
2059 924 2152 954 corde

1354 986 1459 1005 vocem
1475 974 1519 1005 sui
1537 974 1652 1005 amoris
1668 975 1824 1016 acceperis
1840 978 1900 1005 etc.
1919 974 1995 1005 Veni
2019 974 2152 1006 Domine

1354 1025 1480 1056 Jliesu.''

1355 1077 1390 1106 Iu
1406 1077 1498 1113 calce,

1333 1132 1352 1144 ‘⁵
1366 1127 1471 1158 Finito
1488 1127 1566 1157 libro
1582 1127 1623 1157 sit
1638 1127 1705 1157 laus
1722 1131 1753 1158 et
1769 1127 1867 1167 gloria
1883 1127 2038 1158 Christo.”

1355 1179 1500 1210 Citantur
1522 1179 1744 1213 Damascenus,
1763 1179 1857 1213 Beda,
1877 1178 1981 1219 HugO,
1999 1178 2154 1220 Hierony-

1333 1241 1411 1267 muS,
1428 1230 1610 1271 Gregorius,
1628 1230 1834 1271 Augustinus,
1850 1230 2007 1268 Rabanus,
2024 1230 2144 1272 aliique.

1647 1331 1777 1365 CCVI.

1273 1402 1572 1441 Membranaceus,
1600 1402 1633 1435 in
1662 1401 1744 1435 folio
1771 1403 1902 1447 majori,
1930 1401 2064 1442 fl1261,
2089 1414 2154 1437 sec.

1294 1460 1374 1498 xiV„
1393 1459 1482 1493 binis
1501 1459 1670 1492 columnis
1689 1464 1860 1493 exaratus.

1314 1528 1485 1558 Bibliorum
1502 1527 1699 1568 vulgatorum
1722 1527 1863 1558 volumen
1883 1529 2025 1569 primum,
2043 1529 2158 1560 Libros

1335 1579 1465 1615 scilicet,
1479 1590 1498 1609 a
1515 1579 1629 1610 Genesi
1644 1579 1685 1609 ad
1702 1579 1891 1610 Psalterium
1909 1580 2055 1612 inclusive
2075 1592 2157 1612 com-

1334 1630 1541 1672 prehendens,
1573 1641 1642 1660 cum
1680 1630 1712 1661 S.
1738 1630 1923 1672 Hieronymi
1953 1632 2097 1674 prologis,
2125 1637 2157 1663 et

1334 1682 1437 1723 glossa
1450 1681 1610 1723 [Hugonis
1623 1682 1661 1712 de
1674 1682 1705 1712 S.
1720 1682 1816 1724 Caro]
1830 1683 1993 1723 marginali
2005 1687 2157 1725 perpetuo

1335 1733 1534 1764 instructum.

1379 1783 1475 1824 Incip.
1492 1783 1585 1824 gloss.
1604 1787 1622 1799 ‘²
1637 1784 1829 1825 Principium
1844 1784 2009 1815 verborum
2033 1789 2157 1817 tuorum

1356 1835 1470 1866 veritas
1502 1834 1596 1871 Deus,
1630 1839 1721 1876 pater
1752 1835 1846 1866 imino
1878 1840 1910 1866 et
1938 1837 2096 1877 operum,”
2122 1841 2157 1868 ut

1356 1887 1437 1917 inter
1452 1897 1558 1927 opera,
1575 1891 1655 1927 part.
1669 1887 1687 1917 i.
1704 1886 1756 1917 fol.
1772 1897 1798 1918 1.

1378 1938 1484 1968 Desiu.
1508 1938 1665 1969 “tandem
1687 1938 1728 1968 ad
1751 1938 1849 1969 vitam
1873 1938 2036 1980 glorificati
2063 1939 2157 1970 intre-

1356 2001 1424 2020 mus
1454 1990 1506 2020 ubi
1540 1989 1640 2020 omnis
1676 1990 1804 2031 spiritus
1841 1990 1947 2022 laudet
1978 1990 2155 2022 Dominum.

1356 2042 1492 2072 Amen.’'

1400 2096 1589 2138 Sequuntur,

1335 2159 1363 2178 a.
1382 2147 1664 2189 Interpretationes
1683 2147 1841 2178 nominum
1858 2147 2094 2185 Hebraicorum,
2111 2159 2156 2178 se-

1399 2199 1533 2229 cundum
1546 2199 1720 2240 Remigium
1729 2199 2044 2230 Autissiodorensem.
2058 2200 2077 2229 f.
2086 2209 2154 2241 231.

1335 2250 1363 2279 b.
1383 2250 1523 2280 Lexicou
1539 2250 1698 2280 nominum
1717 2250 1909 2285 Latinorum,
1921 2261 1988 2291 quae
2004 2250 2036 2280 in
2049 2250 2156 2281 Bibliis

1399 2301 1532 2343 vulgatis
1547 2307 1723 2332 occurrunt.
1747 2301 1798 2332 fol.
1817 2310 1885 2342 255.

1641 2393 1788 2428 CCVII.

1274 2461 1573 2500 Membranaceus,
1600 2461 1635 2493 iu
1659 2459 1742 2493 folio
1769 2459 1901 2504 majori,
1926 2458 1961 2492 fi'.
1981 2462 2062 2499 392,
2088 2469 2154 2493 sec.

1296 2519 1377 2559 xiv„
1397 2519 1485 2552 binis
1504 2518 1673 2552 columnis
1691 2522 1861 2551 exaratus.

1316 2568 1487 2609 Bibliorum
1505 2579 1669 2609 Sacrorum
1686 2577 1828 2608 volumen
1843 2576 1934 2613 alter,
1948 2576 2118 2613 includens,

1337 2631 1364 2660 1.
1383 2631 1504 2661 Veteris
1521 2628 1714 2660 Testamenti
1737 2628 1831 2658 libros
1849 2638 1868 2658 a
1886 2627 2047 2658 Parabolis
2070 2627 2155 2658 Salo-

1379 2681 1478 2712 monis
1500 2681 1540 2711 ad
1568 2679 1818 2710 Maccahaeorum
1849 2678 1961 2708 librum
1986 2678 2032 2708 II.
2060 2678 2154 2709 inclu-

1379 2732 1461 2769 sive3
1485 2732 1516 2763 S.
1532 2730 1716 2772 Hieronymi
1739 2729 1874 2771 prologis
1894 2733 1925 2760 et
1943 2728 2102 2771 [Hugonis
2118 2730 2156 2760 de

1381 2784 1411 2814 S.
1427 2783 1521 2825 Caro]
1539 2783 1642 2824 glossa
1657 2780 1819 2823 marginali
1834 2780 2011 2812 instructos.
2035 2780 2084 2811 fol.
2101 2790 2125 2815 1,
