2254 3117
635 141 874 176 COLLEGII
902 140 1276 176 MERTONENSIS.

190 240 286 282 Incip.
305 241 559 282 “Quodcumque
574 240 726 282 ligaveris,
744 244 804 271 etc.
836 240 923 270 Duos

166 289 242 321 fines
258 290 383 321 ultimos
400 302 466 322 esse
482 291 632 322 futuros.''
708 330 711 331 .

188 342 227 372 In
243 342 337 378 calce,
353 347 373 360 “
388 342 527 384 Explicit
547 353 648 372 sermo
667 341 805 372 dootom's
822 341 921 371 Fran-

167 393 238 424 cisci
255 394 292 424 de
309 394 452 424 Maronis
469 394 506 424 de
526 393 730 434 indulgenciis
753 393 784 422 in
800 403 923 433 presen-

166 445 213 475 cia
229 445 342 475 domini
358 456 437 486 pape
453 450 485 475 et
502 444 737 475 cardinalium.”

61 504 112 534 37.
130 502 161 533 S.
174 503 358 544 Hieronymi
381 508 536 534 tractatus
559 502 598 532 de
620 501 767 532 membris
784 500 921 531 Domini.

146 555 195 585 fol.
215 564 274 591 270
287 555 316 585 b.

188 604 528 647 Incip.“Omnipotens
541 604 626 635 Deus
641 605 738 634 Pater
753 608 785 634 et
799 602 924 633 Filius.”

190 657 227 687 In
240 656 334 693 calce,
345 660 365 673 “
378 654 515 696 Explicit
529 655 707 686 Jeronimus
724 655 761 685 de
777 654 924 685 membris

168 707 323 738 Dominis*

62 769 110 798 238.
129 767 160 798 S.
177 767 345 809 Augustini
363 768 401 798 de
416 778 517 808 agone
534 767 726 797 Christiano.
752 766 802 797 fol.
822 776 892 808 275.

191 819 289 860 Incip.
305 824 322 836 “
335 819 458 850 Corona
473 819 602 850 victorie
618 830 679 849 non
695 819 923 860 promittitur‚”

166 876 201 901 ut
217 870 298 901 inter
313 881 419 911 opera,
435 875 511 901 tom.
524 870 563 900 vi.
580 870 636 900 col.
652 879 723 911 ,145-

190 921 227 951 In
246 921 339 955 calce,
360 926 376 938 *⁶
390 914 528 961 Explicit
544 920 741 962 Augustinus
764 920 803 950 de
825 931 924 961 agone

167 972 376 1003 Christianos*

42 1144 161 1178 Codex
178 1143 471 1181 membranaceus,
491 1142 524 1174 in
544 1143 617 1182 4to,
637 1140 669 1174 ff.
686 1143 768 1180 123,
787 1152 854 1174 sec.
869 1152 923 1174 xv.

65 1203 226 1241 ineuntis,
245 1202 334 1235 binis
352 1200 523 1234 columnis
542 1199 652 1232 nitide
670 1204 845 1233 exaratus.

85 1265 111 1293 1.
130 1262 160 1293 S.
173 1260 341 1303 Augustini
356 1259 570 1301 Hipponensis
586 1260 721 1301 episcopi
738 1260 869 1301 epistola
885 1260 924 1290 ad

145 1313 305 1344 Julianum
321 1311 475 1343 comitem.
500 1311 552 1341 fol.
574 1321 599 1340 1.

188 1365 305 1395 Exstat
321 1363 403 1393 inter
419 1373 526 1403 opera,
543 1367 616 1393 tom.
628 1363 666 1392 vi.
683 1362 766 1403 App.
784 1362 838 1392 col.
859 1372 924 1403 193.

189 1417 227 1447 In
243 1415 337 1452 calce,
356 1420 375 1431 ‘²
390 1414 526 1455 Explicit
548 1413 680 1455 epistola
701 1413 785 1443 beati
803 1413 925 1455 Augus—

167 1469 224 1500 tini
239 1469 279 1499 ad
296 1467 455 1498 Julianum
472 1466 617 1497 comitem
631 1466 650 1479 ”

82 1537 111 1566 9.
129 1534 293 1576 Expositio
309 1533 510 1565 articulorum
527 1533 599 1563 fidei
612 1533 781 1563 secundum
794 1534 925 1564 eundem

146 1585 368 1627 Augustinum.
392 1584 442 1614 fol.
466 1594 500 1625 ¹3
516 1584 544 1614 b.

190 1637 287 1678 Incip.
315 1642 332 1654 “
348 1636 509 1667 Dividitur
535 1636 630 1667 etiam
661 1640 693 1666 et
724 1636 926 1678 distinguitur

166 1689 368 1731 symbolum?

190 1742 229 1771 In
245 1740 338 1777 calce,
357 1747 374 1756 ⁸*
388 1739 525 1781 Explicit
547 1740 704 1781 exposicio
725 1740 925 1770 articulorum

165 1792 268 1823 fidei.”

189 1842 337 1884 Sequitur
352 1842 555 1884 expositionis
576 1843 608 1873 in
627 1843 800 1873 orationem
818 1842 925 1873 Domi-

167 1894 268 1925 nicam
280 1894 502 1935 fragmentum,
515 1894 607 1936 incip.
621 1899 638 1911 ‘⁴
650 1894 805 1925 Dominus
821 1898 927 1925 autem

168 1946 347 1988 priusquam
363 1945 537 1976 orationem
554 1957 642 1976 suam
658 1945 898 1987 promulgaret*

83 2012 113 2041 3.
132 2010 221 2042 Petri
236 2010 400 2047 Bleseusis‚
419 2010 497 2052 [sive
513 2009 663 2040 Canonici
676 2010 697 2050 Ξ]
723 2010 761 2040 (16
784 2009 928 2040 remediis

146 2073 364 2093 conversorum
379 2073 456 2103 opus
477 2061 509 2091 in
529 2065 635 2102 partes
654 2061 715 2092 duo
732 2061 927 2098 distinctum,

147 2113 260 2154 praevia
286 2112 418 2154 epistola
443 2112 484 2143 ad
508 2112 689 2147 Ricardum,
714 2122 761 2153 ep.
787 2111 927 2142 London.

148 2164 286 2195 tertium.
311 2164 362 2194 sol.
383 2173 429 2203 17.

192 2215 291 2256 Incip.
304 2215 393 2256 epist.
407 2219 424 2231 ‘⁴
437 2215 485 2245 De
497 2214 610 2245 mentis
627 2213 793 2244 solitudine
809 2224 928 2244 necnon

169 2271 202 2298 et
217 2266 391 2308 evangelice
407 2265 601 2308 paupertatis
616 2264 843 2295 beatitu(li11e.”

172 2370 307 2411 qualitas
322 2369 437 2400 indicet
454 2379 546 2409 quam
563 2368 653 2408 longe
670 2367 790 2397 rebus.u

192 2420 290 2451 Desin
307 2431 380 2461 pars
395 2419 506 2455 altera,
524 2423 542 2435 ‘⁵
555 2418 698 2459 precibus
714 2417 777 2447 suis
793 2417 927 2447 animam

172 2471 259 2502 Petri
287 2471 482 2501 commendet
507 2469 578 2500 Deo
604 2473 636 2499 et
660 2468 794 2498 Domino
821 2474 928 2499 nostro

170 2522 270 2553 Jhesu
286 2522 423 2558 Christo,
441 2521 489 2551 cui
505 2532 574 2551 cum
593 2519 720 2556 Patre,''
737 2524 795 2550 etc.

195 2572 232 2603 In
251 2572 345 2610 calce,
362 2577 380 2589 “
396 2571 533 2613 Explicit
550 2570 779 2601 Remediarium
795 2569 928 2600 Conver-

172 2624 303 2654 sorum.”

415 2692 555 2726 XLIX.

52 2753 350 2795 Membranaceus,
368 2756 403 2789 in
420 2758 491 2795 4to,
511 2754 544 2788 ff.
560 2757 642 2794 354,
661 2766 727 2789 sec.
743 2766 798 2788 xv.

997 240 1024 269 1.

996 556 1014 585 >0

997 1295 1016 1323 01

981 2447 993 2476 1
1002 2447 1016 2476 1

958 2552 959 2570 1

958 2605 1020 2634 ,12

958 2291 959 2302 i

193 2318 290 2359 Incip.
307 2329 389 2360 pars.
406 2318 425 2348 i.
451 2323 468 2334 ‘⁴
484 2317 557 2359 [psa
579 2317 714 2347 humane
739 2316 928 2347 condicionis
957 2305 959 2348 l
980 2291 1029 2320 10¹

1812 147 1857 178 33

1045 238 1187 280 llugonis
1217 240 1255 270 de
1283 240 1314 271 S.
1333 239 1462 271 Victore
1492 241 1530 271 dc
1560 241 1655 272 archa
1682 241 1759 272 Noa>
1789 241 1857 272 libri

1060 289 1205 330 quinque.
1230 290 1281 320 sol.
1302 301 1326 320 1.

1102 340 1163 371 Tit.
1197 340 1345 382 “Incipit
1378 341 1455 372 liber
1488 342 1606 383 primus
1640 341 1784 383 Hugonis
1820 342 1857 372 de

1082 391 1197 422 Sancto
1212 392 1337 423 Victore
1353 393 1390 423 (le
1406 393 1501 424 archa
1518 393 1613 424 Noe.”

1102 443 1221 473 Exstat
1251 443 1390 484 impress.
1422 444 1502 474 iuter
1532 455 1638 485 opera,
1668 444 1714 474 ed.
1745 444 1854 475 Venet.

1084 494 1175 534 1588,
1192 498 1268 524 tom.
1281 495 1312 524 ii.
1330 495 1380 525 fol.
1399 498 1454 536 136
1469 496 1498 526 b.

1051 555 1199 596 Ejusdem
1215 557 1253 587 de
1269 558 1457 589 conscientia
1474 559 1602 589 libellus.
1627 559 1677 589 fol.
1690 570 1728 601 33
1742 560 1772 590 b.

1104 607 1203 648 Incip.
1221 612 1241 625 ‘⁶
1254 607 1376 639 Domus
1392 609 1447 639 1166
1463 610 1494 640 111
1511 622 1572 651 qua
1587 611 1796 642 habitanms.”

1019 686 1024 691 .
1044 661 1209 703 Expositio
1232 663 1369 703 ejusdcm
1393 675 1485 705 super
1504 665 1755 697 Lamentationes
1772 666 1857 697 Jere—

1061 711 1140 742 mim.
1164 711 1215 742 fol.
1230 721 1269 752 43
1284 712 1313 742 b.

1104 762 1201 804 Incip.
1227 768 1245 780 ‘⁵
1261 763 1419 802 Quantum
1450 765 1489 795 ad
1520 765 1685 803 litteram?
1712 772 1745 798 ut
1777 768 1858 798 inter

1082 823 1188 854 opera,
1205 818 1281 844 tom.
1296 814 1316 844 i.
1333 814 1389 844 col.
1406 822 1454 854 75.

1020 868 1194 910 .Ejusdem
1224 880 1326 900 sermo
1356 870 1387 900 in
1417 870 1511 907 istud,
1544 871 1624 902 Cum
1654 878 1736 904 esset
1766 873 1857 905 Jesus

1060 931 1212 951 annorum
1229 921 1390 952 duodecim
1406 926 1437 952 et
1454 922 1514 953 duo
1530 923 1591 953 alii.
1615 924 1666 954 fol.
1680 934 1729 965 73.

1105 972 1204 1013 Incip.
1234 972 1253 1002 i.
1286 976 1304 989 “
1322 972 1410 1003 Sicut
1445 973 1577 1004 mundus
1607 974 1665 1004 iste
1696 975 1859 1016 dupliciter

1084 1022 1194 1060 sicut?
1210 1022 1283 1053 ibid.
1301 1027 1376 1053 tom.
1389 1023 1430 1053 iii.
1448 1023 1488 1053 fol
1512 1033 1564 1064 55.

1104 1082 1284 1123 Sequuntur
1294 1083 1433 1124 epistola¹
1444 1083 1524 1120 duae,
1536 1083 1701 1124 inscriptae.
1713 1096 1741 1114 a.
1755 1085 1858 1115 Fratri

1083 1134 1120 1165 R.
1138 1134 1229 1175 incip.
1248 1139 1267 1152 “
1284 1135 1416 1165 Karitas
1432 1135 1630 1175 nunqua111;”
1654 1135 1682 1165 b.
1700 1136 1860 1166 Canonicis

1084 1185 1299 1221 Lucensibus;
1325 1186 1413 1227 incip.
1432 1191 1451 1204 ‘⁸
1465 1186 1547 1217 Veni
1571 1187 1611 1217 ad
1633 1198 1684 1217 vos
1706 1192 1737 1217 et
1761 1187 1860 1217 inveni

1082 1236 1273 1268 Christun1.”

1020 1317 1026 1323 .
1044 1292 1208 1334 Expositio
1225 1292 1375 1324 orationis
1392 1294 1571 1324 Dominieae.
1597 1294 1646 1324 fol.
1664 1295 1712 1334 76.

1106 1345 1204 1386 Incip.
1223 1352 1240 1361 ‘⁵
1255 1345 1324 1376 Hec
1345 1350 1451 1376 autem
1476 1346 1660 1383 obsecratio,
1677 1346 1778 1376 oratio
1800 1345 1861 1376 Do-

1084 1397 1197 1427 minica
1215 1397 1372 1427 vocatux·.”

1022 1476 1026 1482 .
1045 1451 1167 1482 Devota
1185 1452 1351 1493 explicatio
1368 1452 1505 1492 ejusdem
1522 1452 1680 1483 orationis.
1705 1451 1756 1482 fol.
1775 1461 1823 1492 79.

1104 1503 1202 1543 Incip.
1222 1504 1415 1534 “Perfectus
1443 1515 1528 1534 amor
1551 1504 1729 1534 continetur
1751 1503 1782 1533 in
1805 1504 1861 1534 1106

1083 1555 1210 1584 ve1·bo.”

1021 1635 1026 1640 ,
1046 1610 1219 1640 Indiculum
1236 1610 1373 1640 omnium
1392 1610 1580 1650 scriptorum
1595 1610 1737 1651 magistri
1755 1610 1862 1651 Hugo-

1063 1661 1109 1692 nis
1125 1662 1163 1692 de
1180 1662 1210 1692 S.
1224 1662 1349 1692 Victore
1366 1673 1434 1702 quae
1451 1661 1584 1702 scripsit.
1609 1661 1659 1691 fol.
1675 1662 1724 1691 81.

1106 1713 1212 1743 Desin.
1231 1718 1247 1729 ‘⁵
1261 1713 1314 1743 sed
1338 1718 1409 1753 post
1433 1717 1566 1743 mortem
1587 1713 1653 1753 ejus
1675 1712 1773 1742 abbas
1791 1712 1862 1743 Gel-

1086 1765 1222 1795 dewinus
1243 1765 1366 1805 collegit
1390 1765 1493 1795 onmia
1514 1765 1635 1795 insimul
1652 1769 1684 1795 et
1699 1765 1770 1795 fecit
1787 1775 1860 1805 qua-

1085 1820 1157 1847 tuor
1173 1816 1358 1846 volumnius*

1023 1898 1027 1901 .
1046 1871 1190 1912 Hugonis
1203 1871 1241 1902 de
1254 1871 1284 1902 S.
1296 1871 1428 1902 Victore
1446 1872 1604 1913 responsio
1621 1883 1712 1913 super
1729 1871 1861 1912 quinque

1063 1922 1321 1953 dubitationibus.
1345 1922 1396 1952 fol.
1413 1923 1450 1953 82
1465 1923 1494 1953 b.

1108 1975 1206 2016 Incip.
1224 1979 1241 1991 ‘⁵
1256 1975 1460 2014 Insipientem
1476 1975 1586 2005 doctus
1609 1975 1810 2016 interrogas,”
1827 1979 1860 2004 ut

1085 2026 1167 2056 inter
1183 2037 1288 2067 opera,
1305 2031 1377 2056 tom.
1391 2025 1431 2055 iii.
1449 2026 1500 2056 fol.
1513 2035 1553 2066 52
1568 2025 1595 2056 b.

1023 2105 1028 2110 .
1047 2081 1196 2121 Ejusdem
1212 2081 1250 2111 de
1274 2081 1375 2111 tribus
1398 2081 1481 2117 locis,
1499 2085 1531 2111 et
1547 2081 1620 2122 quid
1637 2092 1692 2111 nos
1713 2081 1743 2110 111
1760 2080 1860 2121 singu-

1064 2132 1100 2162 lis
1117 2132 1211 2162 simus
1224 2132 1270 2162 vel
1286 2143 1425 2173 agamus.
1450 2133 1501 2163 fol.
1517 2134 1566 2174 83.

1110 2183 1206 2224 Incip.
1244 2187 1266 2201 ‘⁴
1285 2183 1360 2214 Tria
1396 2188 1468 2214 sunt
1504 2184 1591 2220 loca;
1630 2183 1773 2225 Egiptus,
1807 2183 1858 2212 de-

1064 2235 1210 2271 sertum?
1226 2235 1298 2266 ibid.
1315 2240 1390 2266 tom.
1407 2236 1447 2266 iii.
1465 2235 1515 2266 fol.
1528 2245 1580 2276 57.

1048 2290 1194 2331 Ejusdem
1232 2290 1351 2321 libellus
1389 2291 1426 2321 de
1460 2290 1578 2332 judicio
1608 2290 1671 2320 veri
1709 2294 1739 2320 et
1778 2289 1858 2319 boni.

1064 2341 1114 2370 fol.
1134 2342 1170 2382 83
1190 2341 1217 2371 b.

1108 2392 1202 2433 lncip.
1215 2396 1232 2408 ‘⁵
1244 2392 1400 2434 Spiritalis
1411 2390 1731 2432 (11]11(11611ῒ,”(0111111.
1749 2390 1816 2427 [43
1830 2389 1859 2419 b.

1049 2446 1196 2487 Ejusdem
1223 2447 1261 2477 de
1288 2447 1408 2477 duabus
1430 2445 1641 2476 voluntatibus
1666 2445 1696 2474 in
1719 2444 1856 2474 Christo.

1064 2497 1115 2528 fol.
1131 2499 1169 2528 86
1188 2498 1217 2528 b.

1109 2550 1207 2591 Incip.
1222 2554 1240 2566 ‘⁶
1253 2549 1363 2588 Queris
1379 2550 1416 2579 de
1430 2547 1616 2583 voluntates*
1633 2552 1706 2577 tom.
1718 2546 1757 2576 iii.
1774 2547 1794 2576 f.
1809 2556 1856 2585 25.

1049 2604 1173 2635 Ricardi
1190 2605 1227 2635 de
1244 2606 1275 2635 S.
1288 2605 1427 2639 Victore,
1446 2604 1522 2633 liber
1542 2603 1579 2632 de
1603 2601 1859 2632 exterminatione

1065 2656 1149 2693 mali,
1164 2667 1257 2697 super
1279 2656 1374 2692 istud,
1393 2661 1400 2673 ‘
1415 2655 1499 2688 Quid
1521 2659 1567 2684 est
1589 2653 1645 2684 tibi
1670 2663 1753 2683 mare
1777 2652 1857 2693 quod

1064 2707 1190 2747 fugisti.’
1213 2706 1264 2737 fol.
1279 2717 1329 2746 92.

1111 2757 1225 2788 Exstat
1241 2758 1324 2788 inter
1339 2768 1443 2798 opera,
1463 2758 1550 2796 1650,
1568 2766 1595 2796 p.
1615 2765 1639 2785 1.

1153 2821 1171 2843 F
