2254 3117
359 174 404 205 20

708 260 889 295 LXVIII.

362 336 479 369 Codex
506 331 798 366 membranaceus,
818 327 853 360 in
871 329 932 359 4t0
950 325 1084 365 minori,
1103 324 1137 358 ff.
1157 326 1239 364 342,

387 404 452 426 sec.
472 401 549 429 xv.;
575 388 658 421 olim
682 385 858 430 peculium
884 383 1053 417 Johannis
1081 382 1242 427 Hopkin-

388 461 458 488 son,
478 444 740 481 Lincolnieusis.

406 524 432 552 1.
453 519 657 561 Synaxarium
684 516 921 557 evangeliorum,
950 526 1017 556 qua}
1042 514 1186 555 leguntur
1212 512 1243 542 in

469 570 597 602 ecelesia
611 579 667 609 per
683 573 785 599 totum
801 577 926 597 annum.
943 565 993 596 fol.
1015 575 1039 595 1.

407 638 435 666 ΞΖ.
453 634 483 664 S.
498 632 645 663 Matthaei
670 630 881 672 Evangelium,
898 628 1013 670 praevia
1035 626 1143 658 tabula
1164 624 1245 666 capi-

470 685 617 720 tulorum,
633 693 759 713 numero
776 680 938 722 sexaginta
954 683 1034 710 octo.
1058 679 1108 709 fol.
1128 686 1174 717 17.

514 735 577 765 Tit.
593 735 625 765 τὸ
642 735 712 764 κατὰ
729 735 881 763 Ματθαῖον
898 732 981 770 ἅγιον
998 729 1183 769 εὐαγγέλιον.

410 804 438 832 3.
457 801 486 831 S.
501 799 602 830 Marci
626 797 837 839 Evangelium,
865 795 986 836 praeviis
1013 793 1168 835 capitulis,
1193 803 1246 822 nu-

481 902 548 931 106.

518 952 581 982 Tit.
602 951 634 981 τὺ
652 952 723 980 κατὰ
740 948 862 988 Μαρκὸν
878 948 962 986 ἅγιον
979 944 1163 984 εὐαγγέλιον.

520 1003 557 1034 In
574 1002 665 1036 calce,
690 1001 721 1031 τὸ
741 1002 811 1030 κατὰ
829 998 950 1037 Μάρκον
969 999 1053 1035 ἅγιον
1077 994 1251 1033 εὐαγγέλιον

501 1055 613 1095 ἐγράφη
640 1055 712 1091 μετὰ
738 1053 859 1092 χρόνους
884 1052 951 1079 δέκα
975 1050 1024 1085 τῆς
1050 1049 1099 1076 τοῦ
1125 1047 1252 1084 Χριστοῦ

502 1106 688 1145 ἀναλήψεως.

420 1174 447 1201 4.
466 1170 496 1200 S.
514 1170 604 1199 Lucae
626 1165 786 1206 Evangelii
807 1163 952 1204 capitula,
980 1170 1107 1191 numero
1130 1162 1253 1199 septua-

482 1221 570 1262 ginta,
586 1226 657 1249 tres.
682 1218 733 1248 fol.
752 1218 820 1253 164.

526 1271 587 1301 Tit.
605 1269 751 1309 κεφάλαια
763 1269 812 1297 τοῦ
828 1266 898 1295 κατὰ
911 1266 1025 1294 Λουκῖιν
1037 1262 1120 1301 ἁγίου
1137 1261 1255 1300 εὐαγγε-

504 1324 578 1352 λίου.

421 1389 449 1417 5.
468 1387 694 1427 Argumentum
723 1383 753 1412 in
784 1379 929 1411 SMurci
954 1376 1172 1417 Evangelium.
1206 1374 1255 1404 fol.

488 1440 556 1468 166.

529 1487 625 1528 Incip.
642 1486 674 1516 τὸ
689 1487 758 1515 κατὰ
775 1483 895 1522 Μάρκον
913 1480 1087 1520 εὐαγγέλιον
1103 1480 1174 1517 μετὰ
1190 1477 1259 1507 δέκα

510 1541 557 1578 ἔτη
587 1541 635 1576 τῆς
662 1538 789 1576 Χριστοῦ
819 1533 996 1572 ἀναλήψεως
1026 1531 1196 1570 συνεγράφη
1228 1530 1260 1558 ἐν
1288 1555 1290 1570 ,1

508 1591 611 1629 Ῥώμῃ.

426 1655 453 1685 6.
472 1654 590 1684 Versus
606 1663 659 1682 sex
676 1650 797 1681 iambici
814 1649 844 1678 in
861 1648 891 1678 S.
904 1647 1057 1677 Marcum.
1081 1644 1131 1675 fol.
1150 1645 1204 1680 167
1218 1643 1245 1673 b.

532 1704 593 1734 Tit.
610 1703 706 1742 στίχοι
722 1702 760 1732 εἰς
773 1700 823 1730 τὸν
840 1700 923 1738 ἅγιον
939 1697 1060 1736 Μάρκον
1076 1696 1128 1726 τὸν
1144 1695 1262 1733 εὐαγγε-

513 1754 626 1791 λιστήν.

534 1805 632 1845 Incip.

515 1856 628 1895 Πέτρου
644 1855 761 1893 μυηθεὶς
776 1856 835 1884 τοῖς
851 1852 1012 1891 ἀποῤῥήτου
1028 1851 1136 1889 λόγοις.

432 1922 459 1952 7.
478 1919 596 1950 Versus
611 1922 744 1959 quatuor
759 1915 873 1946 heroici
890 1915 920 1944 in
937 1913 1077 1944 eundem.
1103 1912 1152 1942 fol.
1167 1910 1264 1950 1671).

537 1969 637 2009 Incip.

516 2022 573 2051 ὅσα
589 2021 652 2059 περὶ
669 2021 806 2058 Χριστοῖο
823 2017 956 2056 θεήγοροι
972 2016 1058 2046 ἔθνεα
1074 2014 1197 2053 Πέτρος.

435 2090 463 2117 8.
480 2085 668 2117 Prooemium
684 2084 714 2113 in
733 2083 763 2113 S.
778 2082 870 2113 Luca:
886 2080 1086 2122 evangelium.
1110 2078 1161 2109 fol.
1179 2078 1246 2108 168.

540 2137 602 2167 Tit.
618 2136 768 2174 προοίμιον
791 2136 839 2163 τοῦ
864 2134 934 2162 κατὰ
957 2134 1071 2162 Αουκῖιν
1092 2131 1170 2160 θείου
1187 2129 1270 2167 εὐαγ-

522 2188 633 2227 γελίου.

546 2238 641 2279 Incip.
664 2237 718 2277 χρὴ
735 2236 785 2265 τὸν
802 2232 1019 2273 ἐντυγχάνοντα
1035 2234 1101 2273 τῇδε
1116 2233 1148 2269 τῇ
1162 2231 1270 2270 βίβλῳ.

439 2305 468 2336 9.
487 2302 561 2337 Titi,
586 2299 719 2341 episcopi
748 2296 934 2340 Bostrensis,
958 2294 1102 2336 prologus
1129 2293 1158 2323 in
1183 2303 1272 2322 evan-

503 2353 615 2395 gelium
633 2351 722 2381 idem.
747 2349 796 2379 fol.
817 2350 882 2388 169.

545 2404 606 2434 Tit.
622 2404 710 2433 Τίτου
726 2402 883 2431 ἐπισκόπου
899 2399 1007 2436 Βότρις.

422 2471 469 2500 10.
487 2470 607 2500 Gosmae
649 2464 887 2504 Indicopleustae
931 2460 1077 2502 prologus
1113 2459 1144 2488 in
1184 2468 1275 2488 evau-

507 2519 619 2560 gelimn
636 2517 726 2547 idom.
750 2515 799 2545 fol.
818 2516 873 2554 169
886 2513 916 2543 b.

551 2569 611 2600 Tit.
630 2571 730 2606 Κοσμῐι
745 2565 1006 2606 Ἰνδικοπλεύστου.

554 2620 647 2660 Incip.
673 2620 754 2650 οὗτος
773 2619 788 2647 ὁ
808 2618 920 2647 Λουκᾶς
940 2615 955 2644 ὁ
976 2614 1070 2653 τρίτος
1090 2614 1146 2642 τῶν
1162 2611 1281 2650 εὖαγγε·

531 2675 650 2703 λιστῶν.

429 2738 478 2767 11.
498 2737 727 2776 Argumentum
746 2731 893 2773 ejusdcm,
912 2731 1024 2760 Λουκᾶς
1046 2729 1061 2757 ὁ
1083 2726 1220 2765 μακάριος
1240 2725 1281 2755 εὖ·

513 2785 688 2825 αγγελιστὴς
699 2784 795 2823 ἰατρὸς
807 2784 860 2820 μὲν
869 2781 905 2818 ἦν
915 2780 966 2817 τὴν
979 2779 1097 2818 τέχνην.
1120 2777 1170 2807 fol.
1186 2785 1243 2815 170
1254 2776 1282 2805 b.

908 158 1208 195 CATALOGUS
1234 155 1468 193 CODICUM
1494 154 1602 189 MSS.

1308 257 1358 287 12.
1376 255 1604 296 Argumentum
1620 251 1712 283 aliud.
1736 250 1785 281 fol.
1805 258 1860 290 170
1870 249 1900 280 b.

1436 307 1499 337 Tit.
1515 306 1652 336 ὑπόθεσις
1666 306 1716 333 τοῦ
1733 304 1804 332 κατὰ
1818 302 1933 331 Λουκᾶν
1949 299 2129 339 εὐαγγελίου.

1439 357 1536 398 Incip.
1568 357 1639 386 κατὰ
1668 356 1783 384 Λουκᾶν
1809 353 1841 383 τὸ
1869 351 2043 391 εὐαγγέλιον
2070 351 2163 390 ἐπιγέ-

1417 419 1551 448 γραπται.

1313 474 1364 504 13.
1382 473 1610 513 Argumentum
1627 468 1719 499 aliud.
1743 467 1795 497 fol.
1814 474 1865 505 [71
1881 465 1913 494 b.

1440 521 1538 562 Incip.
1556 522 1668 551 Λουκᾶς
1680 520 1695 549 ὁ
1708 521 1785 550 θεῖος
1797 516 1947 556 ἀντιοχεὺς
1959 515 2013 553 μὲν
2028 513 2064 552 ἦν
2076 514 2165 553 ἰατρὸς

1420 574 1450 604 δὲ
1467 573 1513 603 καὶ
1528 572 1579 609 τὴν
1596 572 1648 608 ἔξω
1666 570 1776 608 σοφίαν
1791 567 1890 599 πολὺς,

1316 640 1366 669 14.
1386 638 1613 678 Argumentum
1630 633 1720 664 aliud.
1747 633 1797 663 sol.
1818 640 1887 670 172.

1444 688 1542 728 Incip.
1561 688 1726 725 Αὔγουστος
1739 683 1878 722 ἑορτάζων
1893 681 1909 719 ἢ
1927 680 2028 720 ἑορτὴν
2043 679 2168 718 προτιθέ-

1421 751 1517 776 μενος.

1277 833 1278 837 ,
1320 805 1369 834 15.
1388 802 1517 837 Nicetae,
1555 797 1728 841 philosophi
1767 793 2043 837 I‘aphlagonensiS‚
2078 792 2109 823 in
2141 792 2168 823 S.

474 862 558 881 moro
584 848 792 891 quadraginta
815 851 895 883 octo3
922 850 953 876 et
977 847 1170 884 argumento.
1197 841 1246 872 fol.
1278 863 1279 869 .

1406 854 1521 884 Lucam
1538 862 1660 882 carmon
1679 849 1853 880 iambicum.
1877 846 1928 876 fol.
1949 854 2003 884 172
2015 845 2045 875 b.

1447 904 1509 934 Tit.
1530 903 1626 942 στίχοι
1648 901 1760 938 Νικήτα
1780 899 1949 939 φιλοσόφου
1965 898 2014 927 τοῦ
2030 899 2172 935 Παμφλα-
2216 880 2217 891 l

1426 957 1513 996 γόνος
1530 956 1570 986 εἷς
1585 955 1637 984 τὸν
1653 952 1865 991 εὐαγγελίστην
1881 951 2006 980 Λουκὶἷιν.

1452 1007 1551 1047 Incip.

1431 1059 1499 1096 ζωῆς
1515 1058 1566 1088 τὸν
1581 1057 1668 1096 ἄρτον
1684 1054 1812 1093 Χριστὸν
1828 1051 1982 1090 ἠξιωμένος

1430 1113 1538 1149 φαγεῖν
1554 1110 1647 1147 ταφῆς
1663 1107 1825 1145 λάμψαντα
1840 1107 1888 1141 τῆς
1903 1102 2062 1142 τριημέρου.

1326 1174 1374 1205 16.
1393 1174 1424 1204 S.
1439 1173 1529 1203 Lucae
1546 1170 1745 1210 evangelium.
1769 1167 1820 1198 sol.
1841 1175 1907 1204 174.

1454 1224 1514 1253 Tit.
1532 1223 1563 1252 τὸ
1580 1223 1651 1252 κατὰ
1667 1222 1782 1250 Λουκᾶν
1798 1219 1883 1257 ἅγιον
1899 1215 2080 1255 εὐαγγέλιον,

1328 1290 1377 1321 17.
1396 1287 1516 1318 Tabula
1552 1284 1757 1326 capitulorum
1795 1279 1992 1313 S.Johanuis
2026 1277 2177 1319 evangelii,

1413 1349 1539 1369 numero
1555 1336 1737 1368 octodecim.
1764 1334 1814 1364 sol.
1835 1342 1887 1355 *7

1833 1350 1863 1371 “s
1875 1356 1900 1362 ..ι

1330 1406 1379 1435 18.
1397 1402 1548 1443 Prologus
1561 1401 1591 1431 in
1603 1398 1798 1431 S.Johannis
1808 1396 2009 1438 evangelium.
2032 1393 2082 1424 fol.
2092 1393 2180 1433 272b.

1457 1453 1518 1483 Tit.
1540 1452 1691 1491 προοίμιον
1706 1452 1755 1479 τοῦ
1772 1451 1843 1479 κατὰ
1856 1447 1996 1484 Ἰωάννην
2012 1446 2089 1476 θείου
2106 1443 2182 1483 εὐαγ-

1437 1504 1546 1543 γελίου.

1460 1554 1557 1594 Incip.
1584 1554 1634 1582 τοῦ
1659 1551 1829 1588 Πνεύματος
1854 1549 1970 1585 δύναμις
1994 1547 2026 1576 ἐν
2052 1543 2183 1584 ἀσθενείᾳ

1437 1607 1608 1636 τελειοῦται.

1335 1672 1385 1703 19.
1403 1669 1434 1699 S.
1445 1666 1602 1699 -Johannis
1617 1663 1819 1705 evangelium.
1843 1662 1894 1692 sol.
1911 1668 1979 1702 275.

1461 1719 1522 1749 Tit.
1539 1718 1571 1747 τὸ
1589 1718 1659 1747 κατὰ
1673 1714 1813 1752 Ἰωάννην
1830 1713 1913 1752 ἅγιον
1929 1710 2112 1751 εὐαγγέλιον.

1335 1785 1385 1814 20.
1402 1783 1440 1813 In
1456 1781 1586 1812 eundem
1609 1779 1638 1809 S.
1651 1778 1669 1807 J
1673 1777 1826 1809 ohannem
1842 1786 1947 1805 versus
1968 1773 2102 1815 quinque
2117 1771 2186 1801 iam-
2224 1798 2225 1801 ,

1420 1832 1488 1863 bioi.
1513 1830 1562 1861 fol.
1579 1839 1650 1870 340.

1464 1883 1527 1914 Tit.
1545 1882 1642 1921 στίχοι
1658 1881 1698 1912 εἰς
1713 1879 1764 1909 τὸν
1781 1876 1992 1917 εὐαγγελιστὴν
2006 1874 2153 1912 Ἰωάννην.

1466 1932 1563 1972 Incip.

1444 1984 1567 2022 βροντῆς
1583 1982 1634 2012 τὸν
1649 1981 1712 2011 υἱὸν
1728 1980 1768 2011 τίς
1783 1981 1898 2017 βροτῶν
1912 1977 1950 2014 μὴ
1969 1975 2110 2014 θαυμάση.

1339 2050 1388 2079 21.
1408 2045 1632 2087 Interpretatio
1662 2043 1819 2073 nominum
1849 2045 1881 2071 et
1906 2041 2042 2070 locorum
2067 2038 2188 2079 aliquot,
2224 2061 2227 2065 .

1425 2109 1555 2140 quorum
1572 2098 1607 2127 fit
1623 2095 1738 2125 mentio
1754 2093 1784 2123 in
1801 2091 1969 2133 cvangelio.
1993 2090 2044 2120 fol.
2057 2099 2128 2130 340.

1470 2149 1566 2189 Incip.
1599 2147 1694 2177 Αἰνὼν
1727 2147 1757 2175 δὲ
1790 2145 1874 2174 πόλις
1908 2142 2090 2181 ἑρμηνεύεται
2121 2138 2190 2178 πηγὴ

1449 2201 1604 2238 δυνάμεως.

1472 2253 1510 2281 In
1526 2250 1617 2284 caleo,
1637 2255 1654 2264 ‘¹
1666 2248 1683 2278 J
1691 2248 1829 2278 ohannes
1842 2244 2066 2285 Hopkinsonus
2079 2239 2192 2272 Lincol-

1452 2301 1591 2333 niensis.”

1694 2381 1831 2416 LXIX.

1327 2447 1445 2481 Codex
1466 2444 1757 2478 membranaceus,
1776 2440 1809 2472 in
1827 2438 1908 2472 folio
1922 2436 2057 2475 minori,
2075 2434 2107 2468 ff.
2121 2435 2195 2471 154,

1353 2518 1418 2539 soc.
1434 2505 1523 2543 xiv.;
1543 2502 1623 2535 olim
1642 2499 1811 2533 Willclmi
1829 2496 1997 2534 vastts,
2016 2493 2093 2528 coll.
2114 2491 2194 2525 NOV.

1354 2562 1446 2595 socii.
2216 2545 2229 2587 .‘

1373 2618 1608 2652 Concor-dantia·
1647 2616 1827 2651 Bibliorum,
1867 2612 1973 2643 ordino
2011 2607 2197 2652 alphabetico

1395 2670 1561 2711 dispositae.
1579 2679 1647 2698 cum
1663 2666 1853 2708 praefatione.

1440 2721 1588 2751 I'raefatio
1604 2724 1660 2755 ρει,
1679 2724 1696 2733 ‘¹
1710 2717 1846 2747 Cuilibet
1866 2713 1978 2745 volenti
1998 2711 2117 2752 require
2135 2707 2197 2749 [sio]

1419 2770 1654 2803 concordantias
1675 2769 1706 2799 in
1728 2768 1784 2798 hoe
1801 2766 1879 2796 libro
1895 2774 1988 2795 unum
2004 2766 2051 2793 est
2066 2758 2201 2802 primitus
