2254 3117
337 169 383 200 48
891 157 1194 194 CATALOGUS
1220 155 1455 192 CODICUM
1485 157 1593 192 MSS.

356 265 385 295 8.
403 264 439 295 R.
457 262 549 293 Lullii
565 261 642 292 liber
657 260 694 290 dc
709 257 833 289 lumine.
857 257 909 287 fol.
927 265 996 297 159.

464 311 560 352 Incip.
580 316 597 327 *k
609 308 761 349 Quoniam
777 307 952 338 intellectus
968 305 1182 347 multiplicans*

465 364 504 393 In
528 362 619 396 calce,
638 360 724 390 “Ad
751 359 901 389 honorem
925 357 984 388 Dci
1011 357 1109 388 finivit
1136 357 1217 398 Ray-

441 412 574 443 mundus
585 411 697 440 librum
709 409 871 439 delumine
883 408 914 438 in
925 407 1038 438 Monte
1048 407 1218 438 Pessulano

440 463 553 494 mensis
570 460 754 492 Novembris
769 459 942 500 in.ccc.iij.”
959 463 1018 490 etc.

359 533 386 562 4.
405 531 452 562 De
468 530 572 561 anima
587 528 744 559 rationali.
768 527 821 558 fol.
838 528 906 557 180.

464 582 562 622 Incip.
580 587 597 597 *⁴
610 579 764 619 Quoniam
779 578 884 610 anima
899 577 1062 609 rationalis
1077 577 1153 608 ests*

464 633 500 663 In
517 633 610 668 calce,
629 636 649 649 “
665 631 789 662 Finitus
812 631 870 661 fuit
893 630 951 661 istc
974 629 1051 660 liber
1067 629 1165 659 Rome
1189 628 1220 658 in

442 684 570 715 civitate
597 693 652 724 per
678 682 863 723 magistrum
889 680 1108 722 Raymundum
1139 690 1220 710 anno

443 734 666 766 incarnationis
690 733 817 764 Domini
848 732 946 763 nost-ri
976 732 1076 762 Jhesu
1105 730 1220 761 Christi

443 786 604 817 millesimo
631 784 843 816 ducentesimo
867 783 1066 825 nonagesimo
1092 782 1220 819 tercio,'’

443 844 502 869 etc.
933 842 936 843 ⁷

360 910 388 938 5.
405 907 554 947 Dialogus
571 906 608 936 dc
624 905 765 936 articulis
780 904 863 940 fidei,
876 902 1149 934 interlocutoribus
1161 901 1221 931 fide

422 962 454 989 et
470 958 639 988 intellectu.
663 956 713 987 fol.
730 966 799 997 239.

467 1009 528 1040 Tit.
547 1013 565 1026 ‘⁴
580 1008 758 1049 Dyalogum
781 1005 923 1048 magistri
940 1004 1117 1046 Raymundi
1134 1003 1221 1034 theo-

445 1060 535 1100 logif'

468 1110 565 1151 Incip.
584 1116 601 1126 ‘⁶
615 1109 842 1150 Theologorum
858 1107 962 1138 studia
975 1106 1132 1148 januani.''

362 1179 390 1210 6.
408 1178 456 1209 De
471 1177 591 1208 naturis
607 1188 728 1210 rerum:
754 1175 853 1206 mutil.
877 1174 926 1205 fol.
943 1176 1010 1204 262.

471 1228 568 1269 Incip.
592 1227 623 1257 in
645 1227 746 1257 verbis
762 1238 828 1267 cap.
845 1226 884 1256 de
899 1225 926 1256 vi
945 1225 1087 1257 flammae.
1105 1228 1122 1240 “
1135 1222 1223 1253 intel-

448 1280 570 1321 ligendo
593 1279 729 1320 alioquin
749 1278 891 1308 voluntas
914 1276 1074 1307 scientiam
1097 1286 1223 1316 gencra-

449 1336 497 1362 ret
513 1332 578 1362 sine
593 1330 779 1361 intellectu.”

346 1490 465 1524 Codex
481 1488 774 1526 membranaceus,
788 1487 822 1519 in
837 1488 906 1521 4t0,
922 1485 955 1519 ff.
970 1484 1051 1525 216,
1071 1496 1137 1518 sec.
1152 1495 1225 1523 xv.;

369 1560 412 1582 ex
433 1547 523 1580 dono
541 1546 682 1579 Thomae
700 1545 854 1590 Gauggc.
874 1544 951 1577 coll.
972 1543 1079 1576 Mert.
1099 1542 1191 1575 socii.

391 1613 418 1641 l.
435 1609 588 1641 Joliannis
608 1608 699 1639 Duns
723 1608 807 1638 Scoti
832 1608 1021 1648 quodlibeta,
1038 1606 1226 1648 quaestioncs

451 1660 560 1702 viginti
576 1670 668 1690 unam
686 1658 987 1700 comprehendentia.
1011 1657 1062 1687 fol.
1078 1667 1103 1686 2.

494 1712 556 1742 Tit.
575 1716 594 1729 ‘⁶
608 1710 776 1750 Quodlibet
792 1709 928 1740 doctoris
944 1708 1094 1739 subtilis.”

493 1763 631 1793 Exstant
646 1763 727 1792 inter
742 1772 847 1802 opera,
863 1765 938 1791 tom.
952 1761 1004 1790 xii.
1021 1771 1050 1801 p.
1069 1771 1093 1790 1.

494 1813 531 1843 In
549 1813 641 1849 calce,
653 1818 670 1828 ‘⁵
685 1811 822 1852 Explicit
838 1810 1018 1851 quodlibeta
1035 1810 1074 1841 D.
1089 1810 1140 1841 ΞΓ

389 1879 408 1907 10

413 1903 417 1908 .
437 1876 585 1917 Ejusdem
602 1875 680 1905 liber
695 1875 732 1905 dc
750 1874 849 1915 primo
865 1873 1027 1914 principio.
1052 1874 1104 1904 fol.
1122 1883 1189 1914 131.

495 1931 557 1961 Tit..
575 1939 592 1946 ⁵·
606 1930 725 1960 Doctor
740 1929 862 1959 subtilis
878 1929 916 1959 de
932 1929 1032 1969 primo
1048 1928 1228 1970 principio.''

494 1983 593 2022 Incip.
618 1987 637 1999 “
652 1982 792 2011 Primum
816 1992 919 2011 verum
945 1981 1128 2022 principium
1153 1981 1228 2011 milii

472 2045 509 2064 ca
525 2032 678 2070 credcrcf'
693 2036 729 2062 ut
744 2032 816 2062 ibid.
834 2036 908 2062 tom.
922 2033 962 2062 iii.
981 2044 1008 2073 p.
1028 2043 1099 2062 210.

495 2085 532 2115 In
559 2085 654 2119 calce,
671 2089 688 2101 ‘⁶
705 2083 841 2124 Explicit
870 2084 987 2123 primus
1014 2088 1170 2115 tractatus
1193 2084 1225 2114 J.

474 2137 559 2167 Scoti
575 2137 612 2166 dc
628 2135 727 2176 primo
744 2134 922 2175 principio.”

388 2202 417 2230 3.
436 2199 584 2242 Ejusdem
600 2198 720 2229 libellus
737 2198 774 2228 de
790 2198 966 2239 cognitione
984 2198 1052 2229 Dei.
1077 2198 1127 2229 fol.
1146 2207 1214 2239 147.

495 2251 557 2281 Tit.
571 2254 591 2268 “
606 2250 726 2281 Doctor
741 2250 862 2280 subtilis
878 2250 916 2280 (le
932 2250 1110 2291 cognicione
1127 2250 1215 2281 Dei.”

495 2302 596 2343 Incip.
614 2305 631 2319 ‘⁶
648 2302 728 2340 Quia
744 2312 910 2342 supprema
925 2302 1064 2343 cognicio
1079 2302 1199 2333 nobis.”

494 2353 540 2384 Cf.
557 2353 631 2383 ibid.
649 2356 723 2383 tom.
740 2353 779 2383 iii.
797 2364 827 2394 p.
842 2363 914 2394 431.

391 2419 419 2448 4.
438 2416 585 2458 Ejusdem
602 2416 790 2447 Collationcs
808 2416 1009 2447 Parisienscs.
1033 2416 1084 2447 fol.
1102 2426 1169 2458 155.

497 2468 593 2509 Incip.
604 2473 622 2485 ‘⁶
637 2468 750 2499 Utrum
768 2469 808 2499 sit
819 2473 941 2499 tantum
956 2480 1017 2499 uua
1033 2469 1231 2510 prudentias*

475 2525 509 2552 ut
526 2521 599 2551 ibid.
617 2525 690 2551 tom.
705 2520 747 2550 iii.
766 2531 890 2562 11345.-

391 2586 418 2614 5.
437 2584 584 2625 Ejusdem
602 2584 790 2615 Collationcs
807 2584 1010 2615 Oxonicnscs.
1033 2584 1083 2615 fol.
1100 2593 1169 2615 200.

495 2636 558 2666 Tit.
575 2640 595 2652 “
609 2635 800 2666 Collationcs
817 2636 918 2666 Oxou.
935 2636 1103 2666 secundum
1127 2635 1233 2665 docto-

476 2697 539 2716 rcm
556 2686 700 2717 subtilem
717 2690 749 2717 ct
765 2690 838 2716 sunt
854 2686 1036 2716 collationes
1051 2695 1082 2726 3,
1094 2693 1125 2726 5,
1144 2685 1212 2725 25.”

498 2736 593 2777 Incip.
610 2742 627 2753 “
643 2737 758 2767 Utrum
775 2748 844 2767 cum
859 2736 1059 2778 simplicitate
1074 2735 1234 2777 personc,''

476 2791 510 2817 ut
527 2787 599 2817 ibid.
617 2791 690 2818 tom.
705 2788 747 2818 iii.
766 2799 793 2829 p.
810 2798 881 2829 393.

1665 257 1765 291 XCI.

1271 319 1391 354 Codex
1411 321 1705 359 membranaceus,
1720 321 1755 353 in
1770 322 1844 362 4to,
1858 321 1891 354 ff.
1907 323 1987 361 131,
2007 332 2074 357 sec.
2088 323 2155 357 xiv.

1296 379 1467 418 exeuntis,
1493 378 1582 411 binis
1613 376 1783 411 columnis
1812 383 1995 420 exaratus3
2027 384 2046 399 “
2065 380 2157 426 lega-

1296 440 1352 468 tus
1383 434 1528 479 collegio
1559 434 1602 467 de
1633 434 1777 468 Merton
1809 435 1902 469 halle
1929 436 2067 471 Oxonie
2098 449 2158 483 per

1298 490 1519 524 &villelmum
1540 490 1695 531 Duffeld‚
1715 503 1825 537 nuper
1842 493 2006 527 socium.’'

1315 550 1473 591 Scriptum
1492 550 1599 580 fratris
1616 550 1745 582 Roberti
1762 552 1891 583 Cowton
1912 564 2004 595 super
2024 558 2158 595 quatuor

1336 602 1431 632 libros
1457 601 1685 632 sententiarum
1715 603 1932 635 abbreviatum
1962 616 2018 646 per
2047 605 2158 647 magis-

1336 658 1419 684 trum
1437 653 1605 683 Ricardum
1623 653 1846 685 Sneddcsham.

1380 704 1479 745 Incip.
1497 708 1515 721 “
1532 704 1649 734 Utrum
1673 704 1799 735 habitus
1824 705 1979 747 theologie
2001 705 2042 737 sit
2060 706 2159 738 forma

1359 755 1490 796 simplex
1507 766 1563 796 per
1577 756 1818 796 abnegationem
1835 757 2008 798 corporis.'’

1380 807 1489 838 Dcsin.
1517 807 1667 838 “discere
1687 808 1792 845 faciat,
1817 808 1876 848 Qui
1900 809 2002 840 trinus
2027 813 2059 840 et
2082 820 2160 841 unus

1359 859 1433 889 vivit
1449 862 1481 889 et
1497 863 1627 899 regnat3
1652 859 1784 890 An1c11.”

1381 910 1419 940 In
1441 910 1534 946 calce,
1553 914 1574 928 ‘⁶
1588 910 1727 951 Explicit
1750 910 1900 952 scriptum
1924 922 2016 953 super
2030 922 2051 951 4
2066 912 2160 943 libros

1359 961 1588 991 seutenciarum
1605 961 1712 992 fratris
1729 961 1861 993 Roberti
1876 962 2034 994 ΟοννῒοηῖἼ

1658 1052 1777 1087 XCII.

1278 1114 1578 1153 Membranaceus,
1606 1114 1640 1147 in
1669 1114 1762 1155 folio,
1781 1114 1815 1148 ff.
1831 1114 1912 1154 236,
1931 1126 1997 1149 sec.
2013 1117 2081 1150 xiv.
2101 1129 2161 1150 ex-

1300 1174 1425 1209 cuntis,
1450 1173 1539 1206 binis
1566 1171 1736 1205 columnis
1758 1177 1938 1212 exaratus;
1966 1178 2042 1208 “ex
2072 1174 2161 1208 dono

1302 1231 1354 1264 M.
1372 1231 1521 1265 lValteri
1542 1231 1769 1275 Ramesbury,
1788 1231 1915 1276 incept.
1934 1232 1969 1264 in
1987 1231 2162 1278 theologia

1301 1290 1581 1333 precentorisquc
1613 1289 1647 1322 in
1680 1288 1826 1322 ecclesia
1857 1288 2095 1329 Herfordensi,
2122 1302 2160 1324 ac

1301 1346 1474 1391 quondam
1496 1346 1628 1391 prefate
1648 1347 1771 1380 domus
1789 1347 1970 1380 consocii.”

1320 1406 1450 1436 Roberti
1482 1406 1611 1437 Cowton
1642 1417 1735 1447 super
1764 1406 1944 1443 secundum,
1973 1407 2102 1438 tertium
2131 1411 2161 1438 et

1342 1463 1489 1499 quartum
1505 1457 1744 1493 sententiarum.

1385 1509 1483 1551 Incip.
1501 1514 1519 1527 “
1533 1510 1623 1541 Circa
1639 1509 1873 1540 distinctionem
1888 1510 2021 1551 primam
2037 1511 2162 1542 secundi

1363 1562 1463 1592 libri.”

1386 1613 1491 1644 Desin.
1510 1617 1528 1630 “
1542 1613 1660 1643 discere
1687 1613 1791 1649 faciat,
1810 1612 1869 1652 Qui
1893 1623 1962 1643 cum
1982 1614 2052 1644 Deo
2068 1613 2162 1645 Patre

1364 1669 1395 1695 et
1413 1664 1530 1706 Spiritu
1549 1664 1666 1695 Sancto
1682 1664 1756 1695 vivit
1773 1670 1804 1695 et
1820 1668 1951 1706 regnat;
1975 1665 2107 1695 Amen.''

1386 1715 1533 1757 Sequitur
1548 1715 1657 1746 tabula
1672 1715 1879 1756 quaestionum
1896 1715 1965 1746 libri
1982 1716 2096 1757 quarti.

1651 1807 1791 1842 XCIII.

1282 1871 1584 1910 Membranaceus,
1609 1871 1643 1903 in
1671 1869 1765 1909 folio,
1785 1868 1818 1903 ff.
1837 1871 1916 1909 190,
1937 1881 2003 1904 sec.
2018 1870 2087 1903 xiv.
2106 1881 2164 1903 cx-

1304 1929 1427 1968 euntis,
1464 1939 1507 1961 ex
1547 1927 1637 1960 dono
1676 1926 1826 1960 XValteri
1864 1926 2090 1972 Ramesbury,
2125 1932 2163 1959 ut

1305 1998 1417 2032 supra.

1323 2047 1451 2078 Robcrti
1476 2046 1604 2077 Cowton
1629 2056 1722 2085 super
1749 2044 1882 2085 primum
1906 2044 2018 2075 librum
2042 2052 2162 2075 senten-

1345 2098 1459 2129 tiarum
1476 2096 1728 2133 commentarius,
1741 2107 1812 2126 cum
1827 2095 1936 2126 tabula
1951 2106 2084 2126 annexa.

1389 2149 1487 2191 Incip.
1505 2153 1525 2167 ‘⁶
1540 2149 1627 2180 Sicut
1643 2148 1718 2179 dicit
1739 2147 1850 2178 beatus
1867 2147 2053 2178 Ambrosius
2075 2158 2165 2189 super

1366 2201 1515 2242 epistolas
1530 2200 1620 2232 Pauli
1636 2200 1667 2230 in
1683 2199 1834 2241 principio
1849 2199 1981 2230 rerum.”

1390 2253 1497 2284 Desin.
1517 2257 1538 2270 ‘⁶
1550 2252 1701 2292 recipitur
1715 2251 1747 2282 in
1763 2251 1905 2292 subjecto
1920 2250 2088 2282 secundum
2105 2250 2165 2281 dic-

1368 2310 1435 2336 tmn
1451 2304 1608 2335 modun1.”

1389 2355 1427 2386 In
1444 2355 1527 2386 calce
1543 2354 1657 2386 codicis
1680 2357 1753 2385 sunt
1773 2353 1896 2385 notitiae
1917 2354 1955 2385 de
1973 2353 2166 2385 cautionibus

1370 2407 1403 2437 M
1410 2407 1455 2437 M.
1474 2406 1610 2437 IValteri
1642 2405 1837 2447 Ramesbury
1863 2409 1895 2437 et
1925 2405 2059 2436 Simonis
2088 2404 2167 2434 Ban-

1368 2458 1447 2499 bury
1463 2458 1493 2487 in
1510 2457 1596 2488 cistis
1612 2456 1761 2498 expositis
1777 2467 1859 2487 anno
1878 2457 1969 2498 1382.

1657 2547 1792 2582 XCIV.

1286 2610 1588 2649 Membranaccus,
1607 2610 1641 2643 in
1662 2609 1754 2647 folio,
1774 2608 1807 2642 fl‘.
1823 2611 1845 2642 8
1864 2614 1899 2642 et
1918 2606 2000 2646 406,
2020 2618 2085 2641 sec.
2100 2617 2166 2644 xv„

1298 2668 1399 2701 *binis
1425 2667 1595 2701 columnis
1618 2671 1799 2705 exaratus3
1826 2676 1870 2698 ex
1889 2665 1980 2698 dono
2000 2663 2052 2696 M.
2073 2662 2166 2696 Hen-

1309 2726 1369 2759 rici
1390 2725 1506 2764 cher,
1527 2725 1689 2764 custodis,
1708 2736 1798 2757 anno
1819 2722 1924 2757 1468.

1328 2785 1506 2827 Raymundi
1530 2785 1582 2826 (de
1607 2783 1825 2825 Pennafortiff)
1842 2783 1917 2814 ord.
1937 2782 2038 2813 Praed.
2056 2785 2074 2798 “
2088 2784 2165 2812 trac-
