2254 3117
305 152 351 186 46

390 249 578 292 propicietur
591 249 689 283 Deus;
707 247 759 289 qui
775 247 852 278 obiit
868 258 950 278 anno
966 246 1092 277 Domini
1110 255 1185 286 1433

389 302 420 332 in
443 302 522 331 festo
548 301 734 330 Sanctarum
751 299 907 340 Perpetue
930 302 962 329 et
985 297 1188 328 Felicitatis.”

390 352 517 388 Postea,
542 356 562 369 “
579 351 680 382 Credo
703 350 785 391 quod
812 349 950 390 pertinet
980 348 1027 379 M.
1051 348 1186 379 Ricardo

391 402 548 434 Chester.”

682 481 817 515 XCVI.

306 547 423 580 Codex
440 545 732 584 membranaceus,
747 545 780 577 in
800 546 870 581 4⁴to,
886 543 918 577 ff.
931 545 1011 583 133,
1033 555 1101 577 sec.
1117 544 1185 581 xii„

329 605 417 638 binis
435 603 603 638 columnis
621 607 791 636 exaratus.

348 665 375 694 1.
392 663 549 705 Anonymi
575 663 735 704 cujusdam
760 662 939 704 compilatio
964 662 1001 692 de
1026 662 1085 693 Dei
1109 673 1185 703 prze-

410 715 539 745 scientia
554 719 586 744 et
602 714 699 744 libero
714 713 854 744 arbitrio.
878 713 929 744 fol.
948 724 973 744 1.

452 766 550 807 Incip.
579 770 597 782 “
614 765 754 796 Prefatio
784 765 984 796 dicendorum
1015 769 1047 796 et
1077 769 1186 795 contra

430 828 496 858 quae
524 817 690 847 dicendum
719 816 769 847 sit.
825 816 970 858 Plerique
995 816 1185 847 declinantes

430 868 525 899 eorda
540 868 571 898 in
586 868 681 898 verba
697 867 848 899 malicie.”

450 920 502 950 Ad
518 919 568 949 fol.
582 928 600 960 5
615 919 785 961 capitulum
799 923 847 950 est
863 919 1021 960 inscripta,
1040 924 1057 935 ‘⁴
1068 918 1186 950 Contra

429 971 561 1002 heresim
577 970 735 1012 correpcio
752 971 789 1001 dc
812 970 891 1001 libro
908 970 991 1001 beati
1008 969 1148 1000 Ansclmi
1161 969 1185 1005 ξ’

431 1023 525 1065 [libro
541 1022 605 1053 scil.
616 1023 654 1053 de
667 1022 832 1053 concordia
843 1021 1045 1063 praescientiae
1061 1026 1091 1051 et
1108 1032 1185 1062 prae-

429 1073 674 1115 destinationis,]
693 1078 751 1104 etc.

345 1127 373 1155 2.
392 1125 426 1155 B.
445 1125 586 1155 monachi
606 1124 783 1161 Fordensis‚
811 1125 935 1165 [postea
951 1124 1120 1155 Baldewini
1137 1135 1183 1154 ar-

408 1176 505 1217 chiep.
521 1175 781 1216 Oantuariensis,]
808 1176 886 1206 liber
901 1175 941 1206 ad
958 1175 994 1206 B.
1007 1174 1185 1215 episcopum

410 1226 616 1257 Exoniensern
630 1227 668 1257 de
685 1227 887 1257 Sacramento
905 1227 1022 1258 altaris.
1046 1227 1097 1257 sol.
1108 1237 1158 1267 37.

452 1278 549 1320 Incip.
565 1279 642 1318 prol.
666 1282 683 1295 ‘⁸
697 1279 878 1309 Reverendo,
898 1278 1023 1309 nomina
1044 1278 1184 1318 magistri

431 1330 557 1361 Domini
573 1335 605 1361 et
620 1331 718 1372 patris
733 1331 880 1371 singula.”

453 1381 549 1423 Incip.
573 1393 639 1423 cap.
656 1382 675 1412 i.
701 1382 812 1421 “Quid
836 1382 876 1412 sit
900 1382 987 1412 ordo.
1034 1381 1184 1423 Magnum

431 1437 462 1463 et
478 1433 663 1473 profundum
679 1433 748 1463 novi
765 1433 920 1474 verique.”

452 1483 558 1514 Desin.
577 1484 778 1515 “suavitatis
797 1484 862 1526 ejus
885 1485 1080 1515 eructabunt.
1128 1484 1184 1515 Fe-

431 1534 530 1565 lieiter
541 1534 630 1575 juvat
647 1535 750 1565 anima
766 1546 853 1570 mca;
879 1534 1010 1565 Amen.”

347 1586 375 1614 3.
394 1585 478 1615 Ordo
494 1585 532 1615 de
546 1586 704 1626 apostolis.
728 1586 777 1616 fol.
796 1588 842 1616 86.

452 1635 549 1677 Incip.
566 1641 585 1654 “
600 1637 715 1668 Beatos
730 1637 888 1678 apostolos
904 1648 1004 1667 sermo
1020 1637 1170 1667 divinus.”

348 1693 373 1721 4.
392 1691 599 1723 Directorium
617 1693 832 1731 Saeerdotum,
844 1693 906 1723 sive
923 1692 1070 1734 Capitula
1084 1692 1183 1734 plura,

411 1743 448 1773 de
471 1743 549 1779 istis,
572 1743 682 1784 quihus
709 1743 819 1774 instrui
845 1747 970 1784 oportet
997 1743 1184 1779 sacerdotes,

411 1805 448 1824 ex
476 1794 529 1825 SS.
555 1794 702 1825 Patribus
727 1794 923 1836 conciliisque
950 1794 1088 1831 collecta,
1115 1805 1185 1824 cum

410 1846 517 1876 tabula
532 1850 563 1876 et
580 1846 768 1887 prcesatione.
794 1847 843 1877 fol.
858 1848 907 1878 88.

456 1897 550 1938 Incip.
570 1898 655 1939 praef.
671 1903 690 1915 “
706 1898 872 1939 Nunquam
887 1898 977 1928 nimis
993 1897 1150 1928 docetur.”

454 1948 550 1990 Incip.
567 1949 618 1979 lib.
637 1954 654 1966 ⁴⁴
667 1949 716 1979 De
732 1949 821 1980 bonis
837 1953 868 1980 et
884 1950 922 1980 de
944 1949 1042 1986 malis,
1060 1960 1098 1979 ex
1114 1959 1185 1979 con-

433 2000 501 2030 eilio
526 2001 744 2042 Magontiensi,
762 2001 839 2032 Cum
860 2001 963 2031 omnia
987 2000 1116 2031 concilia
1137 2010 1184 2030 ca-

432 2052 574 2082 nonum.”

454 2103 558 2133 Desin.
575 2103 605 2133 in
622 2103 757 2143 capitulo
774 2107 782 2120 ‘
795 2114 832 2133 ex
854 2103 1048 2143 penitenciali
1072 2103 1185 2134 Roma-

433 2155 493 2189 no,’
521 2154 687 2184 “Centum
716 2154 805 2184 solidi
837 2154 902 2184 dati
930 2154 961 2184 in
987 2154 1186 2185 elemosinam

432 2216 546 2235 annum
562 2205 740 2236 excusant.”

348 2258 376 2285 5.
396 2255 619 2297 Fragmentum
635 2256 785 2287 itinerarii
800 2256 832 2286 in
849 2256 1030 2297 AEgyptum,
1051 2257 1185 2298 Syriam-

412 2318 480 2347 que.
503 2308 553 2338 fol.
571 2310 637 2338 118.
836 2301 838 2305 ,

452 2358 546 2399 Incip.
564 2358 596 2388 in
612 2359 722 2396 verbis,
747 2364 763 2375 ‘⁵
780 2370 817 2388 ex
842 2362 974 2399 utraque
1000 2366 1090 2400 parte
1111 2359 1185 2389 dua-

432 2420 499 2439 rum
515 2413 745 2440 cataractarum
769 2410 828 2440 (lue
851 2409 993 2440 civitates
1009 2414 1093 2447 sunt,
1109 2421 1185 2451 quas

432 2461 538 2491 dicunt
554 2461 711 2491 edificasse
727 2461 805 2491 filias
823 2460 932 2491 Loth.”

349 2515 376 2545 (i.
403 2516 577 2557 Descriptio
617 2516 762 2553 locorum,
795 2527 862 2557 quae
900 2515 978 2546 vidit
1008 2516 1184 2547 Bernardus

413 2561 552 2607 Sapiens,
579 2578 648 2598 eum
677 2568 767 2597 sociis
797 2567 859 2598 suis
889 2567 1144 2603 Theudemundo,
1169 2578 1185 2597 e

412 2618 598 2649 monasterio
622 2619 658 2648 B.
679 2619 705 2648 V
710 2619 834 2649 incentii
865 2618 1086 2655 Beneventani,
1118 2619 1185 2649 Ste-

413 2669 574 2710 phanoquc
600 2670 751 2710 Hispano,
771 2675 777 2686 ⁴
791 2671 915 2711 quando
940 2670 996 2701 ivit
1013 2670 1186 2701 Jerusalem

413 2719 458 2749 vel
484 2720 576 2750 rediit
603 2724 634 2750 et
659 2721 696 2750 de
721 2721 787 2761 ipsa
803 2721 975 2752 Jerusalem
997 2725 1028 2752 et
1049 2722 1087 2752 de
1113 2722 1187 2752 locis

414 2771 496 2801 eirea
509 2783 586 2802 eam.
610 2772 659 2802 fol.
678 2783 687 2802 1
701 2773 743 2802 18.

855 147 1153 183 CATALOGUS
1179 147 1413 184 CODICUM
1442 148 1552 183 MSS.

1386 247 1484 288 Incip.
1497 251 1516 265 “
1529 247 1623 277 Anno
1639 248 1873 288 nongentesimo
1888 249 2115 290 septuagesimo

1363 298 1585 329 incarnationis
1600 298 1748 329 Christi.'’

1280 350 1308 381 ’7.
1329 349 1422 380 Liber
1437 350 1475 379 de
1492 353 1605 380 natura
1627 360 1741 386 rerum,
1758 360 1848 390 quem
1864 349 1952 382 Beda
1972 362 2010 382 ex
2032 351 2116 383 libris

1343 400 1433 430 Plinii
1451 400 1584 430 Secundi
1600 400 1767 441 excerpsit,
1784 401 1898 442 praevia
1913 401 2021 432 tabula
2036 403 2116 444 capi-

1342 451 1478 482 tulorum
1493 461 1621 482 numero
1637 451 1667 481 li.
1691 451 1742 482 fol.
1760 461 1816 493 123
1834 452 1863 483 b.

1386 502 1484 543 Incip.
1501 506 1519 519 “
1533 502 1682 544 Operatio
1698 502 1829 534 divina.'’

1278 554 1306 583 8.
1324 553 1496 584 Alexandri
1512 553 1623 595 Magni
1644 554 1685 585 ad
1706 554 1909 586 Aristotelem
1932 555 2064 596 epistola
2079 557 2116 587 de

1339 605 1435 646 gestis
1451 605 1514 635 suis
1529 605 1561 635 in
1577 605 1678 636 India.
1703 605 1755 636 fol.
1774 606 1842 636 128.

1363 655 1460 697 Incip.
1478 660 1497 674 “
1513 656 1641 697 Semper
1656 667 1774 687 memor
1790 657 1865 687 tui.''

1602 771 1761 806 XCVII.

1236 831 1357 866 Codex
1376 832 1586 872 chartaceus,
1606 833 1641 866 in
1660 836 1730 873 atto,
1750 833 1783 867 ff.
1797 833 1876 874 186,
1895 845 1961 868 see.
1977 846 2032 868 xv.

1258 890 1284 918 ].
1303 888 1503 919 Tractatulus
1519 889 1557 919 de
1573 894 1643 920 octo
1658 890 1729 920 fidei
1746 890 1923 921 obstaculis.
1948 891 1998 921 fol.
2018 901 2039 920 ι.

1365 939 1461 981 Incip.
1479 944 1497 957 ‘⁶
1514 940 1621 971 Prima
1636 944 1683 971 est
1699 940 1908 982 ignorancia.”

1257 992 1285 1020 ⁶2.
1304 991 1460 1032 Anonymi
1484 991 1644 1032 cujusdam
1669 991 1747 1022 liber
1773 992 1824 1033 qui
1847 992 1962 1023 dicitur
1977 997 1996 1010 ‘⁶
2014 993 2118 1024 Absti-

1321 1042 1427 1072 nentia
1440 1043 1466 1077 ;”
1498 1042 1560 1072 sive
1586 1042 1714 1073 Summa
1738 1043 1863 1074 moralis
1889 1044 1928 1074 de
1953 1044 2119 1075 virtutibus

1322 1092 1476 1134 vitiisque,
1503 1098 1561 1124 etc.
1592 1094 1700 1125 ordine
1730 1094 1926 1136 alphabetico
1956 1095 2117 1137 disposita,

1322 1144 1437 1185 praevia
1452 1145 1659 1185 capitulorum
1675 1146 1792 1176 tabula.
1816 1146 1866 1176 fol.
1879 1156 1909 1186 5.

1363 1195 1462 1237 Incip.
1479 1200 1500 1213 ‘⁶
1515 1195 1642 1238 Duplex
1658 1200 1705 1228 est
1720 1197 1911 1228 abstinentia
1926 1197 2118 1229 detestabilis

1341 1251 1373 1277 et
1388 1246 1584 1277 laudabilis.”

1363 1298 1470 1329 Dcsin.
1489 1303 1508 1317 ‘⁶
1522 1311 1582 1340 que
1605 1300 1785 1341 preparavit
1811 1300 1897 1331 Deus
1921 1300 2119 1341 diligentibus

1341 1362 1382 1387 se,
1399 1351 1439 1381 ad
1456 1361 1515 1391 que
1531 1362 1586 1381 nos
1602 1351 1803 1392 perducere‚”
1820 1356 1878 1383 etc.

1363 1401 1401 1432 In
1417 1401 1508 1438 calce,
1536 1406 1556 1420 “
1574 1402 1713 1443 Explicit
1736 1402 1813 1433 liber
1836 1403 1889 1444 qui
1912 1406 2040 1433 vocatur
2055 1403 2118 1433 Ab-

1341 1451 1523 1483 stinencia.”

1256 1505 1284 1534 8.
1304 1503 1397 1534 Liber
1423 1504 1461 1534 de
1484 1503 1588 1534 anima
1612 1503 1811 1540 intellectiva,
1835 1515 1890 1545 per
1912 1503 2059 1534 articulos
2075 1503 2117 1534 di-

1321 1555 1462 1593 stinctus,
1478 1558 1606 1585 auctore
1632 1558 1667 1585 ut
1682 1555 1804 1585 videtur
1820 1554 1951 1586 Gowsell
1973 1555 2116 1596 quodam.

1319 1598 1373 1635 soli
1392 1606 1458 1643 146.

1365 1656 1461 1698 Incip.
1491 1656 1522 1687 in
1553 1656 1664 1693 verbis,
1693 1657 1842 1687 “Anima
1872 1656 2060 1688 intellectiva
2087 1662 2118 1688 et

1342 1709 1503 1749 corpore.”

1363 1760 1469 1791 Desin.
1489 1764 1506 1777 ‘⁶
1521 1760 1593 1801 quia
1611 1771 1630 1791 a
1646 1759 1701 1791 tali
1725 1768 1786 1790 non
1806 1763 1928 1801 oportet
1952 1759 2042 1801 hujus
2065 1760 2117 1790 ab—

1342 1813 1512 1843 stractione
1536 1812 1712 1853 procedere,
1732 1816 1790 1842 etc.
1835 1811 1916 1842 Ecce
1942 1811 2010 1842 finis
2035 1811 2117 1852 quod

1342 1863 1505 1894 Gowsell.”

1363 1914 1493 1952 Deinde,
1511 1919 1530 1932 ‘⁶
1542 1914 1610 1945 Deo
1625 1914 1743 1956 gratias
1760 1913 1842 1955 quod
1860 1913 2060 1954 Barnesley.”

1592 2020 1769 2055 XCVIII.

1236 2082 1536 2122 Membranaeeus,
1556 2083 1591 2115 in
1611 2084 1681 2120 4to,
1700 2082 1736 2116 ff.
1751 2082 1833 2121 265,
1861 2093 1927 2116 see.
1946 2082 2016 2115 xiv.
2046 2083 2117 2116 ine-

1261 2140 1372 2180 untis;
1399 2151 1443 2173 ex
1462 2140 1552 2173 dono
1573 2140 1792 2173 Fundatoris.

1279 2209 1405 2239 Thomae
1437 2209 1474 2239 de
1506 2208 1667 2244 Hibernia,
1697 2207 1852 2248 quondam
1878 2207 1953 2237 socii
1982 2207 2020 2238 de
2048 2206 2116 2238 Ser-

1300 2261 1392 2297 bona,
1418 2259 1597 2300 Manipulus
1622 2259 1744 2295 florum,
1773 2258 1879 2289 ordine
1909 2258 2115 2299 alphabetico,

1300 2323 1375 2347 cum
1384 2312 1492 2342 tabula
1507 2311 1704 2352 alphabetica
1720 2310 1893 2352 subjuncta.

1342 2363 1407 2394 Ine.
1423 2363 1498 2404 prol.
1515 2367 1535 2380 ‘⁶
1550 2363 1646 2393 Abite
1662 2362 1692 2392 in
1709 2373 1802 2403 agi-03
1828 2366 1887 2392 etc.
1925 2361 2117 2402 Paupercula

1320 2425 1381 2444 non
1397 2413 1515 2444 habens
1530 2423 1660 2443 messem
1672 2412 1698 2449 ;''
1721 2417 1756 2443 ut
1773 2412 1803 2442 in
1819 2412 1909 2442 editt.
1927 2412 2063 2453 impress.

1343 2465 1380 2495 In
1405 2465 1498 2501 calce,
1515 2468 1533 2480 ‘⁴
1548 2464 1684 2505 Explicit
1711 2463 1885 2504 manipulus
1905 2463 2014 2493 florum
2036 2474 2116 2494 com-

1320 2516 1435 2557 pilatus
1450 2527 1469 2546 a
1485 2516 1634 2556 magistro
1647 2515 1767 2545 Thema
1784 2515 1822 2545 de
1839 2514 2008 2555 Hybernia,
2021 2525 2116 2555 quon-

1321 2568 1393 2598 dam
1418 2567 1500 2597 socio
1530 2567 1568 2597 de
1597 2566 1745 2602 Sel-bona,
1762 2570 1794 2597 et
1818 2565 1932 2607 incepit
1957 2576 2049 2606 super
2063 2565 2116 2595 Jo-

1320 2619 1438 2649 hannes
1450 2618 1603 2655 Galensis,
1615 2618 1681 2648 ord.
1695 2618 1827 2648 fratrum
1839 2616 1992 2646 minorum
2008 2617 2117 2647 doctor

1320 2670 1352 2700 in
1367 2669 1532 2710 theologia,
1551 2669 1644 2699 istam
1660 2669 1808 2701 tabulam„
1825 2671 1856 2698 et
1872 2667 2020 2708 magister
2037 2667 2116 2698 Tho-

1321 2731 1388 2751 mas
1410 2721 1520 2757 finivit,
1536 2724 1594 2751 etc.
1641 2720 1699 2759 Qui
1720 2723 1831 2761 regnat
1853 2729 1922 2749 cum
1942 2718 2068 2750 Christo
2085 2719 2116 2748 in

1322 2772 1424 2803 secula
1439 2771 1642 2802 seculorum.”
