2254 3117
36 404 55 412 Α,

606 130 845 165 COLLEGH
872 130 1253 171 BALLIOLENSIS.

142 225 250 256 Desin.
263 229 281 242 “
292 225 371 256 sieut
382 227 542 267 appetitus
552 227 900 264 5005111105,1(100.“οῐ0.
931 230 932 261 ἶ

141 275 180 306 10
203 275 295 311 calce,
319 275 488 317 “Explicit
512 281 668 307 tractatus
691 278 729 307 de
752 279 901 318 potentiis
930 317 931 320 Ἴ

119 326 231 356 animae
248 327 416 356 secundum
433 326 485 357 w.
500 327 642 368 Burley.”

58 407 64 413 .
82 382 231 423 Ejusdem
247 382 324 412 liber
340 382 378 412 de
395 382 554 423 principiis
571 383 775 414 naturalibus.
797 384 847 414 fol.
864 394 890 423 7.

143 433 238 473 Incip.
257 438 274 449 “
288 432 376 463 Sicut
392 433 512 464 fruetus
529 434 606 464 ests*

141 482 179 513 In
204 483 297 519 calce,
323 488 340 500 ⁴·
356 483 492 524 Explicit.
519 490 676 515 tractatus
703 485 747 515 M.
766 485 900 516 walteri

119 534 233 574 Burlcy
246 534 284 564 de
300 534 458 575 principiis
475 535 678 566 naturalibus.
710 536 747 566 ln
760 537 900 577 mynde.”

34 588 298 620 3.Co11elusi0nes
330 589 398 619 libri
430 590 468 620 de
499 590 674 621 differentia
708 591 836 630 spiritus
869 597 900 623 et

96 640 208 670 anime.
231 640 282 670 fol.
300 651 332 670 11
350 641 378 671 b.

143 691 237 732 lneip.
255 696 273 708 “
286 691 443 722 Bonorum
467 692 706 730 honorabilium,
723 699 781 724 ete.

118 753 177 779 ma,
194 748 229 773 ut
245 742 360 773 dieitur
376 743 405 772 in
422 743 501 772 libro
517 743 555 773 (10
572 743 774 775 differentias*

825 695 900 725 Ani-

36 797 62 824 4.
81 793 318 824 Notifieationes
335 794 373 824 (10
389 794 518 824 diversis
534 795 735 825 materiebus.
760 796 811 826 fol.
831 807 874 837 ¹3-

33 998 61 1029 6.
79 999 228 1040 Ejusdem
244 999 430 1040 quzrstiones
446 1011 539 1041 super
555 1004 627 1030 octo
643 1000 738 1031 libros
754 1001 901 1042 Physieo-
930 998 932 1006 ¹

35 1822 55 1851 8

141 845 236 886 Incip.
255 850 273 861 ⁴⁴
287 845 371 876 Nota
388 846 470 886 quod
486 845 546 876 iste
561 846 741 877 terminus.”

34 909 62 928 ο.
77 896 150 933 Joh.
165 897 303 938 Scharpe
320 897 508 938 quaestioues
524 897 562 927 (10
578 898 691 928 anima.
716 898 769 928 sol.
788 909 832 935 14.

139 947 238 988 Incip.
256 952 273 964 ·‘
284 947 401 978 Utrum
418 948 524 978 anima
539 948 730 980 intellectiva
747 950 816 980 sitf'

96 1060 174 1080 rum.
199 1050 250 1080 fol.
265 1060 304 1092 35
320 1050 350 1080 b.

140 1101 236 1143 Incip.
255 1106 272 1118 “
285 1102 366 1132 Cum
383 1105 507 1133 tantum
523 1103 586 1133 tria
602 1106 675 1133 sunt
691 1103 887 1135 intrinseca.”
931 1111 932 1142 ζ

141 1153 177 1183 10
198 1153 293 1189 ealce,
315 1158 333 1170 ‘⁶
348 1153 391 1184 Et
414 1153 445 1183 in
467 1153 526 1184 hoe
549 1153 702 1185 finiuntur
724 1155 901 1196 questiones
931 1173 932 1192 3

1788 147 1834 181 27

1082 233 1184 264 Linea}
1198 238 1262 265 tam
1280 235 1422 272 initiales,
1437 246 1505 266 eum
1522 235 1612 266 litera
1624 247 1729 273 aurea,
1742 248 1834 277 quam

1059 290 1215 319 extremar.
1240 297 1301 316 una
1328 297 1396 316 011111
1424 286 1560 317 clausula
1584 287 1668 318 finali
1695 288 1834 318 authoris

1060 344 1169 363 nomen
1191 343 1374 376 exponente,
1392 337 1482 367 hodie
1498 348 1517 368 a
1533 337 1684 368 nebulone
1699 340 1832 380 quodam

1059 395 1168 414 exeisae
1185 391 1265 416 sunt.

1080 435 1125 465 Cf.
1144 436 1212 465 MS.
1230 437 1308 466 infra
1324 438 1412 468 cxvii.

955 492 1003 521 10.
1022 494 1150 523 Antonii
1182 496 1324 529 Andrean
1356 498 1422 527 ord.
1453 498 1560 528 minor.
1594 499 1833 530 commentarius

1039 555 1130 584 super
1146 545 1324 576 Aristotelis
1342 548 1627 590 Metaplnysicorum
1648 550 1742 580 libros
1759 551 1833 581 duo-

1039 596 1147 626 decim.
1172 597 1223 627 fol.
1242 608 1297 638 195
1311 598 1339 628 b.

1085 647 1188 687 Incip.,
1211 648 1314 678 excisa
1337 650 1426 680 litera
1448 651 1569 687 initiali,
1592 657 1609 669 ‘⁶
1706 653 1831 684 circuivi

1192 724 1197 730 .
1215 700 1386 730 doctrinam
1406 702 1583 733 Aristotelis
1598 708 1628 734 et
1643 728 1649 733 .
1665 728 1670 733 .
1690 729 1695 734 .
1714 729 1720 735 .
1737 705 1832 735 scien-

1061 749 1105 780 tia
1121 750 1352 791 metaphisieas'

1060 698 1124 728 sola
1142 724 1147 729 .
1167 723 1171 728 .

1082 800 1188 831 Desin.
1206 806 1223 818 ‘⁸
1235 813 1326 842 super
1341 803 1512 834 universam
1529 810 1702 836 creaturam
1718 817 1773 847 per
1789 807 1833 836 10-

1061 852 1148 882 finita
1165 853 1266 883 secula
1282 853 1461 890 soculorum,
1480 856 1610 886 Amen.’'

1084 903 1119 933 In
1158 904 1249 940 ealce,
1285 909 1301 920 ‘⁸
1318 904 1497 945 Explieiunt
1531 907 1705 947 questiones
1742 920 1833 950 super

1061 954 1295 995 metalidlisicam
1321 955 1501 986 Aristotelis
1531 959 1696 989 secundum
1723 970 1833 990 novam

1061 1006 1296 1036 translationem
1313 1007 1416 1037 fratris
1432 1008 1561 1038 Antonii
1578 1010 1693 1040 ordinis
1708 1011 1834 1041 minoris

1061 1058 1099 1088 (10
1116 1058 1271 1099 provincia
1288 1058 1456 1100 Aragonie,
1474 1060 1602 1090 Amenf'

1084 1109 1232 1150 Sequitur
1248 1109 1379 1150 quaestio
1395 1121 1463 1150 quae
1485 1111 1577 1142 debet
1598 1123 1663 1142 esse
1684 1113 1724 1142 ad
1743 1112 1833 1143 finem

1061 1159 1128 1189 libri
1146 1160 1236 1189 sexti.

117 1204 219 1245 alique
239 1204 321 1235 cirea
340 1204 435 1235 libros
457 1205 648 1246 phisieorum
667 1207 902 1247 superficialiter
931 1223 932 1226 ¹

118 1255 245 1286 collecte
266 1256 359 1286 modo
381 1267 442 1298 quo
462 1257 493 1287 in
516 1257 629 1287 scholis
652 1257 778 1298 phisicis
798 1259 899 1289 Oxou.

119 1306 272 1348 disputari
289 1309 504 1339 consuerant.”

139 1357 273 1395 Deinde,
303 1359 404 1390 “Her
431 1371 486 1401 per
513 1360 696 1401 magistrum
722 1360 901 1392 <Iohannem

118 1409 286 1440 Acutum.”

57 1485 62 1491 .
81 1460 217 1491 Walteri
234 1461 348 1502 Burley
365 1462 553 1502 quaestiones
575 1474 667 1504 super
687 1463 901 1494 Meteororum

97 1512 193 1543 libros
209 1518 344 1554 quatuor
361 1514 558 1546 brevissimae.
582 1515 633 1545 fol.
648 1526 684 1555 91
701 1516 730 1545 b.

141 1564 236 1606 Incip.
257 1565 340 1595 “De
362 1565 471 1607 primis
494 1577 568 1607 ergo
593 1567 712 1600 causis;
741 1566 775 1596 ln
800 1567 900 1609 primo
931 1589 932 1595 .

117 1615 206 1652 libro,
225 1616 276 1657 qui
293 1616 370 1647 liber
385 1617 617 1648 metheororum
634 1618 844 1649 intitulatur.''

140 1667 176 1698 In
199 1668 293 1705 ealce,
320 1674 337 1685 ⁵⁵
351 1669 491 1710 Explicit
518 1670 671 1711 expositio
697 1670 742 1700 M.
762 1671 900 1701 XValteri

117 1718 242 1760 Burley,
265 1731 359 1761 super
379 1732 398 1758 4
420 1720 516 1751 libros
539 1721 770 1752 metheororum
794 1734 900 1753 seeun-

118 1770 191 1800 dum
207 1770 330 1801 literani
347 1771 448 1802 brevis
464 1776 496 1802 et
511 1772 625 1803 utilis.”

58 1845 64 1851 .
79 1820 99 1851 J
101 1821 232 1852 ohannis
245 1822 330 1853 Scoti
344 1823 530 1863 quaestiones
543 1835 636 1864 super
648 1824 743 1855 libros
755 1825 896 1859 cosdem;

96 1873 196 1913 quoad
214 1873 342 1904 tertium
359 1874 466 1915 figuris
484 1875 644 1906 instructae
661 1875 898 1907 mathematicis.

96 1924 127 1955 ff.
142 1925 289 1962 1084148
303 1925 333 1961 b,
353 1928 492 1965 96—107.

140 1976 237 2018 Incip.
260 1981 277 1993 “
291 1977 381 2008 Circa
403 1978 539 2017 primum
563 1979 806 2015 metheororum,
828 1991 899 2020 que-

118 2026 199 2058 ritur
217 2031 323 2058 utrum
344 2029 381 2058 de
403 2029 642 2070 impassionibus
665 2030 899 2065 metheoriciss'

117 2082 152 2109 ut
168 2078 200 2109 in
216 2079 291 2110 edit.
309 2079 447 2121 impress.

140 2130 177 2160 In
204 2130 297 2167 calce,
324 2135 344 2148 “
359 2131 529 2172 Explieunt
557 2132 731 2173 questiones
762 2144 854 2173 super
878 2144 896 2174 3

116 2181 212 2212 libros
234 2182 466 2213 metheororum
487 2184 656 2214 seeundum
678 2183 806 2214 Scotum
827 2185 898 2215 doc-

119 2237 219 2263 torem
236 2233 415 2265 subtileni.”

139 2284 176 2314 In
197 2295 294 2326 marg.
318 2285 405 2316 infer.
427 2285 478 2316 fol.
497 2296 551 2328 131
570 2287 589 2316 b
609 2286 751 2328 depictus
767 2291 814 2317 est
829 2298 848 2317 a
864 2287 898 2317 li-

116 2335 220 2366 brario
236 2336 342 2377 vulpes
363 2341 439 2378 toga
459 2337 589 2368 seculari
606 2342 637 2368 et
657 2338 776 2368 cucullo
792 2349 897 2369 mona-

116 2386 195 2417 chali
208 2387 344 2425 habitus,
357 2388 602 2419 benedictionem
615 2389 703 2430 quasi
719 2389 898 2430 impertiens

116 2438 220 2468 anseri
235 2439 388 2480 pullisque
398 2439 493 2479 juxta.
509 2439 676 2470 stantibus.

33 2488 60 2520 9.
78 2487 231 2519 Johannis
252 2490 392 2527 Dedecii,
416 2490 478 2521 sive
500 2490 627 2527 Dedeci,
648 2491 898 2522 Commentarius

94 2538 126 2569 in
142 2540 323 2571 Aristotelis
340 2541 523 2572 Ethicorum
539 2542 610 2572 libri
626 2542 742 2573 decem.
769 2543 789 2572 f.
807 2553 874 2582 149.

138 2590 235 2633 Incip.
252 2596 271 2609 “
285 2597 419 2623 —est
438 2593 470 2623 in
486 2593 594 2623 ordine
610 2593 830 2624 declarandum
850 2594 896 2624 in-

115 2641 241 2673 cludens
256 2643 420 2674 materiam
437 2643 526 2674 tercii
543 2644 693 2674 articuli.”

136 2692 242 2724 Desin.
258 2694 453 2725 “—eiose
469 2694 567 2725 declin
583 2719 589 2724 .
604 2718 611 2724 .
627 2719 633 2725 .
650 2720 655 2726 .
670 2695 896 2727 delectabiliter

116 2754 153 2774 ex
170 2768 176 2774 .
195 2768 200 2774 .
221 2768 227 2775 .
247 2768 252 2774 .
269 2745 421 2776 concedat
438 2745 495 2785 Qui
514 2770 520 2776 .
540 2770 546 2777 .
566 2746 593 2776 .”

1329 1255 1466 1289 XCIV.

955 1319 1075 1354 Codex
1102 1320 1395 1359 noenssjmnacous,
1424 1322 1458 1354 111
1489 1321 1581 1360 folio,
1608 1321 1640 1354 ff.
1663 1324 1741 1361 135,
1769 1334 1833 1356 500.

979 1379 1058 1416 xiv..
1078 1378 1166 1411 binis
1185 1378 1354 1412 columnis
1372 1384 1542 1418 exaratus,
1563 1379 1644 1413 olim
1664 1379 1835 1414 Willelmi

931 1412 932 1428 1

931 1429 932 1438 ’
980 1435 1086 1471 Rode.
1115 1448 1167 1480 ep.
1188 1437 1421 1474 cicestrensis,
1447 1448 1489 1469 ex
1515 1436 1606 1469 dono
1633 1436 1769 1470 Nicolai
1794 1437 1835 1470 de

981 1495 1181 1539 Sanzlwycn,
1199 1500 1316 1538 postea
1331 1494 1408 1527 0011.
1422 1493 1510 1527 Ball.
1523 1506 1566 1527 ex
1579 1495 1668 1527 dono
1683 1495 1837 1538 ejusdem

931 1559 932 1572 ¹
981 1551 1164 1585 willelmi.

998 1616 1146 1645 Averr‹›is
1165 1616 1405 1646 eonunentarius
1427 1627 1518 1657 super
1534 1616 1713 1646 Aristotelis
1730 1616 1836 1657 Physi—

1018 1678 1123 1697 eormu
1140 1667 1232 1697 libros
1247 1672 1327 1697 octo.

1064 1719 1158 1759 Ineip.
1177 1723 1194 1734 “
1208 1719 1360 1757 Quoniam
1376 1718 1536 1759 dispositio
1557 1718 1684 1748 scientie
1699 1723 1731 1749 et
1747 1719 1835 1749 certi—

1040 1770 1167 1806 tudinis,
1192 1774 1250 1800 etc.
1304 1769 1425 1810 Incepit
1452 1770 1533 1800 111100
1560 1769 1671 1800 librum
1700 1780 1719 1799 a
1745 1781 1837 1800 causa

1040 1826 1168 1863 propter
1183 1832 1275 1862 quam
1292 1821 1350 1851 fuit
1366 1820 1604 1851 consideracio.”

1060 1873 1166 1903 Desin.
1183 1877 1201 1889 ‘⁶
1216 1872 1246 1902 in
1268 1872 1403 1903 secunda
1418 1871 1518 1913 figura
1538 1872 1669 1913 primum
1685 1876 1835 1903 motorem

1039 1935 1100 1954 non
1117 1935 1182 1954 esse
1199 1934 1310 1964 eorpus
1326 1934 1381 1954 nee
1397 1923 1495 1954 virtus
1511 1923 1541 1953 in
1558 1923 1717 1965 cm·pore.”

1063 1975 1099 2005 In
1112 1974 1203 2011 calce,
1216 1979 1233 1991 “
1245 1974 1383 2016 Explicit
1396 1980 1523 2005 octavus
1537 1974 1613 2004 liber
1623 1974 1835 2015 phisieorum.“'

1339 2077 1455 2111 XCV.

930 2182 931 2185 Ἰ
954 2145 1073 2179 Codex
1094 2145 1386 2182 membranaceus,
1404 2145 1437 2176 in
1457 2143 1538 2176 folio
1557 2143 1687 2187 majori,
1706 2142 1739 2175 ff.
1754 2145 1832 2177 23⁶2.

929 2186 931 2199 >
977 2215 1043 2237 see.
1062 2215 1117 2236 xv.
1137 2203 1307 2241 ineuntis3
1336 2202 1424 2235 binis
1443 2201 1611 2234 columnis
1629 2200 1736 2234 nitide
1755 2211 1833 2233 exa-

977 2268 1093 2301 ratus;
1133 2272 1177 2294 ex
1212 2260 1327 2305 legato
1362 2259 1413 2293 M.
1441 2258 1608 2292 ι1011110018
1641 2257 1830 2295 Malvenoe,

978 2321 1013 2355 S.
1024 2321 1061 2354 T.
1075 2320 1115 2353 B.
1135 2325 1171 2354 et
1189 2319 1362 2364 quondam
1382 2318 1459 2352 coll.
1476 2317 1563 2351 Ball.
1583 2316 1758 2360 capellani.

996 2386 1022 2414 1.
1041 2384 1177 2414 V'alteri
1199 2383 1314 2414 Burlzei
1339 2394 1430 2423 super
1449 2380 1627 2412 Aristotelis
1650 2379 1830 2410 Ethieorum

1058 2436 1152 2465 libros
1179 2435 1284 2465 decem
1311 2432 1560 2467 commentarius,
1588 2430 1830 2472 propositionum

1057 2486 1165 2517 tabula
1178 2486 1286 2526 cuique
1299 2485 1376 2515 libro
1389 2494 1528 2516 annexa,
1547 2481 1633 2511 initio
1646 2480 1743 2510 mutil.
1766 2482 1785 2510 s.
1799 2491 1828 2522 3.

1499 2532 1634 2563 cionibns
1650 2532 1829 2562 exercitatis

1099 2537 1198 2578 Incip.
1215 2537 1245 2566 111
1258 2536 1368 2571 verbis,
1387 2540 1404 2551 ‘⁴

1077 2595 1108 2619 et
1125 2588 1265 2630 probatis
1280 2588 1320 2617 ad
1336 2586 1466 2626 aliquem
1483 2584 1573 2613 finem
1594 2583 1708 2612 bonum
1723 2593 1829 2612 eorum

1078 2651 1136 2680 que
1152 2639 1183 2669 in
1199 2639 1295 2669 vita.⁷'

991 2697 1020 2725 2.
1038 2695 1188 2735 Ejusdem
1208 2692 1341 2723 XValteri
1365 2691 1395 2720 in
1420 2688 1618 2719 Politicorum
1641 2687 1735 2717 libros
1758 2691 1829 2718 octo

1055 2744 1303 2780 commentarius,
1321 2753 1388 2772 cum
1403 2739 1525 2771 tabulis.
1550 2738 1600 2769 fol.
1619 2740 1685 2769 162.

1098 2801 1159 2830 ΕΞ
