2254 3117
637 155 877 191 COLLEGII
905 155 1282 193 MERTONENSIS.

51 254 100 285 18.
120 252 239 284 Versus
256 253 286 284 in
302 253 463 295 epitaphio
479 253 562 295 apud
579 253 612 284 S.
623 253 765 284 Paulum.
789 253 842 284 fol.
853 254 892 295 63
904 253 934 284 b.

236 316 243 334 l
270 327 278 335 ι

97 360 115 373 “
125 304 295 386 νθξῐῗιοὶἕυε
310 355 361 387 hic
377 356 477 386 donor
492 359 525 387 et
540 355 584 387 sic
599 355 762 387 intendere
778 355 902 387 conor.”

51 424 100 457 19.
116 422 278 455 Rex-elatio
302 423 333 454 S.
351 422 441 454 Pauli
466 422 526 454 hiis
550 423 652 454 tribus
676 423 785 454 dicbus
808 424 934 465 quando

134 485 301 506 conversus
312 478 344 505 et
356 478 484 505 vocatus
499 485 518 505 a
530 474 657 506 Christo
673 475 785 506 cecidit
801 475 832 506 in
848 479 935 508 terra

133 525 210 556 nihil
226 526 344 557 videns.
368 525 419 557 fol.
436 526 474 567 63
486 526 516 556 b.

176 577 277 618 Incip.
303 581 322 594 ‘⁸
338 577 415 608 Dies
441 576 624 615 dominicus,
651 577 718 608 dies
747 577 876 615 electus,
901 577 934 608 in

155 640 216 670 quo
230 629 370 671 gaudent
386 628 517 670 angeli?

50 700 99 730 20.
116 698 259 731 Gulielmi
276 697 470 739 Aquitanici,
489 698 569 741 [sive
584 698 839 740 Bonaventuroe‚]
856 699 936 731 liber

133 749 186 792 qui
198 749 314 781 dicitur
325 749 432 780 Diaeta
444 749 573 787 Salutis,
587 761 658 781 cum
674 750 835 792 prooemio.
852 751 872 781 f.
884 752 935 792 65.

176 800 294 832 Exstat
316 800 457 842 impress.
480 800 565 832 inter
579 801 812 834 Bonaventurae
828 814 935 844 opera,

154 856 231 885 tom.
243 852 283 884 vi.
298 864 329 894 p.
343 853 414 884 286.

176 904 216 935 In
243 904 337 940 calce,
365 903 486 936 Tabula
515 904 723 946 alphabetica,
751 909 785 937 et
811 896 934 944 deinde,

156 959 178 974 ‘⁶
193 955 332 997 Explicit
357 955 436 987 liber
462 955 516 998 qui
543 956 660 988 dicitur
686 956 773 989 dieta
803 957 913 989 salutis
927 971 936 996 ;

139 1007 246 1046 1428.”

51 1075 99 1106 21.
116 1074 341 1112 Revelationes,
359 1085 437 1116 quas
455 1073 537 1106 vidit
553 1074 705 1106 Albertus
727 1076 935 1118 archiepisco-

134 1137 192 1167 pus
202 1125 406 1163 Coloniensis,
417 1126 492 1157 dum
504 1125 631 1157 missam
642 1127 825 1160 celebraret.
840 1129 859 1160 f.
867 1139 935 1160 100.

51 1185 101 1216 22.
118 1182 267 1215 Narratio
284 1184 322 1215 de
338 1183 369 1214 S.
384 1183 506 1215 Thoma
520 1184 673 1225 apostolo.
697 1184 749 1215 fol.
763 1195 822 1216 100
833 1185 862 1216 b.

177 1235 276 1276 Incip.
294 1240 312 1252 “
324 1235 458 1266 Sanctus
475 1235 613 1266 Thomas
628 1236 801 1277 apostolus,
819 1237 871 1278 qui
887 1237 934 1268 di-

156 1287 237 1319 citur
254 1287 419 1329 Didymus,
435 1287 567 1329 quiescit
582 1288 820 1330 corporaliter.”

52 1357 103 1388 23.
120 1354 224 1388 Orosii
247 1356 289 1388 ad
314 1356 528 1398 Augustinum
553 1357 750 1398 Quaestiones
773 1369 841 1389 va.
866 1369 937 1389 cum

134 1408 300 1450 responsis.
324 1408 377 1439 fol.
392 1418 461 1439 101.

179 1458 243 1490 Tit.
260 1463 278 1476 “
291 1458 408 1500 Incipit
424 1459 504 1490 liber
519 1459 558 1500 65
577 1458 776 1500 questionum
798 1459 937 1502 proposi-

155 1514 261 1542 tarum
283 1510 325 1541 ab
342 1510 453 1542 Orosio
470 1511 601 1542 doctoro
616 1514 649 1542 et
664 1522 684 1542 a
699 1511 794 1543 beato
809 1512 936 1554 Augus-

155 1561 224 1593 tino
254 1561 384 1592 doctore
412 1561 580 1602 Yponensi
606 1562 752 1605 episcopo
781 1564 938 1605 exposita-

157 1613 256 1645 rum.''

178 1665 318 1697 Exstant
340 1664 423 1696 inter
445 1676 542 1708 opera
565 1665 596 1697 S.
609 1666 783 1709 Augustini
806 1668 855 1702 ed.
876 1668 936 1700 Be-

157 1715 271 1747 nedict.
287 1719 363 1747 tom.
376 1715 416 1747 vi.
432 1716 516 1758 App.
533 1716 590 1747 col.
605 1726 632 1757 7.

52 1776 102 1806 24.
120 1775 291 1806 Sententiae
314 1779 347 1807 et
369 1775 586 1817 responsiones
606 1788 644 1809 ex
660 1777 749 1808 libris
771 1778 857 1810 beati
872 1778 939 1810 Au-

134 1826 253 1868 gustini
268 1830 423 1868 excerptae
438 1827 588 1859 adversus
598 1828 793 1860 Manichaeos
808 1833 840 1861 et
856 1841 938 1871 quae-

135 1877 253 1909 stiones
268 1889 386 1909 eorum.
410 1878 462 1909 fol.
478 1879 548 1910 108.

178 1928 278 1970 Incip.
297 1928 434 1963 “Quare
457 1929 532 1961 fecit
552 1929 639 1961 Deus
660 1930 830 1970 hominem,
846 1943 939 1973 quem

157 1985 359 2022 peccaturum
396 1980 516 2012 sciebat
532 1983 542 2013 Ξ
586 1982 668 2023 Quia
699 1983 738 2014 de
774 1988 939 2025 peccatore

159 2031 259 2064 multa
273 2032 357 2064 bona
373 2032 505 2064 famare?

54 2099 104 2129 25.
121 2098 151 2130 S.
165 2098 312 2140 Prosperi
331 2099 549 2141 responsiones
571 2104 682 2132 contra
697 2101 939 2144 Impugnatores

137 2150 268 2188 libellus,
283 2162 353 2182 cum
368 2151 563 2193 praefatione.
586 2152 637 2183 fol.
654 2163 665 2183 1
676 2162 711 2183 12
723 2153 752 2184 b.

180 2200 280 2243 Incip.
298 2202 514 2234 “Doctrinam
537 2214 632 2244 quam
653 2204 769 2236 Sancte
792 2205 939 2237 memorie

158 2253 355 2296 Augustinus
369 2253 562 2296 episcopus.”

56 2321 105 2354 26.
122 2322 153 2354 S.
166 2323 337 2364 Augustini
362 2324 484 2356 libellus
510 2325 549 2356 de
573 2325 786 2357 confutatione
810 2325 940 2358 Judaeo-

138 2385 217 2406 rum.
240 2375 292 2407 fol.
311 2385 366 2416 115
380 2376 410 2408 b.

181 2425 279 2468 Incip.
296 2431 317 2445 “
328 2427 396 2458 Vos
412 2427 539 2469 inquam
555 2428 713 2467 convenio,
730 2440 749 2460 o
765 2429 788 2460 J
791 2429 871 2467 udei,
888 2430 940 2472 qui

160 2488 257 2520 usque
272 2478 305 2509 in
319 2478 534 2510 hodiernum.”

181 2528 220 2560 In
236 2529 331 2567 calce,
346 2529 468 2561 Versus
484 2530 607 2572 Sibyllae
628 2531 780 2573 sapientis
795 2532 834 2563 de
850 2532 940 2564 Chri-

159 2584 211 2611 sto
229 2580 344 2622 judice‚
363 2580 417 2623 [ex
440 2582 611 2623 Augustini
634 2582 687 2613 lib.
704 2582 789 2614 xviii.
813 2584 852 2614 de
875 2583 940 2616 Civ.

161 2631 244 2673 Dei.]
271 2632 324 2663 fol.
340 2643 353 2663 1
363 2634 400 2663 16
412 2633 443 2665 b.

184 2682 282 2724 Incip.

120 2737 142 2750 “
154 2732 271 2765 Judicii
287 2733 408 2776 signum
424 2734 517 2766 tellus
533 2735 645 2766 sudore
660 2735 851 2768 madescat.”

184 2785 324 2818 Exstant
349 2785 432 2818 inter
458 2786 623 2828 fragment.
649 2787 741 2818 Orac.
768 2787 864 2829 Sibyl.
891 2787 939 2820 ed.

966 1906 973 1944 l

1847 163 1869 198 9

1096 256 1260 297 Obsopaeo,
1277 267 1306 297 p.
1319 257 1368 297 65.
1384 255 1414 286 in
1431 255 1533 292 notis;
1559 260 1591 288 et
1607 256 1690 288 inter
1700 256 1867 298 Augustin.

1094 307 1174 348 Opp.
1191 311 1266 338 torn.
1280 307 1330 338 vii.
1349 308 1406 338 col.
1421 316 1495 349 505.

987 365 1039 397 27.
1056 365 1206 406 Ejusdem
1227 367 1266 397 do
1289 367 1434 398 conflictu
1450 367 1601 398 virtutum
1616 371 1649 399 et
1664 367 1811 399 vitiorum
1832 367 1868 398 li-

1073 417 1180 448 bellus.
1204 417 1256 449 fol.
1271 428 1341 458 117.

1116 468 1214 510 Incip.
1244 474 1265 487 “
1283 470 1455 501 Videamus
1479 471 1739 511 quemadmodum
1766 475 1871 502 castra

1095 518 1154 550 Dei
1178 523 1210 550 et
1233 519 1385 558 Inferni,''
1408 525 1443 552 ut
1466 521 1540 552 ibid.
1557 522 1686 553 tom.vi.
1703 522 1787 563 App.
1811 521 1869 553 eol.

1096 579 1169 610 219,
1184 571 1219 602 G.
1235 581 1282 602 12.

989 630 1039 661 ⁶28.
1056 629 1207 671 Ejusdem
1228 641 1330 661 sermo
1351 631 1389 662 de
1404 631 1599 673 pmnitentia,
1623 632 1817 665 confessione
1839 637 1871 664 et

1073 680 1280 722 indulgentia.
1303 681 1355 712 fol.
1370 692 1427 723 119
1439 683 1468 713 b.

1118 732 1201 764 Ibid.
1218 736 1293 763 tom.
1307 744 1334 764 v.
1351 733 1408 764 col.
1426 735 1515 774 1506.

987 796 1038 829 29.
1055 795 1202 836 Hugonis
1229 796 1267 827 de
1294 796 1326 827 S.
1340 796 1471 828 Victore
1499 797 1577 828 liber
1603 798 1641 829 de
1667 798 1872 830 instructione

1073 847 1261 878 novitiorum
1283 859 1352 879 cum
1375 848 1513 890 prologo,
1530 852 1562 879 et
1584 849 1802 891 capitulorum,
1818 860 1872 880 nu-

1073 909 1160 930 mero
1175 899 1291 935 xxviii..
1308 899 1427 930 tabula.
1451 899 1503 930 fol.
1519 909 1585 930 121.

1118 950 1236 981 Exstat
1262 951 1345 982 inter
1368 961 1475 992 opera,
1497 950 1611 982 Venet.
1634 952 1724 993 1588,
1747 956 1822 983 tom.
1839 951 1870 982 ii.

1095 1001 1148 1033 sol.
1167 1012 1202 1043 15
1214 1002 1243 1033 b.

1117 1054 1261 1085 Occurrit
1277 1054 1308 1084 in
1326 1053 1396 1085 MS.
1414 1054 1567 1096 prologus,
1580 1054 1671 1096 incip.
1690 1058 1709 1072 ‘⁵
1720 1055 1790 1085 Non
1807 1066 1874 1096 pre-

1095 1110 1146 1137 ter
1171 1106 1296 1137 solitum
1323 1106 1425 1138 facere
1449 1106 1631 1148 quosdam‚“'
1656 1105 1708 1147 qui
1735 1106 1766 1136 in
1790 1106 1874 1137 edito

1095 1168 1158 1188 non
1173 1157 1339 1189 invenitur.

989 1218 1040 1248 30.
1059 1217 1210 1259 Ejusdem
1225 1217 1304 1249 liber
1318 1218 1357 1249 de
1372 1219 1466 1249 modo
1481 1218 1602 1249 orandi.
1625 1217 1677 1249 fol.
1691 1218 1749 1250 128
1760 1217 1789 1248 b.

1118 1268 1200 1299 Ibid.
1217 1272 1291 1300 tom.
1304 1268 1337 1300 ii.
1354 1269 1407 1300 fol.
1423 1279 1435 1300 1
1446 1280 1493 1301 10.

989 1328 1042 1358 31.
1059 1327 1211 1369 Ejusdem
1227 1339 1328 1359 sermo
1340 1327 1373 1359 in
1388 1327 1485 1365 istud.
1500 1332 1508 1346 ⁴
1521 1328 1580 1360 Ibo
1592 1328 1667 1360 mihi
1683 1328 1723 1360 ad
1738 1332 1876 1360 montem

1075 1379 1230 1421 myrrhae.’
1253 1379 1305 1410 sol.
1322 1389 1376 1421 131
1390 1380 1420 1411 b.

1118 1431 1216 1473 Incip.
1243 1435 1263 1449 “
1276 1431 1416 1473 Sponsus
1432 1431 1560 1474 quidam
1576 1431 1626 1463 hie
1642 1430 1781 1473 loquitur
1793 1432 1819 1469 ;⁵'
1842 1436 1878 1464 ut

1096 1483 1172 1515 ibid.
1189 1488 1266 1516 tom.
1278 1484 1310 1516 ii.
1326 1484 1379 1515 fol.
1396 1495 1408 1515 1
1419 1495 1467 1526 13.

990 1544 1041 1574 32.
1058 1543 1208 1585 Ejusdem
1228 1544 1266 1574 de
1289 1543 1504 1581 meditatione,
1522 1543 1678 1586 quomodo
1694 1543 1877 1585 disponetur

1075 1595 1197 1626 animus
1213 1595 1410 1637 deprecantis
1425 1596 1466 1627 ad
1482 1596 1594 1627 Deum.
1618 1595 1668 1627 fol.
1684 1605 1740 1637 133
1754 1595 1785 1626 b.

1120 1645 1219 1687 Incip.
1237 1650 1255 1663 ‘⁴
1267 1645 1441 1677 Meditacio
1456 1650 1504 1677 est
1520 1646 1666 1687 frequens
1681 1645 1834 1687 cogitacio
1845 1645 1876 1681 ;”

1098 1697 1174 1728 ibid.
1190 1700 1267 1729 tom.
1280 1696 1313 1728 ii.
1330 1697 1383 1728 fol.
1398 1707 1456 1739 130
1466 1698 1497 1728 b.

991 1758 1043 1788 33.
1060 1756 1211 1798 Ejusdem
1234 1756 1425 1788 tractatulus
1452 1756 1491 1788 de
1513 1756 1681 1788 refectione
1701 1755 1787 1788 verbi
1808 1756 1876 1787 Dei.

1077 1806 1130 1837 fol.
1146 1816 1205 1848 134
1214 1806 1246 1837 b.

1119 1857 1220 1899 Incip.
1249 1860 1270 1875 “
1286 1856 1326 1888 In
1350 1857 1522 1889 refeccione
1545 1857 1607 1889 duo
1634 1861 1708 1888 sunt
1729 1860 1821 1899 potus
1845 1861 1877 1888 et

1098 1908 1218 1940 cibus.'’

991 1970 1044 2000 34.
1062 1968 1213 2010 Ejusdem
1228 1969 1267 2000 de
1283 1969 1419 2010 quinque
1435 1969 1582 2011 septenis.
1606 1969 1658 2000 fol.
1675 1978 1733 2010 134
1741 1968 1771 1999 b.

1119 2021 1220 2062 Incip.
1240 2025 1259 2038 “
1273 2021 1417 2062 Quinque
1439 2025 1580 2063 septena,
1602 2021 1712 2058 frater,
1734 2020 1766 2051 in
1789 2030 1877 2054 sacra

1098 2072 1255 2114 scriptura
1269 2071 1404 2104 inveni.''

992 2137 1042 2167 35.
1061 2135 1212 2177 Ejusdem
1235 2136 1274 2168 de
1297 2136 1450 2167 oblivione
1472 2135 1704 2178 praeteritorum
1725 2134 1875 2166 malorum

1077 2191 1109 2219 ct
1124 2188 1284 2219 memoria.
1307 2187 1360 2219 fol.
1374 2189 1443 2229 136.

1121 2239 1220 2281 Incip.
1238 2243 1257 2256 “
1272 2239 1479 2281 Insipientem
1494 2239 1606 2270 doctus
1621 2236 1826 2278 interrogas.’'

992 2297 1043 2329 36.
1061 2297 1211 2340 Ejusdem
1228 2299 1266 2329 de
1279 2299 1397 2340 judicio
1413 2299 1564 2330 faciendo.
1589 2298 1641 2329 sol.
1656 2298 1713 2339 136
1726 2296 1755 2327 b.

1122 2350 1221 2392 Incip.
1239 2356 1257 2368 ⁴⁵
1269 2350 1356 2385 Quid
1372 2351 1543 2382 retribuam
1561 2347 1725 2381 Domino?

992 2414 1044 2446 37.
1062 2413 1213 2455 Ejusdem
1228 2415 1267 2445 de
1283 2414 1462 2445 substantia
1478 2411 1661 2444 dilectionis.
1685 2409 1736 2442 fol.
1753 2418 1820 2450 137.

1122 2465 1222 2508 Incip.
1241 2470 1259 2483 “
1273 2465 1473 2498 Cotidianum
1489 2465 1528 2495 de
1543 2460 1737 2494 dilectione.''

993 2525 1044 2556 38.
1062 2524 1256 2567 Excerptum
1280 2537 1319 2557 ex
1341 2526 1419 2557 libro
1441 2524 1579 2566 ejusdem
1603 2522 1641 2553 de
1664 2519 1759 2552 archa
1782 2518 1874 2556 Noae,

1079 2580 1139 2607 etc.
1164 2576 1215 2608 fol.
1233 2577 1301 2618 138.

1121 2627 1221 2669 Incip.
1248 2632 1270 2646 “
1286 2628 1399 2659 Tribus
1428 2626 1528 2657 modis
1557 2636 1612 2667 per
1637 2620 1875 2663 contemplacio-

1097 2678 1197 2709 nem.''

992 2738 1045 2772 39.
1062 2738 1213 2780 Ejusdem
1229 2738 1308 2770 liber
1322 2738 1360 2769 de
1375 2737 1469 2769 arrha
1484 2736 1604 2768 animae.
1628 2733 1679 2765 fol.
1697 2743 1755 2775 139
1765 2733 1796 2764 b.

1121 2790 1212 2821 Inter
1227 2801 1331 2832 opera,
1348 2794 1425 2821 tom.
1438 2788 1470 2819 ii.
1486 2787 1538 2818 sol.
1555 2796 1625 2825 104.

1164 2844 1187 2869 C
