2254 3117
633 157 872 192 COLLEGII
901 159 1273 199 MERTONENSIS.
1817 173 1862 206 73

147 254 221 284 III.
234 253 264 295 9]
289 254 427 285 maunda
450 265 491 285 au
519 254 660 295 patriark
688 256 727 286 dc
752 256 928 287 Jerusalem

150 304 191 345 qil
208 305 328 346 enqeist
344 305 374 336 la
390 305 516 336 verite.''

42 430 91 458 24.
112 428 251 468 [Thomae
283 429 533 470 BradwardiniZ]
568 429 677 460 Sermo
707 430 855 471 epinicius
887 432 927 462 ad

124 481 308 512 mandatum
333 481 590 512 Christianissimi
616 492 652 512 ac
679 487 845 523 propterca.
866 483 925 514 vic-

125 532 322 563 toriosissimi
353 533 501 574 principis
531 533 646 563 domini
680 534 837 571 Edwardi,
868 535 927 566 Dei

123 584 239 624 gratia,
255 585 337 626 regis
353 585 476 625 Angliae
493 588 525 615 et
542 584 684 615 Francia:
706 585 737 615 iu
760 587 927 626 praesentia

125 646 181 666 sua
204 640 235 666 et
259 636 448 677 optimatum
472 647 597 666 suorum
620 635 652 665 in
673 636 805 677 Anglico
827 637 927 678 primo

124 686 226 716 dictus
242 691 274 717 et
291 691 400 727 postea
423 687 463 717 ad
487 692 680 728 praeceptum
696 688 794 729 patris
810 688 926 719 domini

125 737 283 774 Axxibaldi,
302 742 417 768 sanetae
435 738 581 768 Romanae
603 739 737 769 ecclesia*
761 740 926 771 cardinalis

123 789 259 830 episcopi
275 789 442 820 Tusculani
463 795 495 820 et
518 790 698 830 apostolicae
715 792 796 822 sedis
820 792 926 833 legati,

125 841 297 871 translatus
320 842 358 872 de
379 841 514 882 Anglico
538 842 568 872 in
594 842 761 880 Latinum3
785 849 803 861 “
819 845 872 875 sed
895 845 925 875 in

125 892 238 933 Latino
254 903 421 934 parumper
444 904 481 923 ex
505 905 599 924 causa
620 894 761 926 diffusius
783 907 925 937 prosecu-

123 948 174 974 tus
190 955 283 985 quam
300 945 330 974 in
347 944 480 986 Anglico
497 946 688 977 (licebatur.''
711 947 762 977 fol.
781 949 848 989 183.

166 995 264 1036 Incip.
296 996 382 1036 praef.
415 996 523 1027 “Deo
557 997 688 1038 gratiaS‚
719 999 771 1039 qui
806 1010 927 1041 semper

144 1046 328 1087 triumphat,
352 1052 412 1078 etc.
460 1048 548 1079 Licet
572 1049 715 1080 dominus
739 1055 846 1081 noster
871 1062 926 1081 rex

145 1097 261 1128 habeat
278 1098 392 1129 multos
408 1099 564 1130 clericos.”

165 1148 265 1190 Incip.
294 1161 385 1180 serm.
415 1155 432 1167 ‘⁴
450 1151 515 1182 Nos
541 1152 696 1182 karissimi
724 1163 788 1183 mos
817 1158 865 1184 est
894 1154 926 1184 in

143 1200 235 1231 factis
250 1202 439 1232 armoru111.”

165 1252 244 1293 Agit
268 1253 306 1283 de
329 1253 409 1283 bello
440 1254 494 1294 [de
527 1253 671 1285 Neville's
702 1255 809 1296 Cross]
841 1256 925 1296 apud

144 1303 333 1334 Dunelmum
350 1316 418 1335 cum
436 1305 538 1336 Scotis
559 1315 592 1345 17
612 1306 682 1337 Oct.
700 1306 818 1343 habito,
835 1312 893 1338 etc.

376 1420 586 1455 CLXXXI.

40 1481 158 1516 Codex
175 1482 474 1523 membranaceus,
488 1484 523 1516 in
543 1483 626 1517 folio
645 1485 780 1525 minori,
796 1485 829 1518 ff.
843 1488 924 1525 230,

64 1551 131 1574 sec.
146 1540 215 1579 xii„
235 1539 324 1573 binis
343 1540 512 1574 columnis
530 1541 640 1575 nit-ide
659 1548 831 1577 exaratus.

83 1603 110 1632 1.
127 1600 220 1632 Bedae
232 1601 264 1631 in
279 1601 454 1633 Salomonis
468 1602 639 1634 Proverbia
656 1604 822 1644 expositio,
838 1605 925 1636 libris

144 1652 254 1683 tribus.
279 1652 330 1683 fol.
346 1663 370 1683 1.

186 1704 249 1736 Tit.
283 1709 300 1721 ‘⁴
317 1704 433 1746 Incipit
462 1705 540 1736 liber
574 1706 692 1747 primus
723 1709 925 1749 expositionis

163 1754 250 1786 Bede
265 1756 432 1796 presbiteri
448 1757 479 1786 in
496 1758 662 1798 parabolas
679 1759 862 1790 Salinonis.”

186 1806 304 1838 Exstat
320 1807 402 1838 inter
417 1819 524 1849 opera,
540 1813 617 1840 tom.
630 1810 669 1841 iv.
688 1811 744 1841 col.
758 1812 830 1852 634.

83 1876 113 1905 2.
131 1874 162 1905 S.
179 1874 365 1917 Hieronymi
392 1877 566 1918 presbyteri
593 1879 748 1920 expositio
771 1880 802 1909 in
820 1880 925 1911 Eccle-

145 1927 282 1965 siastem,
300 1939 369 1958 cum
385 1928 525 1970 prologo.
548 1929 598 1960 fol.
613 1941 655 1972 54
667 1931 698 1961 b.

185 1979 398 2020 Tit.“Incipit
411 1981 558 2023 prologus
574 1983 659 2014 beati
677 1984 825 2014 Ieronimi
842 1995 925 2026 pres-

164 2031 258 2062 biteri
281 2031 312 2062 in
335 2032 448 2062 librum
471 2033 666 2065 ecclesiastes
682 2035 856 2066 Salomonis
872 2036 925 2066 filii

166 2082 270 2113 David
287 2083 369 2124 regis
383 2083 593 2116 Jerusale1n.”

187 2134 278 2165 Inter
293 2145 400 2175 opera,
416 2135 464 2165 ed.
477 2135 617 2173 Vallars,
633 2140 709 2167 tom.
725 2137 766 2167 iii.
784 2137 840 2167 col.
852 2138 924 2177 381.

186 2184 225 2214 In
242 2184 335 2221 calce,
354 2189 371 2202 “
386 2185 524 2226 Explicit
546 2187 701 2228 expositio
720 2188 820 2218 sancti
835 2187 926 2218 Jero-

166 2235 242 2266 nimi
257 2236 422 2277 presbiteri
440 2238 471 2268 in
488 2238 699 2269 ecclesiastem
712 2239 914 2269 Salomonis.”

81 2302 253 2334 3.Alcuini
284 2304 438 2345 expositio
474 2304 507 2335 in
537 2306 669 2336 eundem
699 2305 822 2343 librum,
856 2317 925 2336 cum

143 2353 327 2394 praefatione
349 2355 390 2385 ad
414 2355 526 2386 Oniam
551 2360 583 2386 et
600 2355 775 2386 Candidum
799 2356 925 2398 presby-

145 2410 238 2436 teros.
262 2406 315 2436 sol.
330 2407 367 2446 87
382 2406 413 2436 b.

187 2457 249 2488 Tit.
277 2457 428 2498 “Incipit
455 2457 590 2498 prefatio
612 2457 721 2487 Albini
746 2458 786 2488 ad
812 2458 925 2489 Oniam

166 2510 198 2538 et
214 2507 390 2538 Candidum
413 2507 603 2548 presbiteros
625 2512 657 2538 et
676 2507 925 2539 Nathanahelem

167 2557 358 2588 diaconun1.”

187 2609 304 2641 Exstat
320 2610 402 2640 inter
417 2620 523 2650 opera,
544 2619 634 2650 1777,
653 2614 727 2641 torn.
741 2611 759 2641 i.
774 2621 845 2648 410.

188 2660 226 2691 In
243 2661 336 2697 calce,
355 2666 372 2677 ‘⁴
386 2660 527 2701 Explicit
542 2660 621 2691 liber
636 2661 744 2692 Albini
758 2673 850 2703 super
866 2662 925 2693 Ec·
955 2673 957 2683 ¹

26 2721 39 2771 ⁴*
166 2712 362 2743 clesiasten.’'

84 2781 112 2809 4.
129 2779 271 2821 Origenis
292 2779 362 2810 libri
379 2780 440 2810 duo
459 2790 552 2821 super
568 2779 700 2811 Cantica
715 2780 925 2820 Canticorum,
955 2763 957 2799 l

1067 261 1180 301 plavia
1204 262 1387 305 Hieronymi
1408 265 1539 306 epistola
1559 266 1598 296 ad
1620 267 1790 297 Damasum
1813 279 1863 308 pa-

1065 323 1144 352 pam.
1170 313 1219 343 fol.
1239 324 1289 344 111
1308 315 1337 344 b.

1108 362 1169 393 Tit.
1188 369 1207 381 “
1224 364 1335 406 Incipit
1352 367 1496 408 prologus
1517 368 1599 399 beati
1619 369 1763 400 leronimi
1781 382 1863 411 pres-

1086 413 1177 444 biteri
1201 416 1241 446 ad
1258 416 1428 448 Damasum
1453 430 1565 460 papam
1589 432 1682 461 super
1697 422 1862 463 Origenem

1086 463 1117 493 in
1134 464 1272 496 Canticis
1289 467 1521 498 Canticorum.”

1111 514 1247 546 Exstant
1264 516 1401 558 impress.
1419 519 1501 549 inter
1514 520 1543 549 S.
1558 520 1740 562 Hieronymi
1758 532 1860 562 opera,

1087 565 1133 595 ed.
1148 565 1283 597 Vallars.
1302 572 1377 598 tom.
1393 569 1435 599 iii.
1453 571 1508 600 eol.
1522 582 1593 612 499.

1107 615 1144 645 In
1171 616 1265 653 calce,
1289 622 1306 634 “
1324 619 1462 659 Explicit
1492 621 1568 650 liber
1598 622 1740 663 Origenis
1769 634 1862 664 super

1086 665 1217 696 Cantica
1233 667 1466 698 Canticorum.''

1001 726 1030 755 5.
1048 724 1185 755 Libellus
1208 738 1300 767 super
1323 727 1453 758 Cantica
1475 729 1685 767 Canticorum‚
1706 732 1757 772 qui
1773 744 1860 763 voca-

1065 782 1117 807 tur
1134 777 1275 818 Sigillum
1294 779 1415 815 Marisc,
1431 791 1499 810 cum
1516 782 1650 822 prologo.
1676 783 1726 813 fol.
1743 793 1799 814 120
1810 784 1837 814 b.

1110 828 1208 869 Incip.
1227 829 1303 870 prol.
1322 835 1339 846 ²·
1354 830 1434 868 Quia
1452 832 1572 872 pondus
1587 833 1647 862 <liei
1663 838 1694 863 et
1710 839 1794 864 estus
1811 835 1860 864 de-

1085 879 1168 909 crevi
1185 879 1215 909 in
1232 880 1351 911 vinea.u

1108 931 1198 972 Incip
1226 932 1278 962 lib.
1297 940 1314 948 *⁵
1331 932 1449 964 Discite
1466 944 1518 964 vos
1533 934 1638 965 mirari
1659 947 1713 965 cur
1733 948 1861 977 evange-

1086 982 1170 1018 lium,
1184 982 1319 1014 Intravit
1329 984 1447 1014 Jhcsus
1461 984 1493 1014 in
1507 986 1661 1026 quoddam
1674 987 1861 1018 castellumff*

1108 1032 1145 1063 In
1163 1033 1257 1071 calce,
1271 1043 1288 1050 ··
1300 1034 1437 1075 Explicit
1455 1034 1594 1076 Sigillum
1611 1041 1715 1066 sancte
1731 1036 1861 1067 Mai-ie.u

1002 1091 1031 1123 6.
1048 1092 1142 1123 Bedae
1161 1104 1254 1134 super
1270 1093 1401 1124 Cantica
1417 1093 1618 1125 Canticorum
1642 1095 1710 1126 libri
1734 1102 1860 1137 septem.

1065 1144 1115 1175 fol.
1134 1155 1186 1185 13¹
1205 1145 1234 1175 b,

1108 1195 1171 1226 Tit.
1190 1195 1338 1237 “Incipit
1360 1196 1437 1227 liber
1460 1197 1577 1238 primus
1594 1198 1676 1229 Bede
1700 1199 1860 1240 presbiteri

1086 1257 1179 1288 super
1194 1247 1325 1278 Cantica
1342 1248 1543 1279 Canticorum
1566 1249 1742 1289 specialiter
1762 1251 1862 1281 editus

1086 1302 1195 1329 contra
1211 1298 1373 1329 Julianum
1392 1300 1622 1342 Pelagianum.”

1108 1349 1245 1380 Exstant
1262 1349 1345 1380 inter
1360 1361 1463 1391 opera,
1481 1355 1555 1381 tom.
1569 1351 1606 1381 iv.
1624 1351 1678 1381 col.
1694 1361 1762 1391 714.

1108 1399 1144 1429 In
1158 1399 1251 1436 calce,
1260 1404 1277 1416 ‘⁴
1286 1399 1423 1441 Explicit
1435 1400 1512 1431 liber
1522 1401 1672 1442 septimus
1683 1402 1863 1432 venerabilis

1085 1450 1170 1481 Bede
1186 1451 1350 1491 presbiteri
1368 1463 1460 1493 super
1474 1453 1607 1483 Cantica
1619 1453 1849 1484 Canticorumf

1001 1513 1029 1545 7.
1042 1512 1122 1543 Vita
1135 1512 1165 1543 S.
1174 1512 1320 1554 Gregorii
1331 1513 1426 1555 Papae
1438 1513 1463 1544 I.
1478 1513 1596 1555 Magni,
1613 1514 1752 1553 [auctore
1764 1514 1862 1545 Paulo

1064 1564 1232 1605 Diacono.]
1258 1565 1310 1595 sol.
1326 1575 1396 1597 221.

1108 1616 1169 1647 Tit.
1188 1621 1205 1633 ‘⁴
1219 1617 1334 1658 Incipit
1350 1617 1414 1648 vita
1430 1617 1513 1648 beati
1531 1618 1670 1659 Gregorii
1688 1618 1794 1659 pape*

1108 1669 1198 1699 Inter
1214 1680 1319 1710 opera,
1336 1674 1411 1700 tom.
1425 1669 1463 1700 iv.
1480 1669 1535 1700 col.
1554 1679 1578 1699 1.

1107 1719 1144 1749 In
1170 1720 1264 1757 calce,
1283 1728 1299 1737 “
1314 1720 1451 1762 Explicit
1466 1721 1530 1752 vita
1554 1721 1599 1751 vel
1623 1721 1754 1752 virtutes
1779 1721 1860 1751 beati

1086 1770 1263 1811 G1·eg0rii.’'

1300 1863 1534 1898 CLXXXII.

979 1925 1100 1959 Codex
1119 1926 1412 1967 membranaceus,
1431 1928 1466 1960 in
1486 1927 1567 1961 folio
1585 1929 1714 1973 majori,
1735 1927 1860 1965 fl1316,

1003 1995 1070 2017 sec.
1085 1984 1170 2024 xiii„
1184 1984 1273 2017 binis
1289 1983 1459 2018 colunmis
1473 1990 1653 2025 exaratus;
1681 1989 1701 2003 ‘⁶
1713 1996 1757 2018 ex
1772 1985 1860 2018 dono

1004 2041 1057 2075 M.
1076 2042 1099 2076 J
1103 2042 1246 2076 ohannis
1264 2042 1449 2077 Burbache
1467 2044 1616 2078 doctoris
1634 2044 1668 2077 in
1688 2043 1861 2088 theologia

1004 2105 1039 2133 et
1058 2100 1232 2145 quondam
1253 2100 1367 2140 socii‚”
1385 2105 1451 2134 etc.

1022 2161 1110 2192 Petri
1142 2160 1311 2191 Lombardi
1342 2160 1531 2192 collectanea
1563 2161 1593 2191 in
1623 2161 1769 2202 epistolas
1799 2161 1857 2190 xiv.

1044 2212 1192 2243 Paulinas
1208 2223 1245 2243 ex
1262 2212 1443 2249 Ambrosio,
1457 2212 1658 2254 Hieronymo,
1672 2212 1856 2254 Augustino.

1041 2263 1170 2304 aliisque
1183 2263 1238 2294 SS.
1250 2263 1398 2294 Patribus
1414 2264 1564 2294 confecta.

1085 2314 1224 2345 Exstant
1239 2315 1380 2356 impress.
1398 2315 1497 2345 Paris.
1518 2324 1608 2356 1535,
1624 2318 1655 2345 et
1670 2314 1750 2345 alibi.

979 2501 1283 2544 Membranaceus,
1307 2504 1343 2536 in
1370 2503 1452 2536 folio
1478 2503 1608 2547 majori,
1632 2501 1666 2534 ff.
1683 2504 1763 2539 207,
1791 2514 1854 2534 sec.

1002 2561 1073 2594 xiii.
1086 2561 1248 2599 ineuntis,
1261 2561 1350 2595 binis
1365 2561 1534 2594 columnis
1552 2560 1682 2604 optime
1697 2566 1855 2592 exaratus

1002 2623 1038 2651 et
1056 2623 1220 2652 servatus.

1021 2679 1107 2710 Petri
1125 2679 1297 2710 Lombardi
1314 2679 1344 2709 in
1358 2680 1387 2710 S.
1404 2678 1493 2709 Pauli
1507 2677 1652 2718 epistolas
1668 2677 1856 2708 collectanea

1041 2741 1079 2761 ex
1097 2730 1152 2761 SS.
1170 2730 1319 2761 Patribus
1335 2730 1471 2761 collecta.

1084 2781 1223 2812 Exstant
1237 2781 1377 2822 impress.
1395 2780 1493 2811 Paris.
1511 2790 1521 2810 ι
1527 2789 1566 2821 53
1569 2789 1598 2820 5,
1616 2783 1647 2810 et
1662 2779 1745 2810 alibi.

1145 2845 1166 2868 L
