2254 3117
580 740 1024 801 CODICES

1086 744 1292 804 MSS.

233 924 765 994 COLLEGH
845 889 1635 1005 MERTONENSIS.

451 1241 478 1275 I.

25 1295 143 1330 CODEX
170 1296 478 1339 MEMBRANACEOE,
506 1301 541 1334 in
569 1301 651 1335 folio
678 1305 809 1349 majori,
829 1317 909 1339 con-

49 1360 140 1388 stans
167 1355 257 1389 foliis
283 1357 418 1402 scriptis
437 1357 520 1399 367,
545 1371 611 1394 sec.
631 1362 712 1402 ΚΝ,
737 1363 826 1396 binis
853 1376 909 1398 co-

48 1413 171 1447 lumnis
189 1414 299 1448 nitide
318 1421 490 1451 exaratus.

64 1477 94 1507 S.
111 1477 292 1519 Augustini,
317 1479 452 1521 episcopi
476 1481 698 1524 Hipponensis,
724 1485 830 1526 Opera
854 1498 906 1517 va-

86 1528 150 1565 ria3
173 1529 301 1567 scilicet,

66 1589 93 1620 1.
110 1589 344 1621 Confessionum
361 1591 431 1622 libri
448 1593 616 1630 tredecim;
647 1597 761 1637 praevia
777 1597 906 1628 Retrac-

127 1641 256 1673 tatione.
280 1642 331 1673 fol.
348 1653 373 1673 1.

170 1693 309 1725 Exstant
330 1695 470 1737 impress.
493 1696 577 1728 inter
591 1709 697 1739 opera,
715 1699 790 1731 edit.
809 1701 907 1732 Bene-

149 1744 222 1775 diet.
239 1748 313 1776 toni.
327 1745 347 1776 i.
364 1747 420 1777 001.
435 1748 485 1788 69.

170 1799 208 1830 In
225 1800 318 1838 calce,
331 1806 351 1818 ‘⁸
364 1801 502 1842 Explicit
517 1802 596 1834 liber
613 1804 721 1836 Sancti
734 1806 907 1848 Augustini

149 1851 186 1882 de
202 1851 474 1891 Confessionibus;
498 1854 634 1886 Amen.”

66 1912 94 1940 2.
111 1910 160 1942 De
176 1912 273 1942 libero
288 1912 421 1944 arbitrio
436 1913 507 1944 libri
524 1918 599 1945 tres.
625 1915 676 1945 fol.
688 1926 706 1957 3
716 1926 740 1947 2.

149 1963 211 1994 Tit.
230 1968 248 1981 ⁴⁶
262 1964 356 1995 Liber
372 1965 543 2006 Augustini
559 1967 598 1997 de
614 1966 712 1998 libero
728 1967 895 1999 arbitrio.”

150 2018 288 2050 Exstant
303 2019 379 2050 ibid.
395 2023 471 2051 tom.
483 2020 503 2051 i.
520 2021 577 2052 col.
589 2024 662 2063 569.

65 2083 95 2112 3.
112 2082 211 2124 Super
237 2082 385 2114 Genesim
411 2084 451 2114 ad
479 2084 603 2116 literam
634 2086 704 2116 libri
731 2087 904 2123 duodecim.

129 2145 197 2165 cum
213 2135 349 2176 prologo.
374 2135 425 2166 fol.
438 2137 491 2174 46.

171 2185 234 2217 Tit.
262 2190 279 2203 ‘⁴
297 2186 413 2227 Incipit
443 2186 590 2228 prologus
620 2188 706 2219 beati
733 2189 906 2230 Augustini

148 2237 284 2278 episcopi
300 2248 393 2279 super
408 2238 556 2269 Genesim
571 2239 612 2269 ad
629 2239 780 2271 literanis*

169 2292 250 2323 Ibid.
268 2297 343 2324 tom.
356 2293 399 2324 iii.
418 2294 473 2325 col.
488 2304 557 2334 117.

66 2357 92 2385 4.
110 2356 382 2388 Retractationum
397 2358 469 2389 libri
484 2359 555 2390 duo.
580 2359 632 2390 fol.
648 2361 697 2401 85.

169 2409 253 2439 Ibid.
269 2413 345 2441 tom.
359 2409 379 2440 i.
396 2410 452 2441 col.
468 2421 495 2440 1.

169 2459 208 2490 In
229 2460 321 2499 calce,
343 2465 363 2478 ‘⁶
376 2461 515 2503 Explicit
538 2462 616 2493 liber
635 2463 673 2493 (le
690 2463 903 2495 Retractatio-

146 2510 267 2541 nibus.”

64 2575 93 2604 5.
112 2574 205 2606 Liber
220 2575 258 2606 de
273 2586 347 2606 vera
362 2575 551 2612 innocentia,
572 2576 647 2616 [sive
664 2576 811 2618 Prosperi
828 2577 901 2609 Sen-

125 2626 232 2657 tentiae
249 2638 286 2658 ex
302 2627 508 2669 Augustino]
534 2627 585 2658 sol.
600 2636 650 2668 97.

168 2681 229 2712 Tit.
265 2686 282 2698 “
299 2681 416 2722 Incipit
446 2681 524 2711 liber
550 2681 635 2712 beati
662 2682 833 2724 Augustini
863 2683 901 2715 de

146 2743 219 2763 vera
233 2732 443 2763 innocencia-'³

164 2782 246 2814 Ibid.
264 2787 341 2815 tom.
356 2795 386 2814 x.
402 2783 486 2825 App.
504 2783 560 2814 col.
576 2792 647 2824 223.

982 1245 1009 1277 6.
1028 1246 1078 1277 De
1103 1246 1134 1277 S.
1152 1247 1310 1279 Trinitate
1337 1248 1407 1279 libri
1435 1249 1619 1290 quindecim.
1645 1250 1761 1292 praevia
1788 1251 1845 1282 Re-

1045 1298 1237 1329 tractatione
1253 1304 1285 1330 et
1300 1299 1433 1339 epistola
1447 1300 1488 1331 ad
1506 1300 1679 1331 Aurelium.
1710 1302 1761 1332 fol.
1776 1313 1843 1341 104.

1088 1352 1151 1384 Tit.
1166 1358 1183 1370 ‘⁶
1196 1354 1313 1396 Incipit
1329 1355 1407 1386 liber
1422 1355 1508 1386 beati
1522 1356 1692 1398 Augustini
1708 1357 1845 1388 doctoris

1065 1405 1104 1436 de
1120 1405 1310 1437 T1·initate.”

1087 1461 1168 1492 Ibid.
1186 1465 1262 1492 tom.
1277 1461 1340 1492 viii.
1358 1462 1414 1493 col.
1430 1472 1501 1503 749.

980 1526 1000 1537 μ,

987 1535 1007 1557 t.
1026 1524 1075 1556 De
1090 1536 1163 1556 vera
1186 1530 1218 1556 et
1241 1526 1319 1557 falsa
1342 1526 1541 1567 poeuitentia,
1562 1527 1678 1568 prsevio
1702 1529 1844 1570 prologo.

1043 1576 1094 1607 fol.
1112 1587 1169 1616 149
1184 1577 1211 1607 b.

1087 1633 1168 1663 Ibid.
1186 1637 1260 1664 tom.
1273 1633 1311 1664 vi.
1329 1634 1413 1675 App.
1430 1634 1488 1665 001.
1505 1644 1575 1676 231.

1086 1688 1125 1720 In
1142 1689 1234 1727 calce,
1251 1693 1271 1706 ‘⁴
1285 1689 1425 1731 Explicit
1441 1689 1520 1721 liber
1531 1690 1703 1733 Augustini
1719 1691 1757 1722 de
1774 1703 1846 1723 vera

1065 1745 1097 1772 et
1113 1741 1192 1772 falsa
1207 1741 1413 1782 penitencia.”

979 1806 1007 1835 8.
1026 1804 1226 1839 Quaestiones
1242 1806 1283 1836 ad
1300 1806 1456 1838 Orosium.
1481 1806 1531 1837 fol.
1547 1816 1616 1848 153.

1086 1860 1149 1891 Tit.
1166 1864 1184 1877 “
1200 1860 1315 1902 Incipit
1331 1861 1410 1891 liber
1426 1861 1599 1903 Augustini
1613 1862 1654 1893 ad
1672 1862 1845 1893 Orosium.'‘

1087 1911 1168 1942 Ibid.
1187 1916 1262 1943 tom.
1277 1912 1340 1943 viii.
1357 1912 1414 1943 001.
1429 1913 1465 1943 61
1475 1923 1499 1944 1.

978 1977 1007 2009 9.
1026 1975 1078 2006 Ad
1101 1976 1236 2007 amicum
1258 1976 1296 2007 de
1318 1976 1458 2008 utilitate
1481 1977 1628 2008 credendi
1649 1981 1759 2008 contra
1776 1977 1844 2008 Ma-

1041 2027 1189 2065 nichaeos,
1202 2027 1319 2069 praevio
1331 2039 1369 2058 ex
1382 2028 1674 2059 Retractationibus
1686 2033 1842 2070 excerpto.

1042 2078 1094 2108 fol.
1112 2080 1168 2119 156
1181 2079 1211 2109 b.

1085 2134 1167 2165 Ibid.
1184 2139 1258 2166 tom.
1273 2135 1334 2166 viii.
1351 2135 1408 2167 col.
1421 2146 1470 2177 45.

958 2199 1007 2229 10.
1024 2198 1072 2229 De
1088 2198 1251 2239 octoginta
1268 2199 1369 2230 tribus
1386 2199 1621 2240 quaestionibus.
1645 2198 1696 2229 fol.
1712 2200 1779 2229 161.

1084 2253 1145 2284 Tit.
1171 2258 1192 2271 ‘⁶
1206 2253 1323 2295 Incipit
1346 2254 1425 2284 liber
1441 2252 1612 2295 Augustini
1629 2253 1667 2283 de
1682 2252 1843 2294 octoginta

1062 2305 1164 2336 tribus
1181 2306 1430 2346 questionibus.’'

1084 2357 1165 2388 Ibid.
1183 2361 1259 2388 tom.
1273 2357 1337 2388 w'ji.
1355 2357 1411 2388 col.
1428 2367 1453 2387 Ι.

955 2422 1003 2451 11.
1022 2420 1070 2452 Dc
1082 2421 1188 2452 decem
1205 2420 1371 2462 praeceptis
1387 2423 1419 2451 et
1433 2420 1540 2450 decem
1555 2418 1663 2460 plagis.
1681 2418 1730 2448 fol.
1743 2426 1799 2459 173
1812 2418 1838 2448 b.

1082 2475 1162 2506 Ibid.
1182 2480 1258 2507 tom.
1271 2487 1298 2506 V.
1312 2475 1395 2517 App.
1414 2485 1504 2505 serm.
1521 2474 1582 2504 xxi.

954 2540 1004 2570 12.
1023 2539 1118 2571 Liber
1142 2544 1252 2571 contra
1278 2539 1465 2580 Pelagianos
1490 2538 1527 2568 de
1552 2536 1838 2578 praedestinatione.

1037 2590 1089 2621 fol.
1104 2599 1173 2630 174.

1081 2643 1180 2684 Incip.
1206 2642 1364 2673 “Addere
1387 2641 1482 2672 etiam
1505 2639 1563 2669 hoc
1586 2649 1680 2679 quam
1703 2639 1839 2670 maximo

1058 2692 1130 2724 huic
1148 2693 1263 2734 operi.”

1079 2744 1212 2775 Minime
1243 2743 1398 2775 consentit
1428 2752 1497 2772 cum
1526 2740 1594 2771 istis
1624 2739 1655 2770 in
1686 2744 1779 2772 tomo.
1805 2752 1834 2771 x.

1058 2795 1229 2837 Augustini
1245 2805 1373 2836 operum
1389 2793 1490 2824 editis.

1122 2850 1144 2873 B
