2254 3117
662 173 900 209 COLLEGII
930 175 1307 214 BALLIOIAENSIS.
1839 187 1884 221 92)

182 274 278 315 Incip.
295 283 424 314 prooem.
444 271 723 303 “Jocundissimns
745 285 814 304 cum
836 274 866 305 in
886 276 960 306 mul-

159 327 230 357 tis.”

180 377 287 408 Desin.
306 387 392 417 opus,
411 380 429 392 “
440 376 471 405 in
487 386 523 406 eo
538 386 662 416 gressus
679 379 833 407 nostros.'’

182 428 217 458 In
240 427 334 464 calco,
358 430 376 444 “
391 426 478 457 Finit
499 426 707 457 Policraticon
731 427 883 459 Johannis
907 430 961 460 Sa-

158 479 310 510 risburien
326 478 381 509 viri
405 477 576 508 doctissimi
595 478 633 508 (le
651 478 749 520 Nugis
765 479 939 511 Curialibus
953 493 960 518 3

158 531 196 562 R.
212 530 326 565 Bole;”
350 540 441 570 quem
464 529 489 560 si
510 540 572 559 non
593 529 685 560 liceat
703 533 866 561 autumare
887 531 960 562 scri-

158 583 229 613 bam
251 581 350 612 totius
379 580 492 622 operis,
515 584 600 612 certe
627 584 732 612 tamen
757 582 959 621 rubricarum,

158 633 269 674 quibus
285 636 408 663 scatent
424 631 588 673 margines.

419 712 517 746 CCC.
552 714 614 757 (Β.)

75 777 192 811 Codex
210 775 504 813 membranaceus,
520 775 556 808 in
576 775 657 808 folio
677 776 810 815 minori,
832 776 863 811 ff.
880 779 959 813 185,

99 845 164 869 sec.
192 845 258 873 XV„
293 833 382 866 binis
417 832 589 866 columnis
624 833 716 867 haud
753 846 820 868 una
856 847 959 869 manu

99 896 269 926 exaratus.

130 950 284 983 «Iohannis
302 951 542 982 Sarisburiensis
559 952 786 993 Polycraticon.

180 1004 242 1035 Tit.
262 1007 279 1020 “
293 1002 410 1044 Incipit
426 1002 504 1033 liber
521 1003 760 1034 Policraticon.”

180 1054 392 1086 Praemittitur
401 1054 539 1095 ejusdem
550 1054 746 1092 Eutheticns‚
754 1055 793 1086 ad
801 1055 961 1091 Thomam,

158 1106 292 1148 archiep.
310 1106 460 1137 Cantuar.
483 1106 574 1147 incip.
596 1111 614 1123 ⁴⁴
627 1106 661 1137 Si
683 1106 775 1137 michi
797 1107 963 1137 credideris

159 1158 294 1199 linguam
311 1156 470 1188 cohibebis
486 1161 517 1187 et
534 1157 630 1187 aule.”

182 1208 219 1238 In
249 1207 342 1246 calce,
370 1211 388 1224 ‘⁶
405 1206 543 1248 Explicit
574 1207 780 1238 Policraticus
810 1207 832 1237 J
835 1207 963 1238 ohannis

162 1258 423 1290 Salisburiensis.”

456 1328 577 1363 CCCI.

80 1391 380 1432 Membranaceus,
407 1391 442 1424 in
470 1391 553 1424 folio
580 1391 710 1435 majori.
739 1389 772 1423 ff.
791 1393 870 1427 198.
897 1401 962 1423 see.

101 1448 180 1487 xiV„
199 1448 287 1482 binis
306 1447 476 1481 columnis
495 1453 668 1481 exaratus.

121 1509 148 1538 1.
165 1507 317 1538 Bonifacii
332 1519 421 1549 papae
434 1517 506 1538 VIII.
523 1507 602 1538 liber
615 1507 729 1538 Sextus
742 1507 963 1539 Decretalium.

182 1559 307 1600 Regulis
316 1559 395 1600 juris
408 1559 547 1595 annexis,
559 1570 628 1589 cum
640 1565 794 1600 apparatu
810 1559 871 1589 sive
885 1570 965 1589 eom-

182 1610 334 1641 mentario
349 1610 506 1640 Johannis
523 1610 666 1640 monachi
682 1616 843 1651 perpetuo.
869 1610 920 1640 fol.
939 1621 964 1640 I.

224 1661 322 1701 Incip.
339 1672 447 1702 appar.
464 1666 482 1678 ‘⁵
494 1662 531 1691 In
548 1662 606 1692 Dei
623 1662 765 1696 nomine;
790 1662 965 1692 Secundum

203 1711 419 1753 philosophum
437 1737 444 1743 .
463 1737 469 1743 .
488 1737 493 1743 .
513 1737 519 1743 .
540 1724 605 1743 rem
629 1724 684 1754 per
705 1724 831 1744 causam
855 1724 966 1754 cogno-

204 1763 316 1794 scere.''

228 1814 264 1844 In
280 1815 363 1845 calce
381 1815 434 1845 lib.
451 1815 549 1853 Sexti,
568 1820 586 1832 “
600 1816 739 1857 Explicit
755 1820 862 1847 textus
879 1817 966 1846 Sexti

204 1866 274 1897 libri
290 1866 505 1898 Decretalium
523 1879 541 1898 a
560 1868 686 1898 domino
707 1879 789 1910 papa
806 1868 966 1899 Bonifacio

205 1929 277 1948 VIII.
293 1915 518 1959 compositus.”

228 1969 335 2001 Desin.
360 1975 505 2011 apparat.
528 1976 546 1988 ‘⁴
559 1975 684 2012 quarte,
707 1971 737 2000 id
761 1974 819 2007 est,
844 1970 919 2011 xiiij.
936 1981 966 2010 q.

206 2020 248 2061 iij.
265 2021 439 2062 Plerique.”

228 2072 266 2102 In
286 2073 380 2110 calce,
402 2077 419 2090 *²
433 2072 571 2114 Explicit
593 2076 764 2113 apparatus
786 2072 874 2103 Sexti
897 2072 967 2102 libri

207 2121 420 2153 Decretalium
432 2134 489 2163 per
502 2122 660 2153 dominum
672 2122 691 2153 J
695 2123 848 2153 ohannem
862 2133 966 2153 mona-

207 2173 298 2204 chum
314 2174 538 2215 compositus.”

228 2223 376 2265 Sequitur
405 2225 438 2265 [J
442 2225 573 2256 ohannis
597 2234 677 2255 xXII.
704 2235 794 2265 papae
825 2228 967 2255 extrava-

207 2286 284 2316 gans
295 2276 551 2307 ‘Execrabilis'et
562 2275 703 2316 ‘Suscipe
712 2275 967 2316 regiminis‚’cum

208 2328 449 2363 commentari03
472 2327 564 2368 incip.
579 2331 596 2343 “
607 2327 696 2358 Circa
712 2326 967 2357 constitutionem

208 2379 246 2409 de
262 2379 442 2420 pluralitate
457 2379 647 2420 dignitatum
664 2382 886 2420 personatuum
904 2378 967 2408 offi-

209 2429 317 2460 cium.”

126 2480 155 2509 2.
172 2480 305 2512 Othonis
323 2481 571 2512 Constitutiones
593 2481 686 2511 editae
705 2480 881 2517 Londoniis‚
899 2491 969 2511 cum

188 2536 342 2572 apparatu
357 2532 379 2562 J
383 2532 513 2563 ohannis
529 2533 568 2563 de
583 2532 723 2562 Athona.
746 2531 798 2561 fol.
814 2542 825 2561 I
835 2540 882 2561 21.

231 2582 328 2623 Incip.
347 2587 364 2600 “
377 2583 429 2614 Ad
445 2583 646 2614 succidendos
662 2583 837 2624 palmites.'’

127 2638 156 2668 3.
172 2638 323 2670 Ottoboni
344 2639 601 2677 Constitutiones,
623 2650 692 2669 cum
713 2639 851 2680 ejusdem
875 2648 970 2679 appa-

189 2692 269 2722 ratu.
292 2689 344 2720 fol.
362 2700 420 2730 149
433 2690 464 2720 b.

233 2740 296 2771 Tit.
314 2744 332 2758 ‘⁴
345 2740 407 2771 Hic
428 2740 580 2781 incipiunt
596 2739 727 2770 Statuta
745 2738 860 2769 domini
876 2738 970 2769 Octo-

212 2791 284 2822 boni
320 2792 522 2823 miseracione
559 2790 665 2822 divina
698 2789 807 2821 Sancti
836 2788 969 2819 Adriani

1116 276 1234 307 diaconi
1252 277 1422 308 Cardinalis
1443 278 1612 319 apostolice
1633 280 1713 309 sedis
1734 279 1825 320 legati
1847 281 1885 310 nd

1117 332 1296 368 pun-petuam
1313 328 1355 358 rei
1372 329 1577 359 11u=mo1·ia111.”

1139 378 1234 419 Incip.
1251 390 1320 420 app.
1339 384 1356 395 ‘⁴
1373 380 1523 411 Mandata
1539 380 1596 411 Dei
1613 381 1651 411 de
1668 381 1804 421 qnibusf'

1034 438 1061 465 <ln
1079 436 1322 467 Constitutiones
1345 439 1461 469 concilii
1484 440 1665 470 Oxoniensis
1688 452 1707 471 a
1730 441 1887 482 Stephano

1100 487 1239 526 Langton
1251 488 1340 519 Cant.
1354 489 1486 531 archiep.
1498 491 1598 525 editzr,
1613 491 1733 532 praeviis
1745 492 1887 532 capitulis

1098 538 1180 568 xxxi.
1205 538 1254 568 fol.
1274 540 1336 579 ¹33·

1142 588 1236 629 Incip.
1261 593 1278 605 ‘⁴
1298 590 1493 621 Auctor-itate
1520 592 1607 629 Deis*
1631 599 1665 623 ut
1695 593 1725 623 in
1752 594 1886 624 wilkins

1119 638 1232 669 Concil.
1249 643 1322 670 tom.
1341 641 1361 671 i.
1379 653 1406 682 p.
1420 643 1491 682 585.

1141 690 1287 730 Sequitur
1310 691 1357 721 De
1384 693 1552 733 provisione
1580 695 1662 735 pacis
1688 699 1719 726 et
1742 696 1887 727 utilitatis

1119 741 1244 772 ecclesie
1271 741 1442 783 Anglicanc
1469 745 1550 784 apud
1573 745 1886 777 chstmonastcrium

1119 796 1189 833 post
1208 792 1308 823 dictas
1327 793 1569 825 Constitutiones
1590 797 1818 838 promulgatam
1844 798 1886 828 in—

1118 843 1177 884 cip.
1195 847 1212 860 “
1223 843 1387 874 Sciendum
1403 845 1483 885 quod
1500 845 1529 875 in
1545 857 1624 877 anno
1642 847 1763 878 Domini
1784 848 1887 886 1248*

1035 904 1064 933 5.
1081 902 1210 933 Stafuta
1229 903 1266 932 de
1284 903 1436 934 Lambcth
1458 905 1572 935 concilii
1595 906 1738 937 celebrati
1759 918 1778 937 a
1800 907 1887 937 Boni-

1099 953 1188 991 facio,
1212 954 1367 994 qnondam
1390 954 1479 985 Cant.
1503 955 1634 997 archiep.
1658 968 1724 986 cum
1749 958 1888 998 capitulis

1099 1005 1162 1035 xxi.
1186 1005 1237 1035 fol.
1255 1006 1322 1035 186.

1143 1056 1239 1098 Incip.
1254 1060 1271 1073 ‘⁴
1282 1056 1441 1087 Universis
1454 1062 1558 1087 sancte
1571 1058 1678 1088 matris
1689 1059 1715 1093 3*
1732 1059 1803 1088 ibid.
1816 1063 1888 1089 tom.

1120 1107 1139 1137 i.
1156 1118 1186 1148 p.
1201 1109 1270 1148 746.

1035 1164 1065 1195 6.
1082 1165 1328 1197 Constitutiones
1354 1165 1390 1196 R.
1419 1166 1457 1196 dc
1482 1165 1646 1207 Kylwerbi.
1675 1167 1808 1207 ejusdem
1834 1167 1890 1197 loci

1100 1217 1257 1258 quondam
1271 1217 1405 1258 archiep.
1422 1217 1513 1248 editae
1529 1218 1612 1259 apud
1628 1217 1801 1258 Radingas3
1823 1229 1891 1249 cum

1100 1268 1244 1309 capitulis
1260 1268 1404 1309 quinque.
1428 1268 1478 1299 fol.
1499 1269 1554 1309 189
1567 1269 1597 1299 b.

1143 1319 1241 1360 Incip.
1257 1324 1274 1336 ‘⁴
1288 1319 1535 1360 Ingredientibus
1551 1319 1608 1349 hoc
1625 1330 1707 1349 mare
1718 1320 1745 1354 ;”
1767 1319 1803 1349 cs.
1820 1319 1889 1349 ibid.

1122 1374 1197 1401 tom.
1213 1370 1242 1401 ii.
1261 1382 1290 1411 p.
1306 1381 1354 1410 24.

1038 1429 1066 1459 7.
1083 1427 1330 1458 constitutiones
1361 1426 1513 1457 Johannis
1545 1427 1583 1458 de
1614 1427 1770 1457 Peckham
1804 1427 1892 1457 editae

1101 1479 1184 1519 apud
1201 1478 1356 1509 Lambeth
1373 1479 1403 1508 in
1421 1478 1548 1509 concilio
1566 1478 1679 1508 ibidem
1695 1478 1846 1508 celebrato
1863 1482 1893 1508 et

1101 1530 1241 1560 recitatae
1269 1530 1300 1559 in
1324 1529 1433 1560 ultima
1458 1529 1580 1560 actione
1607 1529 1679 1560 dicti
1707 1528 1823 1559 concilii
1847 1529 1894 1559 dic

1104 1580 1235 1611 Veneris
1251 1580 1288 1610 vi.
1306 1580 1375 1610 idus
1391 1579 1545 1615 Octobris,
1560 1579 1597 1609 E.
1611 1579 1701 1609 litera
1714 1578 1893 1608 Dominicali

1102 1635 1256 1668 currente,
1282 1631 1376 1662 A.D.
1397 1631 1486 1667 1281,
1514 1630 1680 1660 indictione
1706 1629 1746 1659 ix.
1774 1628 1894 1670 pontifi-

1104 1687 1192 1714 catus
1215 1683 1295 1713 (1011]ο
1314 1682 1444 1712 Martini
1467 1693 1554 1722 papae
1575 1681 1677 1722 quarti
1700 1680 1810 1720 primo,
1826 1684 1893 1713 etc..

1103 1734 1224 1776 praeviis
1239 1733 1382 1775 capitulis
1397 1733 1479 1763 xxiv.
1504 1733 1553 1763 fol.
1570 1742 1636 1773 191.

1147 1784 1244 1826 Incip.
1266 1789 1283 1801 “
1297 1784 1348 1814 Ab
1369 1784 1495 1814 exordio
1518 1783 1671 1814 nascentis
1682 1783 1708 1817 ;”
1731 1782 1802 1813 ibid.
1820 1787 1891 1813 tom.

1124 1836 1154 1866 ii.
1171 1848 1200 1877 p.
1213 1847 1265 1877 51.

1039 1894 1068 1922 8.
1088 1892 1217 1924 Statuta
1246 1891 1364 1922 concilii
1393 1889 1592 1921 Provincialis
1624 1889 1761 1920 London.
1794 1900 1894 1919 mense

1106 1942 1267 1973 Februarii
1288 1953 1369 1972 anno
1386 1940 1510 1972 Domini
1531 1940 1750 1970 m.ccc.xxviii.
1770 1950 1824 1980 pcr
1844 1939 1894 1969 do-

1104 1994 1220 2024 minum
1245 1993 1400 2024 Simonem
1423 1993 1461 2022 dc
1486 1991 1645 2032 Mepham‚
1667 1990 1799 2031 archiep.
1819 1990 1894 2021 Can-

1104 2052 1184 2076 tuar.
1202 2045 1239 2075 dc
1254 2044 1380 2075 consilio
1399 2043 1661 2084 suffraganeorum
1680 2052 1812 2078 suorum,
1827 2051 1894 2071 cum

1104 2095 1248 2138 capitulis
1263 2095 1311 2126 vii.
1335 2095 1385 2125 fol.
1404 2095 1473 2135 196.

1148 2147 1244 2189 Incip.
1263 2152 1280 2164 ‘⁴
1292 2146 1393 2178 Zelari
1410 2149 1534 2188 oportet
1545 2146 1574 2181 3⁵*
1594 2145 1634 2176 ib.
1649 2148 1723 2175 tom.
1737 2144 1766 2173 ii.
1783 2155 1810 2184 p.
1821 2152 1891 2183 552.

1041 2203 1068 2234 9.
1086 2199 1333 2232 Constitutiones
1352 2197 1514 2239 synodales
1530 2195 1730 2227 Norwicensis
1746 2193 1891 2224 dioecesis.

1105 2251 1156 2282 fol.
1173 2258 1242 2292 197.

1149 2301 1245 2342 Incip.
1264 2304 1281 2317 ⁴⁶
1295 2300 1454 2330 Debentes
1470 2299 1507 2329 (le
1523 2297 1634 2329 vobis.”

1147 2353 1246 2384 Defic.
1268 2353 1299 2382 in
1319 2351 1428 2387 verbis,
1447 2349 1589 2380 “fuerint
1611 2346 1792 2379 admittendi
1815 2346 1891 2376 eitra

1126 2403 1251 2434 inicium
1268 2401 1458 2444 Septembris
1474 2399 1597 2441 singulis
1612 2398 1715 2429 annis''

1393 2501 1532 2535 CCCII.

1021 2567 1143 2602 Codex
1169 2567 1458 2602 membranaceus,
1485 2564 1519 2596 in
1550 2561 1639 2599 folio,
1667 2559 1698 2592 ff.
1717 2562 1796 2593 208.
1825 2569 1890 2591 sec.

1045 2627 1124 2665 xiv„
1143 2625 1231 2659 binis
1249 2623 1417 2657 columnis
1434 2624 1600 2655 exaratus.

1064 2687 1092 2716 1.
1110 2686 1129 2716 J
1132 2685 1261 2716 ohannis
1274 2684 1361 2714 Duns
1374 2681 1457 2712 Scoti
1472 2678 1661 2718 Quaestiones
1676 2686 1767 2717 supcr
1782 2675 1891 2705 librum

1127 2736 1258 2778 primun]
1276 2732 1514 2766 Sententiarum,
1530 2738 1649 2760 annexa
1665 2726 1779 2758 tabula.
1800 2726 1848 2756 fol.
1865 2736 1889 2755 I.

1170 2786 1267 2827 Incip.
1284 2789 1303 2801 “
1314 2784 1428 2815 Utrum
1444 2780 1557 2812 homini
1574 2790 1629 2821 pro
1645 2779 1761 2809 statu.”

1218 2849 1238 2872 o
1257 2841 1278 2870 2
