2254 3117
676 174 914 209 COLLEGII
942 174 1315 213 MERTONENSIS.
1826 188 1894 219 125

211 271 347 302 doctoris
380 271 512 309 subtilis,
537 272 757 314 cujuscumque
794 273 967 314 propicient
1044 276 1287 312 M.Jol1a11nes
1315 279 1472 324 Taylour,
1492 292 1586 315 sacre
1617 281 1792 328 theologie
1820 295 1895 328 pro-

210 322 453 354 conclusiones.”
1038 334 1144 367 fossor
1162 336 1432 371 dovotissi1m1s.''

126 377 154 406 4.
172 375 293 408 Tabula
315 377 512 418 alphabetiea
528 377 559 407 in
575 377 722 419 ejusdem,
747 377 809 408 sive
827 378 964 415 Thomae,

188 427 382 466 Quodlibeta.
407 429 459 459 sol.
476 439 486 458 ι
492 438 510 469 3
519 439 543 459 2.

231 478 328 520 Incip.
352 488 370 496 ⁸*
383 480 512 515 Abbas3
536 479 654 510 Utrum
675 483 801 511 tenetur
820 491 965 512 revocare

208 528 366 560 subditum
382 541 402 560 a
417 530 593 570 parocliia.”

123 584 151 613 5.
170 582 290 614 Tabula
303 585 508 625 quaestionum
521 585 559 615 de
572 584 709 625 quolibet
721 585 863 627 magistri
877 586 963 617 Hen-

185 634 240 664 riei
255 634 294 665 de
310 635 470 666 Gandavo.
493 635 545 666 fol.
563 636 631 674 148.

230 684 329 725 Ineip.
348 690 365 701 *⁶
382 684 499 715 Utrum
519 685 550 714 in
566 684 634 715 Deo
656 684 698 716 sit
718 696 832 726 ponere
852 687 965 718 verita-

206 736 302 765 tem.''

228 785 267 816 In
282 786 374 822 calce,
392 791 410 803 ⁴⁴
423 785 561 828 Explicit
583 786 692 818 tabula
707 788 904 828 questionum
926 789 964 820 de
1344 770 1562 805 CCCXVII·

207 837 344 878 quolibet,
371 837 416 868 Μ,
439 837 483 868 Η,
502 838 540 868 de
565 838 726 876 GandaVQ
750 839 837 880 cujus
860 840 965 871 anima
1016 829 1135 864 Codex
1155 832 1450 873 membranaceus,
1466 834 1501 867 in
1519 834 1600 869 folio
1617 838 1746 881 majori,
1765 838 1797 871 ff.
1814 841 1891 877 159.

205 889 380 929 requiescat
396 889 427 919 in
443 900 529 930 pace,
547 890 679 920 Amen.”
1039 900 1107 922 seo.
1125 890 1195 929 xii„
1226 890 1315 924 binis
1350 890 1518 926 columnis
1549 895 1678 937 optime
1714 902 1892 935 exaratus;

122 946 152 978 6.
169 947 289 979 Tabula
303 948 502 989 alphabetica
517 949 548 979 in
568 949 764 989 [Aristotelis
774 951 795 991 ἒ]
815 950 910 981 libros
926 951 964 982 de
1039 959 1082 981 ex
1101 948 1191 981 dono
1212 948 1344 994 Nigelli
1363 949 1406 983 de
1426 949 1587 989 wama
1606 954 1697 986 socii.

184 999 378 1030 animalibus.
403 999 432 1029 ff.
449 1001 614 1040 167—178
631 1001 659 1038 b,
680 1002 846 1032 160—166
863 1002 891 1032 b.

227 1051 324 1093 Incip.
350 1052 590 1088 “Abortivum;
616 1053 699 1094 quod
726 1064 805 1094 equa,
832 1054 963 1095 impreg-

205 1107 281 1134 nata
297 1103 322 1133 si
338 1103 516 1134 odoraverit
532 1104 694 1135 caudelam
709 1104 911 1135 extimtamff’

1059 401 1158 433 Flavii
1174 403 1303 445 Josephi
1320 406 1358 436 de
1374 407 1453 437 bollo
1469 407 1603 439 Judaieo
1619 409 1688 440 libri
1705 413 1823 450 septem
1841 410 1894 451 [ex

1079 453 1216 484 versione
1233 455 1371 498 Ruffini,]
1390 457 1503 497 praevia
1518 459 1724 499 capitulorum
1740 460 1855 490 tabula.

1122 508 1184 538 Tit.
1209 519 1226 525 ⁵·
1244 510 1341 540 Flavii
1364 511 1492 552 Josephi
1516 512 1546 543 iu
1569 518 1658 544 textu
1683 514 1830 545 librorum
1856 516 1893 545 ‹le

1100 558 1235 589 Judaieo
1251 560 1339 593 bello,
1357 562 1463 602 incipit
1479 564 1651 605 prologus.''

1123 614 1163 644 In
1186 614 1279 652 ealce,
1305 620 1322 631 *²
1336 616 1432 646 Flavii
1457 617 1583 659 Josophi
1608 619 1745 651 historiae
1771 621 1893 652 «Iudaici

1101 665 1171 695 belli
1187 665 1264 696 liber
1279 667 1428 708 septimus
1443 669 1595 709 explicit.''

1059 1016 1086 1046 l.
1102 1015 1201 1046 Flavii
1213 1016 1234 1046 J
1238 1016 1344 1057 osephi
1358 1018 1595 1058 Antiquitatum
1607 1020 1810 1052 Judaicarum
1826 1023 1894 1053 libri

1119 1067 1239 1107 viginti,
1272 1068 1411 1110 [Ruffino
1438 1070 1634 1114 interprete,]
1663 1083 1731 1103 eum
1758 1074 1891 1115 prologo.

1120 1119 1150 1149 ff.
1167 1129 1178 1149 1
1194 1119 1309 1159 h.—72
1326 1120 1358 1157 b,
1374 1122 1550 1162 140—158,
1566 1132 1664 1162 95—1
1676 1134 1707 1153 11
1729 1124 1756 1154 b.

1163 1174 1261 1206 Deest
1284 1175 1362 1206 liber
1385 1176 1497 1207 tertius
1520 1177 1657 1208 decimus
1672 1182 1703 1208 et
1724 1179 1782 1209 xiv.
1799 1191 1894 1220 usque

1140 1227 1181 1257 ad
1198 1227 1302 1263 verba,
1321 1234 1337 1244 ·’·
1350 1228 1496 1268 quoniam
1517 1228 1789 1270 interpellaverunt
1809 1231 1838 1261 in
1855 1232 1894 1262 ei-

1141 1277 1239 1308 vitate
1255 1277 1380 1309 Judei.’'

1164 1333 1200 1363 In
1224 1333 1319 1367 ealce,
1346 1333 1398 1364 lib.
1423 1333 1474 1364 xii.
1501 1338 1638 1369 notatur,
1664 1346 1757 1366 manu
1786 1337 1893 1377 prima,

1142 1393 1159 1401 ⁸·
1177 1385 1238 1415 Hie
1255 1384 1402 1415 deficiunt
1418 1389 1489 1415 octo
1505 1385 1607 1416 ultimi
1629 1386 1699 1417 libri
1715 1387 1896 1428 Antiquita-

1140 1439 1220 1471 tum,
1245 1446 1376 1476 quorum
1399 1435 1535 1476 quinque
1560 1435 1651 1476 primi
1681 1440 1838 1477 ponuntur
1864 1437 1895 1467 in

1140 1486 1202 1517 fine
1225 1486 1325 1517 tocius
1347 1486 1440 1527 hujus
1462 1486 1634 1524 voluminis,
1655 1487 1796 1518 videlicet
1819 1488 1895 1518 liber

121 1168 149 1199 7.
167 1166 287 1198 Tabula
298 1167 329 1198 in
342 1168 488 1209 anonymi
501 1169 663 1209 cujusdam
679 1180 832 1199 summam
845 1169 963 1200 theolo-

183 1219 284 1260 gicam
307 1219 338 1249 in
361 1219 456 1250 libros
472 1220 680 1260 quaestionum
696 1220 813 1257 decem,
830 1224 865 1252 ut
882 1221 962 1252 vide-

184 1275 246 1305 tur,
262 1268 453 1300 distinctam.
478 1270 531 1300 fol.
550 1280 615 1311 ¹79·

225 1318 321 1360 Incip.
340 1319 559 1356 ··Absolvere;
587 1321 704 1352 Utrum
729 1322 867 1363 prelatus
891 1322 961 1352 sub—

203 1369 268 1400 dito
285 1370 332 1400 cui
349 1371 532 1402 commisit.”

81 1540 199 1574 Codex
228 1541 524 1583 membranaceus,
549 1544 584 1577 in
611 1544 706 1584 folio,
733 1545 766 1578 ff.
788 1548 867 1585 154,
894 1557 961 1579 sec.

103 1598 215 1631 forsan
234 1609 256 1631 x
275 1599 447 1639 ineuntis3
481 1600 613 1644 optime
641 1606 803 1635 exaratus
831 1608 866 1635 et
893 1614 961 1636 ser-

68 1695 69 1698 *
103 1662 211 1690 vatus.

52 1699 71 1751 J
122 1716 246 1746 Eusebii
271 1716 469 1748 Caesariensis
495 1718 719 1750 Clu·onieorum
743 1731 877 1751 canones
902 1720 961 1751 La-

142 1768 206 1798 tine
221 1769 300 1799 versi
316 1774 348 1800 et
364 1770 540 1801 continuati
556 1781 612 1812 per
633 1771 665 1802 S.
678 1771 905 1813 Hieronymum
920 1773 960 1803 ad

140 1824 281 1861 tempora
293 1820 438 1852 Valentis
450 1826 481 1852 et
493 1821 706 1854 Valentiniani
720 1823 958 1865 Imperatorum,

141 1883 209 1902 cum
225 1871 362 1913 ejusdem
379 1873 562 1914 Hieronymi
580 1874 724 1915 prologis.

184 1923 244 1954 Tit.
262 1928 280 1940 ‘*
293 1924 446 1955 Eusebius
459 1925 660 1957 Hieronimus
674 1926 841 1958 Vincentio
854 1932 885 1958 et
898 1927 960 1958 suis

161 1975 320 2006 salutem.”

204 2027 393 2068 Sequuntur,

99 2089 127 2109 a.
144 2084 161 2095 ·‘
178 2078 278 2120 Reges
303 2079 443 2120 gentium
475 2079 666 2110 diversarum
691 2079 743 2120 qui
766 2079 892 2110 suerunt
913 2080 960 2111 vel

163 2136 312 2171 quantum
326 2130 564 2172 regnaverunt.”

100 2186 129 2216 b.
148 2194 165 2202 “
175 2186 260 2216 Ordo
275 2186 431 2227 plenarius
453 2185 684 2216 succedentium
705 2184 763 2215 sibi
785 2190 960 2226 temporum

1140 1588 1223 1625 xvii„
1239 1588 1353 1619 residui
1368 1599 1441 1619 vero
1458 1593 1521 1619 tres
1536 1589 1637 1620 ultimi
1653 1589 1722 1620 libri
1738 1596 1895 1631 ponuntur

1140 1639 1247 1670 statim
1270 1646 1341 1680 post
1364 1639 1476 1670 librum
1499 1641 1666 1671 seeundum
1683 1641 1721 1671 de
1744 1641 1822 1672 bello
1838 1641 1859 1672 J
1863 1653 1894 1672 u-

1139 1690 1238 1727 daioo,
1256 1690 1372 1721 scilicet
1396 1690 1473 1720 liber
1491 1690 1573 1732 xviij.
1591 1691 1668 1721 liber
1684 1691 1746 1721 xix.
1762 1696 1794 1722 et
1817 1692 1894 1723 liber

1140 1743 1213 1773 xx.'“

1054 1799 1084 1827 Q.
1101 1797 1249 1838 Ejusdem
1266 1799 1304 1828 de
1319 1797 1399 1828 bello
1410 1797 1545 1828 Judaico
1560 1798 1629 1828 libri
1646 1802 1773 1839 septem,
1785 1799 1891 1829 eodem

1116 1849 1296 1890 interprete,
1314 1860 1383 1879 eum
1399 1849 1535 1890 prologo.
1560 1849 1590 1880 ff.
1602 1859 1641 1889 72
1655 1849 1780 1891 b.—95‚
1795 1860 1805 1880 1
1816 1860 1847 1880 11
1862 1850 1891 1880 b.

1118 1910 1220 1940 *139
1234 1900 1263 1930 b.

1160 1951 1198 1981 In
1215 1951 1308 1988 calce,
1325 1961 1342 1968 ’”
1355 1951 1440 1982 Bene
1460 1952 1586 1993 navigat
1611 1953 1735 1989 fretum,
1752 1953 1802 1993 qni
1826 1963 1891 1993 per—

1140 2003 1222 2033 venit
1239 2014 1334 2043 usque
1349 2003 1389 2033 ad
1405 2003 1562 2044 porturn.”

1162 2057 1197 2087 In
1214 2057 1316 2088 fronte
1329 2057 1454 2095 codicis,
1469 2062 1487 2074 ⁴*
1501 2057 1594 2088 Liber
1606 2059 1715 2089 domus
1731 2059 1892 2089 scolarium

1140 2109 1177 2139 de
1196 2108 1334 2139 Merton.
1351 2108 1451 2139 Oxon.
1468 2112 1499 2139 et
1516 2109 1679 2140 scolarium
1692 2110 1827 2151 ejusdem
1839 2109 1891 2139 do-

1138 2171 1206 2190 mus
1229 2171 1267 2190 ex
1287 2160 1369 2190 dono
1393 2160 1534 2201 magistri
1560 2161 1669 2202 Nigelli
1691 2161 1729 2191 de
1747 2161 1889 2193 W'ax'el‘e,

1139 2210 1295 2251 quondam
1312 2211 1385 2241 socii
1404 2211 1541 2251 ejusdem
1558 2211 1677 2248 domus,
1696 2222 1784 2251 quem
1805 2210 1890 2240 dedit

161 2237 200 2268 ab
217 2237 379 2268 Abraham
394 2249 491 2279 usque
508 2237 538 2268 in
554 2237 750 2268 consulatum
767 2236 938 2268 Valentis.”

205 2293 244 2323 In
271 2293 363 2329 calce,
388 2297 406 2309 ”⁴
422 2292 569 2323 Continet
599 2292 706 2332 itaque
736 2292 835 2321 omnis
861 2303 960 2323 canon

183 2342 350 2372 seeundum
364 2341 586 2372 Hieronimum
601 2351 700 2371 annos
715 2339 904 2380 ij.cec.xcv.”

1139 2262 1178 2292 ad
1195 2261 1459 2292 incathenandum
1475 2262 1505 2292 in
1521 2262 1589 2293 loco
1606 2262 1757 2293 communi
1774 2266 1804 2291 et
1821 2261 1890 2290 iude

1139 2325 1200 2344 non
1231 2314 1440 2344 transferatur
1467 2314 1508 2344 ad
1538 2324 1611 2344 usus
1648 2313 1793 2353 privatos,
1831 2311 1889 2341 nisi

1139 2365 1177 2395 de.
1200 2365 1353 2395 communi
1378 2376 1527 2395 consensu
1552 2365 1713 2395 seolarium
1738 2363 1889 2404 predicto-

101 2407 124 2426 ο.
143 2396 224 2426 Item
240 2396 408 2427 secundum
425 2396 581 2426 Severum.

101 2451 120 2480 d
149 2450 161 2480 Ι
338 2451 356 2481 d
426 2450 473 2480 Af
489 2450 495 2455 .
1138 2427 1215 2451 rum,
1234 2416 1284 2456 qui
1308 2420 1467 2456 presentes
1488 2415 1601 2446 fuerint
1626 2426 1682 2455 pro
1704 2420 1841 2453 tempore
1859 2413 1888 2442 in

124 2474 131 2480 .
166 2456 227 2482 tem
243 2462 335 2482 secun
359 2462 411 2481 um
472 2460 619 2480 ricanum.

1138 2466 1264 2508 collegio
1280 2466 1476 2497 eornndemf

416 2557 617 2591 CCCXVI.
1333 2559 1570 2594 CCCXVIII.

82 2618 378 2657 Membrana-cells,
401 2621 435 2653 iu
455 2619 548 2659 folio,
572 2619 605 2652 ff·
620 2617 700 2658 162,
720 2630 787 2652 Sec·
801 2619 859 2652 xii·
879 2630 959 2652 ΘΧΘ-
1011 2622 1307 2662 Membranaceus,
1333 2624 1367 2656 in
1396 2622 1477 2655 folio
1505 2622 1635 2665 majori,
1660 2620 1691 2653 ff.
1714 2621 1792 2657 157,
1819 2630 1885 2652 Sec.

104 2679 205 2717 umis,
220 2679 308 2712 binis
326 2677 495 2712 columnis
514 2677 602 2711 bene
621 2682 800 2716 exaratus3
830 2677 959 2710 “dedit
1035 2692 1102 2720 xv„
1127 2681 1215 2715 binis
1245 2681 1413 2714 columnis
1444 2679 1552 2712 nitide
1587 2684 1765 2712 exaratus:
1803 2676 1885 2709 olim

104 2736 146 2769 ad
164 2748 383 2770 communem
402 2735 593 2769 utilitatem
611 2735 647 2768 in
664 2735 728 2768 hae
749 2735 959 2769 bibliotheca
1035 2740 1054 2754 “
1074 2737 1234 2771 fratribus
1265 2737 1409 2771 Oxoniae
1424 2737 1441 2748 ''
1454 2736 1552 2768 datus
1582 2747 1642 2779 per
1659 2734 1681 2767 J
1685 2734 1739 2767 oh.
1759 2733 1886 2766 thet-

105 2795 318 2828 studentium
339 2795 430 2828 bone
451 2793 617 2827 memorie
637 2792 842 2827 venerabilis
861 2798 959 2838 pater
985 2816 989 2851 Ι
1034 2793 1223 2833 hamstede,
1258 2794 1372 2827 abbat.
1409 2793 1443 2826 S.
1468 2791 1605 2831 Albani,
1649 2797 1768 2836 postea
1808 2789 1884 2824 coll.
