2254 3117
341 159 386 191 28
904 152 1205 188 CATALOGUS
1232 152 1467 187 CODICUM
1495 151 1604 187 MSS.

490 254 570 284 Ibicl.
587 257 661 284 tom.
677 252 716 281 vi.
734 251 787 282 col.
805 260 872 291 195.

489 305 526 334 In
543 303 636 339 calce,
653 307 672 319 ‘⁶
688 301 825 342 Explicit
843 300 1035 331 enchiridion
1056 301 1140 332 beati
1157 301 1223 331 Au-

465 354 592 396 gustini,
610 364 700 394 quem
717 353 841 393 scripsit
860 352 1059 383 Laurentio.”

401 430 424 449 r.
444 418 493 448 Dc
510 417 649 448 vanitate
665 416 757 457 hujus
774 416 866 446 seculi
884 427 994 447 sermo.
1018 416 1067 446 fol.
1090 425 1148 447 120
1161 417 1188 446 b.

486 469 566 499 Ibid.
584 467 709 499 tom.vi.
728 468 812 508 App.
830 467 886 498 col.
902 477 971 508 292.

400 546 424 563 s.
444 534 491 564 De
508 534 588 563 bono
606 532 775 574 ‹lisciplinae
792 543 903 562 sermo.
928 531 979 561 fol.
999 541 1064 562 122.

486 585 564 615 lbid.
582 591 656 615 tom.
673 584 710 614 vi.
727 583 784 614 col.
797 584 869 624 581.

357 651 384 679 2.
403 650 434 679 S.
448 649 576 679 Thomae
594 648 763 690 Aquinatis
786 648 824 678 ‹le
847 646 1032 678 veritatibus
1056 646 1220 687 theologia?

419 700 488 730 libri
509 703 639 741 septem,
656 699 772 741 praevia
795 698 1002 740 capitulorum
1026 698 1142 729 tabula.
1167 697 1218 727 fol.

425 761 459 781 12
462 761 480 792 5
495 751 524 781 b.

464 801 531 831 Tit.
558 799 703 840 “Incipit
731 799 850 830 libellus
876 799 1004 830 Thomae
1030 798 1157 839 Alquini
1182 797 1219 828 dc

442 850 626 881 veritatibus
642 850 826 890 theologie.”
934 842 937 843 ⁷

464 901 560 942 Incip.
579 906 596 917 “
609 901 758 932 Veritatis
775 901 948 943 theologice
966 900 1167 932 sublimitasf'

462 951 500 982 In
538 952 630 989 calcc,
663 956 682 969 “
701 952 838 993 Explicit
875 952 990 982 veritas
1027 962 1218 982 summarum

441 1003 625 1044 theologias*

354 1070 381 1099 3.
400 1069 431 1099 S.
445 1068 613 1109 Augustini
627 1079 728 1099 sermo
741 1069 778 1098 (lc
791 1069 839 1099 die
854 1068 1065 1099 Pontecostes.
1083 1067 1134 1097 sol.
1149 1077 1217 1107 219.

462 1120 552 1150 Inter
568 1131 674 1161 opera⁷
693 1125 768 1150 tom.
783 1132 809 1150 v.
827 1120 882 1151 col.
901 1129 991 1159 1471.

333 1293 453 1327 Codex
480 1293 773 1331 membranaceus,
802 1293 835 1325 in
856 1294 916 1325 Mo
943 1293 1076 1327 minori.
1096 1292 1129 1325 ff.
1146 1295 1167 1329 7
1182 1297 1217 1325 et

359 1353 440 1390 131,
475 1362 543 1385 Sec..
569 1351 639 1384 xiii.
676 1351 857 1390 exeuntis3
890 1351 978 1384 binis
1013 1350 1217 1395 plerumque

357 1409 526 1443 columnis
545 1409 655 1441 nitide
673 1413 846 1441 exaratus.

375 1471 405 1500 1.
424 1470 455 1500 S.
470 1469 608 1500 Anselmi
625 1468 847 1509 archiepiscopi
864 1468 1110 1505 Cantuarionsis,
1126 1479 1217 1508 opus-

437 1519 506 1549 cula
522 1519 626 1552 variaz
653 1519 781 1555 scilicet,

394 1581 422 1601 a.
440 1570 488 1600 De
504 1569 670 1600 concordia
688 1569 889 1611 praescicntise
912 1573 944 1600 et
967 1569 1215 1610 praedestinatio-

458 1622 516 1658 nis,
529 1626 561 1652 et
573 1622 683 1663 gratiae
696 1622 753 1652 Dei
766 1633 835 1652 cum
848 1622 944 1652 libero
958 1621 1098 1652 arbitrio.
1122 1621 1173 1652 sol.
1190 1632 1214 1652 1.

482 1673 598 1703 Exstat
622 1673 760 1713 impl-ess.
786 1673 868 1703 inter
890 1684 995 1714 opera,
1012 1673 1086 1703 edit.
1106 1674 1213 1703 Venct.

466 1733 554 1764 1744,
572 1730 646 1754 tom.
661 1724 679 1754 i.
697 1735 725 1765 p.
744 1726 810 1765 183.

395 1788 424 1817 b.
442 1787 491 1817 De
510 1786 729 1817 Incarnatione
746 1787 838 1817 vorbi.
863 1786 913 1817 fol.
931 1798 958 1825 9.

482 1838 598 1868 Exstat
621 1838 695 1868 ibid.
721 1842 796 1869 tom.
811 1838 829 1867 i.
846 1848 875 1878 p.
888 1848 941 1878 59,
960 1837 1011 1868 ubi
1035 1842 1141 1868 tamen
1166 1849 1214 1868 oc-

458 1889 555 1919 currit
572 1889 714 1930 praefatio
731 1900 798 1930 quae
815 1889 901 1919 deest
918 1889 948 1919 in
965 1889 1086 1919 Codice.

395 1964 421 1983 c.
440 1953 489 1983 De
512 1953 609 1983 libero
632 1952 773 1989 arbitrio,
798 1952 912 1993 praevia
936 1953 1143 1994 capitulorum
1168 1957 1214 1983 ta-

459 2004 542 2035 bula.
567 2005 617 2035 fol.
639 2015 685 2042 14.

482 2055 562 2085 Ibid.
580 2060 656 2086 tom.
669 2055 687 2086 i.
706 2066 734 2096 p.
753 2064 820 2094 174.

395 2120 424 2149 d.
444 2119 491 2150 De
507 2118 768 2149 similitudinibus.
793 2118 843 2148 fol.
866 2118 909 2148 18.

480 2170 542 2201 Tit.
570 2176 587 2186 ⁴⁸
602 2169 719 2210 Incipit
743 2170 863 2200 curatio
886 2169 1123 2200 similitudinum
1147 2171 1213 2200 An-

459 2221 553 2258 selmi,
570 2221 792 2262 archicpiscopi
810 2221 1073 2254 Caiitual'iensis.”

482 2272 561 2303 Ibid.
580 2277 654 2303 tom.
669 2272 698 2302 ii.
715 2283 743 2313 p.
764 2274 828 2312 189.

395 2336 644 2378 c.Pr0slogiu111‚
669 2347 738 2367 cum
766 2336 893 2378 prologo
920 2341 951 2367 et
978 2336 1105 2367 elencho
1132 2335 1213 2377 capi-

457 2392 533 2418 tum.
558 2387 607 2417 fol.
628 2396 663 2427 27
680 2388 707 2418 b.

479 2439 559 2470 Ibid.
576 2445 652 2470 tom.
666 2439 682 2468 i.
702 2450 731 2479 p.
745 2449 797 2477 41.

394 2504 411 2534 f.
431 2504 655 2545 Monologium.
668 2504 788 2545 prawiis
799 2503 930 2544 epistola
941 2504 979 2534 ad
995 2503 1211 2539 Lanfrancum‚

456 2555 583 2596 prologo
600 2555 816 2597 capitulisque.
840 2555 890 2585 fol.
907 2565 944 2596 31
961 2556 989 2586 b.

479 2606 560 2636 Ibid.
578 2611 653 2637 tom.
667 2607 685 2637 i.
704 2618 732 2647 p.
745 2617 773 2648 3.

393 2676 422 2705 g.
440 2666 504 2696 Cur
527 2667 612 2697 Dous
635 2668 736 2703 homo,
762 2678 831 2697 cum
855 2667 981 2709 prologo
1004 2671 1036 2699 et
1059 2667 1211 2708 capitulis.

457 2716 506 2745 sol.
524 2726 575 2757 45.

480 2767 559 2797 lbid.
578 2773 652 2798 tom.
667 2768 685 2798 i.
705 2780 733 2809 p.
751 2769 819 2799 108.

1338 251 1370 282 h.
1388 251 1417 282 S.
1436 250 1576 282 Anselmi
1613 250 1691 280 liber
1724 249 1762 279 de
1797 249 1993 289 processione
2025 248 2160 290 Spiritus

1404 302 1525 337 Sancti,
1539 312 1608 332 cum
1624 300 1762 341 prologo.
1786 299 1837 329 sol.
1853 309 1905 340 59.

1427 353 1508 383 Ibid.
1525 357 1599 383 tom.
1613 352 1631 382 i.
1649 363 1678 393 p.
1694 360 1741 390 71.

1340 410 1359 439 i.
1377 409 1424 439 Dc
1453 413 1603 449 conceptu
1627 406 1770 447 virginali
1797 410 1829 437 et
1853 406 1994 447 originali
2020 411 2158 448 peccate,

1403 471 1472 491 cum
1489 459 1644 500 capitulis.
1668 458 1718 489 fol.
1737 460 1788 489 66.

1426 511 1507 541 Ibid.
1524 516 1600 541 tom.
1615 510 1634 540 i.
1651 521 1681 551 p.
1700 519 1765 550 143.

1339 567 1368 597 k.
1387 567 1434 597 De
1451 578 1523 596 casu
1540 565 1664 601 diaboli,
1683 576 1751 595 cum
1769 564 1922 605 capitulis.
1946 564 1997 595 fol.
2015 573 2064 604 72.

1428 618 1506 647 Ibitl.
1526 622 1601 647 tom.
1617 616 1636 646 i.
1654 627 1683 657 p.
1697 626 1746 656 91.

1338 673 1356 703 l.
1375 672 1422 702 Dc
1437 672 1579 705 veritato.
1597 682 1665 701 cum
1684 670 1811 712 prologo
1824 674 1855 701 et
1868 669 2022 712 capitulis.
2046 670 2096 701 fol.
2110 680 2159 711 79.

1425 725 1503 755 Ibid.
1521 729 1596 755 tom.
1610 724 1626 754 i.
1646 735 1676 765 p.
1694 724 1762 754 162.

1295 784 1553 819 2.S.Bc1·nardi‚
1581 783 1705 814 abbatis
1734 783 1989 819 Claraevallensis,
2017 782 2094 813 liber
2121 783 2159 813 de

1359 845 1464 865 amore
1482 834 1549 864 Dei.
1575 834 1626 864 fol.
1642 836 1690 874 83.

1402 884 1517 914 Exstat
1545 884 1684 924 impress.
1713 884 1796 914 inter
1822 894 1925 924 opera⁷
1953 883 2027 914 edit.
2057 882 2157 913 Paris.

1384 937 1472 975 1690,
1489 939 1564 966 tom.
1579 935 1609 965 ii.
1627 935 1684 965 eol.
1700 944 1769 975 243.

1294 1000 1323 1030 3.
1344 999 1497 1039 Exceptio
1514 998 1582 1028 libri
1601 998 1696 1028 Tullii
1714 999 1752 1029 (le
1768 998 1913 1029 amicitia.
1939 998 1988 1028 fol.
2007 1008 2056 1039 90.

1403 1049 1500 1089 Incip.
1519 1052 1537 1065 ⁴⁴
1550 1048 1732 1079 Amicitiam
1749 1049 1891 1079 omnibus
1907 1048 1999 1078 rebus
2014 1047 2157 1078 humanis

1379 1099 1608 1138 anteponatisf'

1294 1162 1321 1190 4.
1339 1160 1370 1190 S.
1388 1160 1539 1190 Bernardi
1557 1160 1688 1201 epistola
1703 1161 1743 1190 ad
1762 1160 1942 1197 Hcm‘icum,
1956 1159 2159 1200 archiepisco-

1357 1223 1431 1253 pum
1449 1212 1684 1243 senonensium.
1709 1212 1762 1242 fol.
1780 1222 1819 1252 92
1834 1213 1863 1242 b.

1401 1263 1517 1294 Exstat
1534 1264 1615 1294 inter
1631 1274 1734 1304 opera,
1753 1270 1826 1294 tom.
1840 1263 1859 1294 i.
1876 1263 1932 1294 col.
1943 1263 2015 1302 461.

1293 1326 1321 1353 5.
1343 1323 1535 1364 Excerptum
1552 1323 1590 1353 dc
1606 1322 1737 1362 epistola
1755 1322 1917 1353 Bel-nardi.
1941 1321 1992 1352 fol.
2009 1330 2047 1362 97
2063 1321 2093 1352 b.

1400 1374 1497 1415 Incip.
1515 1378 1533 1390 “
1546 1374 1718 1405 Confirmat
1736 1374 1821 1404 Deus
1836 1374 1868 1404 in
1883 1373 1970 1404 vobis
1986 1373 2129 1403 bonum.''

1292 1437 1322 1468 6.
1340 1437 1489 1478 Ejusdem
1507 1437 1582 1479 [sive
1604 1437 1675 1468 Gul.
1698 1437 1823 1468 abbatis
1841 1437 1872 1468 S.
1884 1436 2079 1478 Theoderici]
2096 1436 2158 1478 epi-

1356 1489 1437 1520 stola
1453 1489 1492 1519 ad
1511 1489 1641 1520 Fratres
1657 1490 1694 1520 de
1710 1496 1816 1520 monte
1833 1489 1900 1520 Dei.
1925 1489 1975 1519 fol.
1993 1489 2042 1530 98.

1401 1541 1516 1571 Exstat
1532 1540 1614 1571 intcr
1631 1552 1734 1582 opera,
1752 1546 1826 1571 tom.
1840 1541 1869 1571 ii.
1887 1541 1944 1572 col.
1963 1551 2030 1581 199.

1293 1601 1312 1610 ,η

1300 1611 1318 1631 A.
1340 1599 1487 1640 Ejusdem
1505 1600 1542 1629 (le
1564 1604 1721 1641 praecepto
1737 1605 1768 1631 et
1789 1600 2029 1641 dispensatione,
2046 1599 2086 1630 ad
2102 1599 2157 1630 ab·

1356 1651 1462 1681 batcm
1479 1650 1726 1682 Columbcnscm.
1751 1651 1801 1682 fol.
1823 1662 1892 1682 110.

1400 1701 1476 1731 lbid.
1494 1706 1569 1731 tom.
1584 1701 1603 1731 i.
1622 1701 1677 1731 col.
1692 1703 1763 1741 496.

1402 1753 1435 1782 lu
1453 1753 1546 1789 calce,
1563 1757 1581 1769 “
1596 1752 1733 1793 Explicit
1751 1753 1929 1783 Bornardus
1944 1753 1983 1783 de
2000 1755 2155 1794 praecepto

1376 1809 1408 1834 et
1424 1803 1683 1844 dispensationes*

1290 1866 1321 1895 8.
1339 1864 1432 1894 Liber
1460 1863 1695 1894 distinctionum
1724 1864 1762 1894 (le
1788 1864 1925 1900 diversis⁷
1950 1874 2021 1894 cum
2046 1863 2156 1894 tabula

1355 1914 1546 1955 posthabita.
1571 1913 1622 1943 fol.
1643 1922 1698 1953 117
1713 1913 1742 1943 b.

1399 1966 1498 2007 Incip.
1527 1972 1544 1982 ‘⁵
1558 1967 1700 2005 Quatuor
1731 1970 1803 1996 sunt
1830 1965 1959 2006 judicia,
1986 1965 2154 1996 secundum

1375 2017 1603 2059 praescientiam
1621 2017 1789 2047 secundum
1806 2016 1960 2047 causam.”

1290 2081 1318 2112 9.
1337 2078 1457 2119 Regula
1486 2077 1570 2108 beati
1603 2076 1720 2113 Basilii,
1752 2077 1815 2107 sive
1843 2076 2083 2108 Admonitiones
2112 2077 2154 2108 ad

1354 2130 1450 2160 filium
1467 2129 1505 2159 de
1522 2129 1632 2159 militia
1648 2128 1809 2169 spirituali.
1828 2127 1973 2169 [imperf]
1997 2127 2050 2158 fol.
2071 2136 2139 2166 124.

1397 2180 1493 2221 Incip.
1506 2180 1629 2215 ⁴⁵Audi,
1643 2179 1696 2215 fili,
1709 2178 1955 2209 admonicionem
1968 2177 2067 2219 patris
2079 2177 2153 2209 tui.”

1397 2230 1640 2260 Praemittuntur
1672 2229 1769 2259 codici
1799 2228 1980 2259 adversaria
2009 2228 2153 2269 quaedam

1375 2282 1550 2324 theologica
1566 2286 1597 2312 et
1614 2281 1724 2315 ethica.
1743 2280 1855 2311 nullius
1871 2280 1934 2311 scre
1950 2279 2109 2310 momenti.

1269 2445 1388 2478 Codex
1417 2444 1711 2482 membranaceus,
1736 2443 1769 2475 in
1791 2444 1851 2475 lto
1869 2441 2003 2481 minori,
2021 2439 2055 2474 ff.
2072 2442 2153 2479 118,

1293 2514 1359 2536 sec.
1376 2503 1444 2535 xiv.
1464 2502 1625 2535 ineuntis.

1311 2563 1467 2603 Anonymi
1493 2562 1653 2603 cujusdam
1672 2560 1697 2590 F
1700 2560 1780 2591 lores
1802 2560 1883 2591 beati
1904 2559 2066 2598 Bernardi,
2083 2570 2152 2590 cum

1332 2613 1523 2654 prael'ationc,
1541 2613 1571 2642 in
1591 2612 1685 2642 libros
1709 2611 1811 2652 plures
1834 2611 1992 2645 distincti;
2017 2610 2048 2641 in
2069 2610 2152 2641 calce

1293 2678 1296 2680 ·
1331 2665 1429 2695 mutil.

1376 2716 1475 2757 Incip.
1494 2714 1569 2756 prol.
1588 2719 1608 2732 ‘⁶
1622 2714 1699 2745 Cum
1723 2724 1784 2743 non
1808 2723 1906 2744 essem
1927 2712 2018 2744 alicui
2036 2711 2152 2743 exerci-

1353 2767 1399 2797 cio
1417 2777 1528 2808 magno
1545 2776 1637 2807 opere
1653 2765 1854 2805 occupatus.''
