2254 3117
607 130 844 166 COLLEGII
871 132 1249 171 BALLIOLENSIS.
1807 144 1827 177 9

390 230 536 265 XXXI.

24 291 142 330 C‘odex
170 294 463 334 membranaceus,
490 294 525 327 in
554 293 645 333 folio,
673 294 706 327 ff.
727 297 806 334 189,
838 305 913 329 sec:

48 365 116 393 xV.,
135 353 223 386 binis
245 352 414 386 columnis
436 356 618 391 exaratus;
645 364 689 386 ex
709 352 799 387 dono
816 353 906 386 Wil-

48 412 142 445 lelmi
163 411 266 456 Gray‚
285 422 339 455 ep.
359 409 518 444 Eliensis.

70 473 93 501 l.
112 471 261 512 Epistolae
283 469 440 501 canonicae
459 469 604 511 glossatae
626 481 663 499 ex
685 470 794 511 glossis
814 471 905 501 Sanc-

129 528 232 554 torum
255 522 395 558 Patrum,
419 531 549 562 quorum
572 521 698 551 nomina
721 521 815 551 minio
838 522 907 552 sub-

130 575 304 615 signanum,
334 572 503 603 secundum
536 572 665 603 fratrem
698 573 908 613 Augustinum

131 624 333 666 Triumphum
354 624 483 655 fratrem
500 623 538 654 dc
555 623 695 659 Ancona,
714 624 780 654 ord.
798 624 828 654 S.
845 625 909 655 Au-

131 677 255 717 gustini.
279 675 330 706 fol.
346 685 372 706 2.

176 728 269 769 Incip.
284 728 301 758 i.
319 732 338 744 “
353 727 391 757 In
407 738 537 768 persone
553 726 800 768 singularitate.”

175 779 280 810 Desin.
297 779 352 809 ult.
371 783 388 795 “
401 778 603 810 tabernacula
619 778 768 809 voravit.”

176 831 213 861 In
229 830 321 866 calco,
335 835 353 846 ‘⁴
364 829 502 871 Explicit
517 830 665 861 canonica
679 830 760 861 Jude
772 830 798 866 ;''
813 834 845 861 ct
861 831 911 861 de-

155 882 234 917 inde,
253 888 270 898 ⁵·
284 880 463 922 Expliciunt
479 881 609 922 epistole
625 881 771 912 canonice
791 881 911 923 glosatc

154 932 248 974 glosis
276 932 461 963 Sanctorum
491 932 660 962 secuudum
688 932 817 963 fratrem
845 933 909 963 Au-

155 983 313 1024 gustiuum
336 983 374 1013 de
398 983 538 1019 Ancona,
563 983 630 1013 ord.
654 983 760 1013 fratris
783 983 911 1014 heremi-

156 1040 259 1065 tarum
271 1034 377 1065 Sancti
390 1033 569 1075 Augustini,
580 1033 647 1064 Deo
657 1034 787 1075 gracias,
801 1035 912 1070 Anien,
942 1026 943 1030 Ἰ

157 1086 271 1122 Amen,
289 1085 419 1115 Amen?

180 1137 355 1167 Succedunt
372 1142 390 1153 ⁴·
401 1136 484 1167 tituli
505 1136 737 1167 dubitacionum
758 1147 850 1177 super
869 1136 913 1177 ip-
943 1127 944 1131 Ἰ

158 1199 207 1219 sas
223 1188 387 1219 canonicas
402 1188 540 1229 glosatas
556 1188 724 1218 secundum
741 1188 914 1229 predictum

160 1240 288 1270 fratrem
305 1239 545 1281 Augustinuni.”

185 1291 289 1321 Litera
305 1301 433 1332 quaeque
450 1290 577 1321 initialis
593 1290 678 1331 picta
694 1295 751 1321 cst.

76 1345 103 1372 2.
126 1343 156 1373 S.
173 1343 192 1373 ,J
198 1342 327 1373 ohannis
350 1342 556 1383 Apocalypsis
582 1342 720 1383 glossata
743 1354 782 1373 ex
807 1342 916 1383 glossis
945 1350 946 1353 ’

139 1394 325 1424 Sanctorum
352 1394 520 1424 secundum
547 1393 678 1424 eundem
705 1393 917 1435 Augustinum

139 1446 177 1475 de
193 1446 334 1476 Ancona.
357 1445 409 1475 fol.
426 1454 474 1485 73.

183 1497 278 1538 Incip.
302 1502 322 1515 “
337 1497 427 1528 Beati
449 1497 604 1527 Johannis
627 1497 824 1538 Evangelistc
848 1497 917 1527 doc—

162 1549 243 1579 trine
260 1548 470 1579 sinceritatem
484 1548 621 1579 utilitate
636 1552 732 1589 atquc
746 1548 918 1579 claritate.qq

183 1600 290 1631 Desin.
312 1604 331 1617 ‘⁶
346 1611 403 1641 pro
425 1611 482 1630 sua
505 1599 622 1640 pietate
643 1600 788 1640 dignetur
808 1600 918 1640 perdu-

162 1662 241 1689 cere,
258 1651 317 1691 Qui
333 1662 402 1682 cum
420 1650 546 1687 Patre,”
562 1656 621 1681 etc.

184 1702 364 1744 Sequuntur
376 1702 459 1734 tituli
475 1702 715 1737 dubitationum,
729 1702 838 1743 quibus
854 1713 919 1732 suc·
948 1693 950 1708 ³

164 1754 246 1785 cedit
269 1754 432 1795 colophon,
455 1758 473 1770 ‘⁴
487 1753 667 1795 Expliciunt
690 1753 773 1784 tituli
796 1753 919 1784 dubita-

164 1807 286 1837 cionum
314 1817 408 1848 supra
431 1805 643 1847 Apocalipsim
669 1806 837 1836 secundum
861 1806 921 1836 fra·
950 1811 951 1819 ¹

164 1862 244 1888 trem
263 1857 475 1899 Augustinum
496 1858 534 1888 de
556 1858 699 1893 Ancona,
722 1857 838 1888 ordinis
860 1857 921 1888 fra-

165 1913 248 1939 trum
270 1909 492 1940 heremitarum
514 1909 620 1940 Sancti
640 1909 818 1950 Augustini,
839 1919 921 1939 anno

166 1960 319 2001 completo
338 1969 428 2002 1432,
448 1971 486 1999 14
503 1960 626 1995 Marcii,
645 1961 712 1991 Deo
728 1960 823 1991 laus.”

397 2054 565 2088 XXXII.

48 2115 342 2155 Membranaceus,
361 2117 397 2150 in
415 2116 509 2156 folio,
528 2116 561 2149 ff.
577 2118 660 2156 409,
679 2127 744 2150 sec.
765 2116 822 2149 xii.
842 2127 924 2150 exc-

71 2174 179 2214 untis;
208 2185 251 2208 ex
270 2174 361 2207 dono
381 2173 481 2207 Will.
500 2186 553 2219 ep.
574 2174 730 2208 Eliensis.

89 2240 115 2269 1.
133 2239 163 2270 S.
176 2240 343 2280 Augustini
359 2239 600 2270 commentarius
615 2239 646 2269 in
662 2239 774 2270 librum
788 2239 925 2270 Psalmo-

151 2302 218 2321 rum
228 2302 324 2332 usque
333 2291 374 2322 ad
384 2291 475 2321 finem
486 2290 539 2321 Ps.
551 2301 623 2332 109;
639 2301 707 2321 cum
718 2290 855 2332 prologO.
867 2290 888 2321 f.
898 2300 924 2321 2.

194 2342 257 2373 Tit.
279 2347 297 2359 ‘⁴
311 2342 426 2383 Incipit
448 2341 594 2383 prologus
618 2341 735 2372 Aurelii
757 2341 926 2383 Augustini

173 2394 203 2424 in
219 2393 297 2424 libro
314 2394 539 2425 Psalmorum.”

195 2445 299 2475 Desin.
324 2445 355 2475 in
378 2445 490 2482 verbis,
514 2449 533 2462 “
547 2445 674 2486 laqueus
700 2445 853 2476 contritus
880 2448 927 2475 est

175 2502 206 2527 et
221 2507 277 2527 nos
292 2496 415 2527 liberati
431 2496 564 2526 sumus.”

197 2547 344 2589 Sequitur
366 2547 406 2578 ad
429 2547 480 2578 fol.
500 2547 555 2577 281
582 2547 669 2577 Petri
692 2547 836 2578 Cantoris
859 2559 929 2588 pro-

175 2599 263 2640 logus
277 2598 309 2629 in
323 2598 473 2634 Psalmos,
487 2598 578 2638 incip.
592 2604 610 2614 ⁴⁴
619 2598 729 2628 Flebat
739 2598 928 2635 J0ha11nes,”

176 2654 285 2690 postea
307 2661 380 2680 vero
405 2649 571 2680 revertitur
596 2649 699 2690 glossa
723 2649 763 2680 ad
788 2650 840 2680 Ps.
861 2661 871 2680 1
882 2660 928 2687 10,

178 2706 195 2717 ⁴⁴
206 2700 337 2742 Tytulus
347 2700 438 2742 hujus
451 2699 559 2742 psalmi
570 2704 670 2740 patet,
677 2700 728 2740 qui
737 2704 785 2731 est
795 2701 930 2741 psalmus

179 2750 279 2782 David
290 2751 319 2787 3⁵³
338 2755 370 2782 et
385 2750 585 2782 continuatur
599 2750 640 2781 ad
656 2750 747 2781 finem
764 2750 917 2782 Psalterii.

1082 234 1189 266 Dcsin.
1217 241 1234 253 ‘⁸
1248 236 1408 277 Tanquam
1439 235 1499 267 duo
1529 236 1672 278 parietes,

1063 287 1139 317 libro
1156 287 1196 318 sit
1212 288 1277 318 laus
1293 292 1324 319 et
1338 289 1436 329 gloria
1451 288 1605 320 Cliristo.”

1002 363 1007 368 .
1029 339 1115 370 Petri
1137 340 1280 371 Cantoris
1306 340 1487 371 Parisicnsis
1513 340 1615 381 glossa
1640 339 1670 370 in
1694 339 1745 370 Ps.
1764 351 1827 369 xcv.

1042 391 1092 420 fol.
1106 401 1177 432 390.

1085 440 1180 481 Incip.
1197 445 1216 458 “
1232 441 1351 477 Venite,-
1374 442 1456 472 Laus
1471 441 1592 473 Cantici
1609 441 1665 483 ipsi
1681 442 1809 473 David*

980 491 1008 520 8.
1026 490 1173 532 Ejusdem
1190 492 1220 522 in
1237 493 1329 529 istud,
1346 497 1354 510 ‘
1367 493 1528 535 Signatum
1545 494 1611 524 est.7
1634 493 1684 524 fol.
1698 504 1768 534 391.

1087 542 1183 584 Incip.
1201 547 1219 560 ‘⁶
1230 543 1281 573 Ad
1297 544 1487 584 questionem
1503 544 1712 575 secularium?

982 595 1010 624 4.
1027 593 1176 635 Ejusdem
1192 594 1221 624 in
1238 594 1291 624 Ps.
1305 595 1382 626 xcvi.
1399 600 1430 626 et
1446 596 1533 626 xcvii.
1558 596 1607 626 fol.
1620 606 1691 637 392.

1088 645 1186 686 Incip.
1203 650 1221 662 “
1232 645 1373 676 Psalmns
1388 647 1499 683 David,
1516 648 1638 688 quando
1654 648 1793 678 domus.’'

981 699 1010 729 5.
1028 698 1175 739 Ejusdem
1192 697 1285 728 Ratio
1301 698 1592 739 quinquagenarum.
1615 699 1665 729 fol.
1677 710 1747 740 394.

1088 748 1185 790 Incip.
1211 753 1229 766 “
1244 749 1347 779 Onmz's
1371 750 1517 790 spiritus,-
1547 750 1700 791 angelicus
1724 756 1755 781 et
1778 751 1832 781 hu-

1066 812 1193 838 manus3
1213 800 1313 831 laudet
1326 800 1507 835 Domsinmm
1532 801 1582 842 qui
1599 813 1658 832 non
1674 802 1731 832 nisi
1747 802 1834 842 spiri-

1068 852 1222 883 tualiter.”

1726 237 1828 268 Finito

979 339 998 368 20

941 916 942 923 ¹
983 902 1012 933 6.
1030 902 1178 943 Ejusdem
1194 901 1225 931 in
1241 901 1324 932 istud
1341 901 1392 932 Ps.
1405 901 1506 937 lxxvi„
1522 905 1530 920 ⁴
1541 902 1666 933 Notus.’
1689 903 1708 933 f.
1722 913 1779 943 394
1795 904 1822 933 b.

1090 953 1188 994 Incip.
1205 957 1226 971 ‘⁵
1239 954 1357 987 Notum
1383 952 1419 983 In
1439 953 1529 983 finem
1545 957 1576 984 et
1593 953 1623 983 in
1640 954 1834 987 carminibus,

1070 1005 1223 1036 canticum
1240 1004 1368 1045 Asaph3
1391 1004 1526 1045 psalmus
1541 1006 1580 1035 ad
1597 1005 1759 1036 Assirios.''

986 1058 1014 1089 7.
1031 1056 1180 1097 Ejusdem
1196 1054 1227 1085 in
1242 1055 1325 1086 istud
1343 1059 1351 1073 ⁶
1363 1054 1471 1091 Voce‚'
1485 1054 1536 1086 Ps.
1549 1055 1649 1086 lxxvii.
1673 1057 1722 1086 fol.
1738 1058 1835 1097 3951».

1091 1107 1189 1148 Incip.
1214 1106 1283 1137 “In
1303 1106 1394 1138 finem
1418 1107 1552 1148 psalmus
1574 1107 1681 1149 Asaph
1703 1119 1757 1149 pro
1779 1109 1839 1139 Idi-

1072 1159 1182 1191 thun.”

988 1212 1017 1242 8.
1034 1210 1164 1241 Cantica
1181 1209 1285 1246 Sacra,
1302 1220 1371 1240 cum
1386 1209 1494 1251 glossis
1513 1210 1731 1251 marginalibus
1749 1211 1839 1241 inter-

1051 1260 1289 1300 linearibusque.
1313 1259 1364 1290 fol.
1377 1260 1448 1300 398.

1094 1310 1192 1352 Incip.
1217 1314 1235 1327 “
1248 1310 1408 1351 Cowfitebor
1429 1309 1483 1340 tibi
1496 1323 1506 1343 ,·
1534 1309 1777 1351 prophetaverat
1800 1311 1842 1340 Y-

1073 1362 1187 1393 saias.”

989 1415 1016 1447 9.
1035 1413 1213 1455 Symbolum
1226 1412 1482 1450 Athanasianum,
1497 1423 1565 1443 cum
1581 1417 1752 1443 commento
1766 1412 1841 1443 Bru-

1053 1465 1141 1496 nonis
1158 1464 1398 1506 Herbipolensis.
1423 1464 1474 1495 fol.
1486 1465 1547 1503 406
1561 1464 1589 1494 b.

1097 1517 1194 1558 Incip.
1218 1516 1310 1557 gloss.
1334 1520 1352 1532 ‘⁴
1367 1515 1429 1546 Hic
1454 1515 1564 1546 beatus
1588 1515 1757 1547 Atanasius
1784 1515 1845 1545 suis

1075 1566 1237 1597 liberum.''

1098 1617 1256 1659 Sequitur,
1290 1627 1383 1647 manu
1415 1616 1521 1652 altera,
1555 1615 1657 1657 glossa
1689 1615 1719 1645 in
1753 1615 1845 1650 istud,

1079 1673 1099 1688 “
1110 1668 1290 1700 Benedicite
1302 1667 1405 1698 omnia
1420 1678 1514 1708 opera
1526 1666 1651 1698 Domini
1662 1680 1669 1701 ς
1691 1666 1743 1696 Ad
1756 1666 1846 1697 aliam

1077 1719 1334 1762 significationem
1350 1719 1408 1750 dici
1425 1730 1480 1760 per
1494 1718 1737 1749 accusaturum.“'

1318 1831 1504 1866 XXXIII.

973 1895 1094 1930 Codex
1112 1895 1403 1934 membranaceus,
1422 1895 1457 1928 in
1475 1894 1557 1928 folio
1575 1895 1703 1939 majori,
1722 1893 1755 1927 ff.
1769 1896 1846 1927 3513.

997 1965 1063 1987 sec.
1082 1954 1149 1986 xiv.
1169 1953 1338 1991 exeuntis,
1357 1952 1445 1986 binis
1469 1952 1636 1986 columnis
1660 1952 1746 1985 bene
1769 1963 1849 1985 exa-

951 2026 953 2034 <
998 2016 1113 2047 ratus:
1132 2023 1176 2044 ex
1192 2010 1307 2056 legato
1325 2009 1378 2044 M.
1389 2010 1411 2043 J
1414 2010 1556 2044 ohannis
1568 2009 1756 2045 VValtham,
1771 2009 1848 2041 sub-

998 2070 1119 2103 decani
1137 2068 1219 2103 eccl.
1237 2068 1339 2102 Ebor.
1357 2069 1528 2113 quondam
1547 2067 1622 2101 coll.
1638 2067 1723 2101 Ball.
1743 2067 1831 2100 socii.

1016 2138 1161 2169 Gulielmi
1182 2137 1388 2178 Notingham,
1409 2137 1472 2168 sive
1492 2137 1707 2177 Snotingham,
1722 2136 1759 2166 do
1779 2146 1847 2166 con-

1038 2188 1143 2220 cordia
1167 2188 1447 2230 Evangelistarum,
1475 2188 1538 2218 sive
1563 2186 1846 2218 commentariorum

1039 2251 1131 2281 super
1146 2239 1304 2280 evangelia
1319 2239 1388 2269 libri
1405 2239 1454 2269 xii.

1082 2291 1179 2332 Incip.
1204 2291 1288 2321 “Da
1316 2290 1390 2320 mihi
1415 2289 1601 2320 intellectum
1625 2293 1655 2319 ct
1682 2287 1847 2318 scrutabor.

1060 2347 1118 2374 etc.
1158 2342 1326 2384 Dionysius
1342 2342 1380 2372 de
1395 2341 1504 2372 divinis
1524 2340 1695 2371 nominibus
1715 2338 1848 2379 capitulo

1062 2398 1094 2435 3ο
1109 2393 1214 2424 dicits*

1082 2444 1188 2475 Desin.
1206 2449 1226 2462 “
1240 2444 1280 2475 ad
1302 2444 1382 2474 dona
1405 2443 1589 2483 sempiterna
1611 2440 1773 2481 pervenire.
1791 2450 1848 2479 quo

1062 2495 1215 2526 Dominus
1232 2496 1296 2536 ipse
1313 2494 1463 2537 promisit,
1481 2493 1551 2534 Ipso
1567 2491 1730 2532 adjuvante
1742 2491 1769 2523 ;”
1790 2494 1848 2520 etc.

1085 2546 1122 2576 In
1138 2546 1230 2582 calce,

989 2601 1007 2614 “
1021 2596 1082 2627 Hic
1098 2596 1273 2637 postillatus
1289 2593 1479 2635 evangelicus
1494 2592 1568 2622 liber
1583 2591 1650 2623 isto.

1022 2647 1081 2678 Est
1093 2653 1330 2678 consummatus.
1360 2645 1407 2675 Sit
1418 2644 1484 2674 laus
1500 2647 1530 2673 et
1543 2642 1639 2671 honor
1651 2641 1707 2671 tibi
1720 2641 1849 2675 Christo.

1024 2698 1273 2740 Scriptoremque
1289 2696 1345 2728 tibi
1360 2696 1407 2726 fac
1423 2694 1512 2734 hujus
1528 2692 1625 2723 vivere
1640 2696 1774 2733 gratum,

1023 2751 1071 2781 Ac
1086 2750 1226 2781 William
1241 2749 1280 2780 N.
1296 2748 1343 2779 cui
1360 2745 1512 2782 scribitur,
1527 2755 1592 2775 csse
1608 2743 1759 2775 bcatumf*

1078 2812 1099 2837 C
