2254 3117
630 160 871 195 COLLEGII
898 161 940 195 M
948 162 1112 198 ΕΚΤΟΝ
1120 165 1273 201 ENSIS.

104 257 122 287 i.
140 256 190 288 De
205 258 423 297 grammatico,
432 258 473 289 ad
490 258 616 289 modum
632 259 757 300 dialogi.
781 259 832 290 sol.
848 260 888 299 84
899 260 928 290 b.
955 277 959 310 ¹

192 309 273 340 Ibid.
290 320 321 350 p.
338 319 408 340 211.

103 364 133 394 k.
151 364 214 395 Cur
238 365 326 395 Dens
350 364 442 395 homo
467 364 536 395 libri
565 365 636 402 duo,
654 376 723 396 cnm
747 366 876 408 prologo
897 371 929 398 et

167 415 321 456 capitulis.
345 415 396 446 fol.
414 426 464 455 91.

190 467 272 497 Ibid.
289 478 318 508 p.
335 467 402 497 108.

81 522 100 552 l.
119 521 169 552 De
186 526 316 564 peccato
329 522 482 563 originali,
494 533 564 553 cum
581 523 726 564 capitulis
742 528 774 555 et
791 524 928 566 prologo.

167 574 218 604 fol.
240 583 308 614 117.

188 624 269 655 Ibid.
286 636 317 666 p.
337 635 402 665 143.

101 690 141 709 m.
160 679 303 721 Epistola
318 681 359 710 ad
376 680 533 721 Virgines.
558 681 609 711 fol.
634 692 688 721 127
704 682 732 712 b.

188 731 286 772 Incip.
304 735 323 748 “
338 731 448 762 Omnis
463 731 546 762 actio
566 732 760 764 laudabilis.''

60 792 89 820 Q.
106 791 263 821 -Johannis
282 791 470 822 Damasceni
494 791 572 822 liber
595 793 633 823 de
656 793 716 824 fide
740 794 928 833 orthodoxa,

122 843 235 873 Latine
259 843 401 874 redditus
425 854 444 873 a
470 844 694 885 Burgundione
716 846 840 884 Judice,
865 847 929 878 cive

124 894 250 931 Pisano,
266 905 336 925 cum
352 894 506 935 capitulis.
532 894 583 924 fol.
601 897 658 925 128
672 896 702 926 b.

164 953 226 984 Tit.
248 958 269 971 ‘⁶
282 954 439 985 ‚Iohannis
460 954 660 993 Damasceni,
679 956 730 997 qui
748 957 928 996 Cumanair‚
957 971 958 977 ¹

142 1005 220 1036 liber
240 1005 349 1047 incipit
370 1006 401 1036 in
424 1017 485 1047 qno
505 1010 552 1037 est
569 1007 701 1038 tradicio
717 1013 805 1040 certa
818 1010 925 1040 ortho-

143 1057 224 1087 doxe
239 1057 310 1088 fidei
327 1057 471 1098 capitulis
493 1058 591 1088 divisa
607 1063 732 1090 centum
748 1071 767 1091 a
784 1060 926 1102 Burgun-

142 1109 233 1139 dione
250 1108 372 1145 Judice,
390 1109 454 1139 cive
473 1109 599 1146 Pisano,
616 1110 655 1141 (16
672 1111 773 1142 Greco
791 1112 822 1142 in
840 1112 926 1144 Lati-

142 1171 217 1190 num
240 1161 366 1191 domino
390 1161 488 1191 tercio
511 1161 652 1203 Eugenio
676 1162 756 1194 bone
779 1164 927 1195 memorie

141 1223 224 1254 papa
239 1213 440 1244 translatus.”

164 1273 203 1303 In
233 1273 327 1309 calce,
360 1273 534 1314 “Explicit
566 1274 644 1305 liber
675 1275 829 1307 Johannis
861 1277 926 1308 Da-

141 1325 305 1355 mascem.”

57 1394 86 1422 3.
104 1392 238 1432 Quidam
260 1403 375 1433 parvus
398 1396 555 1423 tractatus
578 1393 617 1423 de
636 1393 805 1425 virtutibus
828 1395 927 1426 cardi-

119 1443 252 1474 nalibus.
279 1443 332 1474 fol.
355 1453 407 1484 191
424 1443 454 1474 b.

163 1502 263 1543 Incip.
289 1501 466 1533 “Plotinus
489 1502 571 1533 inter
594 1503 789 1545 philosophie
810 1505 926 1546 profes-

140 1565 225 1584 sores
245 1564 315 1584 eum
332 1553 466 1584 Platone
489 1554 633 1595 princeps
656 1554 688 1585 in
711 1555 790 1586 libro
813 1557 851 1587 de
868 1557 926 1587 vir-

140 1605 290 1636 tutibus?

406 1688 547 1723 XLVI.

34 1758 154 1792 Codex
172 1758 467 1798 membranaceus,
484 1760 518 1792 in
539 1759 622 1793 folio
641 1760 776 1797 minori.
793 1761 826 1795 ff.
842 1764 923 1802 185,

59 1829 124 1851 sec.
144 1818 204 1851 xii.
224 1818 396 1857 ineuntis3
426 1818 514 1851 binis
540 1818 712 1852 columnis
735 1820 845 1854 nitide
864 1832 924 1854 ex-

58 1881 184 1909 aratus.

76 1936 107 1966 S.
125 1936 287 1973 Bernardi,
318 1936 443 1968 abbatis
474 1937 732 1975 Claraevallensis,
763 1950 923 1971 sermones

96 1998 188 2028 super
204 1987 334 2018 Cantica
350 1987 562 2025 Canticorum,
577 2000 707 2020 numero
722 2001 776 2021 sex
792 1995 824 2021 et
837 1996 921 2022 octo-

95 2038 194 2079 ginta,
211 2040 327 2080 praevia
343 2039 550 2081 capitulorum
566 2041 685 2072 tabula.

138 2097 200 2129 Tit.
217 2103 237 2116 “
253 2098 369 2140 Incipit
394 2099 472 2130 liber
496 2100 581 2131 beati
607 2100 769 2137 Bernardi‚
795 2102 920 2135 abbatis

116 2149 208 2190 primi
225 2149 403 2181 Clarevallis
420 2162 514 2193 super
529 2151 661 2183 Cantica
673 2152 906 2184 Canticorum.”

138 2202 277 2233 Exstant
293 2203 375 2234 inter
390 2214 497 2243 opera,
519 2205 610 2244 1690,
626 2208 702 2235 tom.
715 2205 734 2235 i.
752 2205 807 2236 col.
828 2207 917 2245 1267.

138 2252 351 2284 Praemittitur
376 2258 392 2271 ‘⁶
407 2254 516 2284 Sermo
547 2254 717 2285 visitatoris
742 2256 788 2286 vel
818 2257 919 2297 cujus-

116 2313 236 2344 cunque
255 2304 367 2344 prelati
390 2305 429 2335 ad
454 2305 606 2342 subditos,
624 2306 730 2347 paucis
747 2307 848 2338 verbis
864 2308 918 2338 im-

116 2354 244 2385 mutatis
260 2355 306 2386 vel
322 2356 475 2387 oxnissis.”

138 2413 239 2454 Incip.
264 2414 425 2445 “Fratres
452 2426 537 2446 meos
565 2426 675 2456 quero,
700 2416 782 2447 Gen.
799 2418 917 2459 xxxvij.

116 2465 168 2495 ubi
199 2466 346 2497 scribitur
375 2467 458 2507 quod
489 2467 509 2497 J
512 2467 608 2508 oseph
638 2468 829 2508 penultimus
858 2470 918 2501 fra-

115 2518 231 2547 trum.”

138 2576 177 2606 In
190 2576 330 2617 margine
352 2577 409 2615 184
426 2577 574 2615 inferiori,
589 2582 606 2594 ‘⁴
620 2577 689 2609 Deo
704 2579 835 2620 gratias,
849 2591 918 2621 per—

114 2625 229 2666 legitur
244 2626 294 2657 hic
310 2627 388 2657 liber
402 2638 485 2657 anno
505 2629 593 2669 1469.
613 2639 650 2667 19
668 2629 717 2660 die
729 2630 896 2671 Augusti.”

136 2686 296 2728 Sequitur,
314 2692 331 2703 “
345 2687 478 2718 Collatio
501 2688 539 2718 de
561 2688 594 2718 S.
612 2688 783 2720 Bernardis
794 2703 802 2727 3
825 2690 917 2733 incip.

114 2736 164 2768 De
181 2737 263 2768 omni
280 2738 371 2769 corde
387 2749 443 2769 suo
462 2738 601 2770 laudavit
618 2739 809 2778 Dominum3
833 2742 916 2774 Eccl.

114 2787 195 2829 xlvij.
211 2787 376 2819 Karissimi
393 2793 428 2820 ut
443 2789 489 2820 ait
505 2790 648 2832 egregius
664 2792 874 2832 predicator.”

1820 177 1862 207 31

1342 266 1501 302 XLVII.

958 334 959 364 l
978 332 1099 367 Codex
1118 337 1413 378 membranaceus,
1427 339 1460 371 in
1475 340 1545 377 4to,
1562 339 1595 373 ff.
1608 343 1690 381 284,
1710 353 1776 376 sec.
1789 354 1865 378 xv.:

1004 395 1087 429 olim
1107 395 1280 431 willelmi
1301 398 1462 445 Romscy,
1484 406 1501 419 ‘⁶
1517 413 1619 445 quem
1640 403 1712 437 fieri
1734 404 1850 438 fecit.''

1023 462 1051 492 1.
1069 462 1222 493 Bernardi
1239 464 1277 494 de
1295 464 1457 495 Gordonio
1474 466 1551 498 liber
1572 468 1611 498 de
1632 471 1868 501 conservatione

1086 513 1157 544 vitae
1174 514 1327 545 liumanae.
1352 516 1404 546 fol.
1426 527 1448 546 1.

1130 564 1229 606 Incip.
1240 570 1257 582 ‘⁶
1269 566 1445 597 Secundum
1463 568 1670 601 intencionem
1685 571 1866 602 Aristotelis

1107 615 1208 657 primo
1225 616 1439 648 Ethicorum.”

1130 667 1167 697 In
1183 668 1278 705 calce,
1293 673 1312 685 “
1326 669 1463 710 Explicit
1480 670 1557 701 liber
1573 672 1611 702 de
1627 675 1865 704 conservacione

1106 719 1168 750 vite
1185 720 1319 751 humane
1335 721 1438 752 editus
1453 733 1472 752 a
1490 724 1640 764 magistro
1650 725 1812 757 Bel-nardo
1828 727 1866 757 (10

1106 770 1280 808 Gordonio,
1293 771 1334 802 sit
1350 783 1461 802 nomen
1476 772 1602 805 Domini
1619 776 1816 807 benedictum
1833 777 1865 807 in

1105 822 1227 857 secula;
1254 823 1387 853 Anien.”

1019 880 1038 908 20

1041 903 1049 909 .
1068 878 1299 920 Breviloquium
1318 880 1356 910 de
1372 880 1540 912 virtutibus
1561 884 1760 925 antiquorum
1782 886 1863 926 prin-

1082 930 1184 971 cipum
1200 941 1234 961 ae
1251 930 1515 972 philosophorum.
1540 933 1592 963 fol.
1606 946 1656 973 49.

1126 981 1227 1023 Incip.
1245 986 1262 998 ‘²
1276 982 1431 1021 Quoniam
1458 983 1669 1015 misericordia
1695 990 1726 1016 et
1750 987 1863 1018 veritas

1102 1032 1313 1063 custodiunt.”

1017 1101 1046 1131 3.
1064 1101 1297 1142 Breviloquium
1310 1101 1349 1132 (16
1365 1102 1519 1143 sapientia
1536 1107 1724 1134 sanctorum.
1749 1106 1862 1136 10168.

1126 1152 1226 1194 Incip.
1243 1157 1263 1170 ‘⁶
1278 1153 1355 1184 Cum
1369 1154 1439 1184 vani
1463 1154 1526 1184 sint
1549 1165 1656 1186 omnes
1671 1156 1809 1188 homines
1831 1159 1861 1188 in

1102 1205 1214 1245 quibus
1230 1215 1292 1235 non
1308 1205 1386 1235 ests*

1123 1256 1163 1286 In
1183 1256 1278 1294 calce,
1295 1257 1464 1298 “Explicit
1487 1258 1711 1299 breviloquium
1734 1260 1772 1290 (16
1796 1261 1861 1302 phi-

1102 1307 1246 1349 losophia
1261 1308 1325 1339 sive
1341 1309 1472 1340 scicntia
1489 1313 1702 1341 sanctoru1n.”

1019 1378 1048 1407 4.
1065 1378 1096 1408 S.
1110 1377 1275 1414 Bernardi,
1292 1377 1418 1409 abbatis
1434 1378 1690 1418 Claraevallensis‚
1708 1392 1863 1412 sermones

1082 1428 1143 1460 xvi.
1160 1429 1191 1459 in
1207 1429 1367 1460 Psalmum
1384 1441 1430 1460 xc.
1456 1430 1515 1469 Qui
1532 1430 1666 1462 habitat.
1690 1432 1741 1462 fol.
1760 1441 1808 1474 73.

1126 1479 1264 1511 Exstant
1280 1480 1362 1511 inter
1378 1492 1484 1522 opera,
1501 1484 1576 1512 tom.
1591 1482 1610 1512 i.
1628 1483 1683 1514 601.
1699 1484 1769 1523 827.

1019 1552 1049 1580 5.
1068 1548 1218 1590 Ejusdem
1234 1549 1425 1579 tractatulus
1441 1560 1534 1590 super
1550 1549 1727 1587 Canticum,
1740 1551 1864 1593 Magni-

1078 1600 1163 1631 ficat.
1185 1600 1238 1630 fol.
1260 1609 1329 1641 105.

1125 1651 1242 1682 Exstat
1258 1651 1332 1682 ibid.
1349 1656 1425 1683 tom.
1438 1652 1468 1683 ii.
1487 1653 1542 1683 eol.
1558 1654 1630 1694 763.

1028 1732 1037 1747 -ι

1018 1720 1045 1751 (’.
1064 1720 1094 1750 S.
1111 1720 1269 1750 Johannis
1296 1720 1512 1762 Cln'ysostomi
1542 1722 1630 1760 liber⁷
1658 1724 1741 1764 quod
1773 1736 1861 1755 nemo

1080 1772 1206 1803 laeditur
1239 1772 1297 1802 nisi
1328 1784 1347 1803 a
1377 1773 1489 1814 seipso,
1513 1785 1670 1815 anonymo
1701 1776 1753 1815 [an
1787 1778 1861 1806 Am-

1079 1823 1184 1854 brosio
1201 1824 1445 1865 Camaldulensi]
1465 1825 1657 1857 traductore.
1684 1827 1735 1856 fol.
1758 1838 1823 1867 ¹09·

1123 1875 1223 1916 Incip.
1242 1880 1260 1892 “
1274 1875 1344 1906 Scio
1360 1877 1443 1917 quod
1460 1877 1664 1908 crassioribus
1686 1878 1717 1908 in
1736 1879 1861 1919 quibus-

1101 1937 1160 1967 que
1176 1931 1208 1957 et
1224 1928 1378 1968 presentis
1394 1928 1488 1958 vite.''

1124 1978 1335 2009 Praemittitur
1352 1978 1466 2009 Isidori
1483 1980 1696 2011 testimonium
1718 1992 1756 2011 ex
1776 1986 1860 2012 cata-

1099 2030 1170 2071 logo
1192 2030 1328 2061 virorum
1351 2031 1518 2062 illustrium
1544 2031 1582 2062 de
1605 2032 1698 2063 beato
1716 2033 1859 2064 Johanne

1099 2081 1333 2122 Chrysostomo.

1014 2150 1041 2180 7.
1060 2148 1209 2190 Ejusdem
1226 2149 1264 2180 de
1280 2150 1480 2190 reparatione
1496 2149 1575 2191 lapsi
1592 2150 1683 2180 libelli
1700 2151 1771 2186 (luo,
1785 2161 1858 2180 ano-

1076 2212 1169 2242 nymo
1184 2201 1366 2243 interprete.
1390 2202 1441 2232 fol.
1460 2212 1516 2240 110
1530 2203 1558 2233 b.

1119 2252 1217 2294 Incip.
1233 2257 1253 2270 ‘⁴
1265 2253 1341 2292 Quis
1354 2253 1451 2289 dabit,
1465 2256 1524 2284 etc.
1550 2253 1743 2293 Oportunius
1760 2254 1856 2284 multo

1096 2314 1116 2334 a
1131 2314 1180 2334 me
1197 2315 1278 2334 nunc
1295 2316 1388 2345 quam
1405 2305 1509 2335 tunc.”

1119 2355 1157 2385 In
1175 2355 1269 2392 calce,
1287 2360 1305 2374 “
1320 2356 1458 2397 Explicit
1481 2356 1558 2387 liber
1580 2356 1732 2386 secundus
1755 2356 1793 2385 ‹lc
1809 2367 1856 2384 rv-

1095 2406 1261 2448 paracione
1277 2407 1356 2448 lapsi
1369 2408 1409 2438 ad
1422 2408 1620 2438 Theodorum
1637 2406 1854 2436 monaclmm.”

1010 2475 1038 2505 8.
1058 2474 1207 2515 Ejusdem
1231 2475 1363 2516 epistola
1385 2476 1426 2506 ad
1443 2475 1642 2506 Theodorum
1657 2473 1852 2503 monachum.

1073 2526 1122 2557 fol.
1142 2527 1199 2567 138
1213 2526 1242 2557 b.

1119 2577 1221 2619 Incip.
1248 2577 1312 2608 “Si
1338 2577 1429 2608 fletus
1460 2577 1559 2618 possit
1586 2581 1617 2606 et
1641 2576 1776 2616 gemitus
1800 2588 1854 2617 per

1094 2627 1202 2658 literas
1218 2628 1389 2658 nunciari.”

1010 2697 1039 2729 9.
1056 2696 1205 2737 Ejusdem
1229 2697 1267 2728 de
1292 2696 1529 2738 compunctione
1556 2695 1657 2725 cordis
1684 2695 1754 2725 libri
1781 2695 1852 2726 duo.

1073 2747 1125 2778 fol.
1144 2757 1212 2788 143.

1116 2797 1214 2840 Incip.
1233 2803 1252 2817 “
1267 2798 1349 2830 Cum
1364 2803 1395 2829 te
1411 2798 1545 2835 intueor,
1560 2798 1652 2828 beate
1668 2797 1840 2829 Demetrif
