2254 3117
321 152 366 184 34
878 146 1179 183 CATALOGUS
1206 148 1441 184 CODICUM
1468 149 1577 184 MSS.

425 247 521 288 Incip.
538 250 617 278 text.
644 252 661 263 ‘²
678 245 725 276 De
750 249 878 286 peccato
905 245 936 275 in
958 246 1105 287 generali.
1153 246 1200 278 Ut

402 297 483 328 enim
512 297 645 328 habetur
674 296 706 326 in
728 295 835 336 regula
862 296 947 326 beati
971 296 1071 336 patris
1098 297 1197 328 Fran-

402 348 512 382 cisni?
534 350 569 378 ut
584 347 616 377 in
632 347 699 378 cod.
716 347 786 377 MS.
804 346 899 377 Rawl.
917 347 951 378 C.
971 349 1043 387 670.

422 399 530 430 Desin.
549 399 662 429 “illius
678 398 873 429 sanctissime
896 398 1050 433 civitatis;
1076 399 1197 435 Amen;

402 450 534 480 Amen.''

425 502 615 542 Sequuntur,

338 565 366 584 a.
385 552 505 583 Tabula
520 552 622 593 operis
638 552 809 593 supradicti
824 551 1032 593 alphabetica.

338 609 366 638 b.
386 607 530 638 Homiliae
546 607 654 637 breves
678 607 731 638 xli.
754 607 786 637 in
810 607 981 638 Dominicis
1006 611 1038 638 et
1061 607 1158 645 sestis,
1180 619 1200 639 a

400 657 563 689 Dominica
579 658 597 688 i.
614 658 786 695 Adventus,
805 669 901 699 usque
923 658 964 689 ad
987 658 1018 689 S.
1036 659 1199 690 Trinitatis

401 710 515 740 festum
531 708 688 739 inclusive.

421 760 518 800 Incip.
542 759 563 789 i.
589 764 606 776 ‘⁶
623 759 704 790 Ecce
731 771 786 790 rex
806 763 898 797 tuus3
932 765 990 792 etc.
1048 761 1199 792 Videmus

400 811 481 852 quod
497 811 527 840 in
544 810 626 851 regis
642 810 787 841 absencia
803 811 913 842 crescit
926 812 1057 853 *plebisff'

422 862 494 892 Des.
508 861 562 892 ult.
583 868 600 878 ⁵*
612 861 671 902 ipsi
688 862 840 903 recipiant
855 874 910 893 nos
925 863 956 894 in
972 867 1080 895 eterna
1096 864 1198 895 taber-

399 912 537 943 nacula.”

711 986 812 1020 LIII.

316 1049 435 1082 Codex
464 1048 758 1088 membranaceus,
788 1049 822 1081 in
850 1048 942 1088 folio,
969 1048 1003 1083 ff.
1023 1051 1103 1085 221,
1131 1060 1196 1082 sec.

339 1106 422 1146 xiii„
435 1106 524 1139 binis
538 1105 708 1139 columnis
722 1105 831 1138 nitide
849 1110 1009 1139 exaratus
1022 1117 1029 1145 ;
1048 1117 1093 1139 ex
1108 1106 1197 1139 dono

340 1164 428 1197 Rob.
448 1163 476 1197 F
479 1163 665 1208 lemmyng.

358 1224 385 1254 1.
404 1223 434 1254 S.
449 1223 593 1264 Gregorii
610 1223 720 1264 Magni
737 1233 825 1263 papae
844 1223 867 1253 I.
888 1223 1033 1253 Homiliae
1049 1223 1079 1253 in
1097 1223 1197 1253 Evan-

418 1274 531 1316 gelicas
547 1273 694 1304 lectiones
712 1274 931 1315 quadraginta,
948 1274 1063 1315 praevia
1079 1275 1196 1315 capitu-

419 1326 518 1356 lorum
540 1325 602 1356 sive
622 1330 765 1356 textuum
790 1326 907 1362 tabula,
931 1337 1050 1356 necnon
1066 1326 1197 1367 epistola

417 1377 458 1408 ad
475 1376 692 1407 Secundinum.
717 1376 767 1406 fol.
784 1386 812 1417 3.

462 1428 523 1458 Tit.
551 1433 567 1444 ‘⁴
579 1427 692 1468 Incipit
722 1427 854 1468 prefatio
885 1427 915 1457 in
946 1427 985 1457 xl.
1015 1427 1196 1458 omeliarum

441 1479 524 1509 beati
542 1479 683 1520 Gregorii
700 1479 807 1520 pape.”

463 1531 600 1561 Exstant
624 1531 762 1571 impress.
785 1530 866 1561 inter
881 1540 984 1571 opera,
1009 1534 1083 1560 tom.
1102 1530 1121 1560 i.
1139 1530 1193 1560 col.

445 1592 534 1622 ¹434·

356 1634 383 1661 2.
403 1632 551 1673 Ejusdem
565 1631 773 1662 Homiliarum
786 1632 817 1662 in
828 1631 1021 1662 Ezechielem
1037 1631 1108 1662 libri
1124 1632 1193 1669 duo,

420 1694 488 1714 cum
505 1682 640 1724 prologo.
664 1683 714 1713 fol.
730 1693 798 1713 100.

462 1735 524 1765 Tit.
539 1735 727 1776 “Incipiunt
742 1735 851 1765 omelic
863 1735 946 1765 beati
959 1735 1100 1776 Gregorii
1116 1746 1195 1776 pape

440 1786 471 1816 in
488 1786 645 1816 Ezechielc
666 1786 826 1827 propheta,
843 1797 971 1816 numero
988 1787 1039 1827 xij.
1058 1787 1147 1817 dictae
1164 1787 1195 1816 in

439 1837 630 1879 patriarchio
648 1837 863 1874 Lateranensi,
880 1838 909 1867 in
927 1838 1054 1868 basilica
1069 1848 1128 1879 que
1143 1848 1194 1878 ap-

440 1889 574 1930 pellatur
589 1889 712 1919 aurea.”

462 1940 599 1970 Exstant
616 1940 688 1970 ibid.
706 1944 782 1970 tom.
796 1939 813 1969 i.
831 1939 887 1970 col.
905 1948 992 1980 1173.

462 1991 499 2021 In
517 1991 610 2028 calce,
629 1996 646 2007 ‘⁴
660 1990 839 2031 Expliciunt
864 1990 972 2020 omelie
996 1990 1096 2021 sancti
1121 1991 1195 2021 Gre-

439 2042 516 2084 gorii
533 2054 612 2084 pape
628 2053 721 2083 super
734 2042 925 2072 Ezechielem
941 2041 1153 2083 prophetam?

699 2136 799 2170 LIV.

315 2200 613 2235 Membranaceus,
628 2200 663 2232 in
683 2199 775 2238 folio,
790 2198 824 2232 ff.
840 2198 897 2238 69,
912 2210 978 2232 sec.
992 2199 1064 2232 xiii.
1079 2210 1086 2239 ;
1106 2199 1195 2232 binis

337 2257 505 2291 columnis
533 2258 593 2291 sed
617 2257 709 2290 haud
736 2257 857 2306 eadem
882 2268 985 2290 manu
1014 2261 1193 2297 exaratus;

338 2316 419 2349 olim
438 2315 576 2349 Thomae
596 2315 799 2360 Gascoigne.

356 2377 383 2405 1.
402 2375 547 2417 [Roberti
574 2376 721 2406 Grostctc
747 2375 824 2405 liber
850 2375 888 2405 de
914 2374 1085 2405 cessatione
1113 2375 1193 2416 lega-

418 2427 527 2468 lium3]
552 2427 670 2468 imperf.
694 2426 745 2456 fol.
765 2437 786 2456 ι.

462 2478 560 2518 Incip.
585 2478 615 2507 in
640 2477 749 2514 verbis,
776 2481 792 2493 ⁴⁴
808 2475 924 2506 videbit
956 2487 1060 2507 semen
1090 2475 1193 2516 longe-

440 2529 538 2559 vun1.”

462 2580 567 2610 Dosin.
585 2584 601 2596 ‘⁸
614 2583 646 2610 et
662 2578 852 2610 infirmitatis
868 2571 1079 2608 medicinain.”

357 2633 384 2661 Ω.
403 2630 550 2671 Ejusdem
566 2630 760 2671 quaestiones,
770 2634 805 2660 ut
821 2633 958 2660 testatur
969 2640 1078 2659 manus
1090 2639 1193 2659 recen-

419 2682 489 2719 tior,
506 2682 544 2712 de
560 2682 699 2712 veritate.
724 2682 774 2712 fol.
789 2691 824 2722 15
842 2682 871 2712 b.

463 2732 560 2773 Incip.
578 2738 596 2749 ‘⁶
610 2733 678 2773 Ego
694 2744 761 2763 sum
778 2733 837 2770 via,
854 2736 912 2763 etc.

443 2788 492 2814 tas
508 2783 610 2814 dicit.”

959 2732 1020 2762 Hic
1036 2731 1102 2772 ipsa
1118 2730 1192 2761 veri-

1399 248 1475 279 Des.
1494 253 1510 265 “
1523 249 1729 280 diversificata
1744 250 1775 280 in
1793 250 1950 291 singulis.'’

1379 299 1526 340 Sequitur
1545 299 1668 336 notitia,
1685 311 1763 330 man.
1776 311 1827 330 sec.
1845 305 1862 317 ‘⁶
1876 300 2012 341 Explicit
2024 306 2129 333 sancte

1358 351 1502 381 memorie
1532 362 1609 390 opus
1638 351 1720 381 dom.
1742 351 1964 382 Lincolniensis
1986 352 2128 394 episcopi,

1357 402 1474 432 scilicet
1489 402 1625 432 doctoris
1650 402 1780 433 Roberti
1805 403 2009 440 Grosseteste,
2027 404 2130 435 docto-

1357 452 1399 483 ris
1424 453 1453 482 in
1479 464 1567 483 sacra
1590 453 1746 494 theologia
1770 453 1898 491 Oxonie,
1922 457 1957 484 ut
1986 458 2074 495 patet
2098 455 2130 485 in

1357 503 1447 534 litera
1464 503 1687 534 Universitatis
1706 504 1806 534 Oxon.
1823 508 1855 535 et
1876 504 1907 534 in
1926 515 2066 535 sermone
2087 505 2129 547 ip-

1357 555 1420 585 sius
1436 555 1550 586 domini
1567 555 1706 586 Lincoln.
1723 556 1761 586 de
1777 555 1906 586 levitis.”

1378 607 1509 643 Deinde,
1517 618 1608 637 mana
1618 607 1727 644 eadem,
1737 607 1864 638 Thomae
1876 608 1931 649 [an
1942 608 2125 650 Gascoigne]

1356 658 1473 688 notitim
1490 658 1556 688 alim
1571 659 1611 688 ad
1628 658 1789 689 historiam
1802 659 1923 700 Angliae
1943 663 2130 700 spectantes,

1357 709 1418 740 scil.
1435 710 1473 739 de
1488 710 1623 740 adventu
1640 710 1768 741 Henrici
1784 710 1844 741 IV.
1862 710 1893 740 in
1908 710 2074 752 Angliam;
2093 712 2130 742 de

1357 760 1435 790 bello
1451 761 1533 801 apud
1553 761 1719 802 Salopiam‚
1742 771 1838 802 14033
1864 761 1901 792 de
1924 761 2129 794 celebratione

1356 811 1455 841 missa*
1477 822 1532 852 per
1547 812 1614 842 Ric.
1632 812 1757 853 Sempe,
1774 812 1910 852 archiep.
1928 812 2059 844 Eborac.
2077 817 2084 829 ‘
2099 813 2130 844 in

1357 863 1449 904 plano
1474 874 1583 904 campo
1608 868 1718 894 vocato
1742 863 2015 904 Shiptun-More;’
2039 868 2070 895 et
2093 865 2130 896 de

1357 914 1501 944 concione
1537 914 1684 954 ejusdem,
1722 925 1815 954 quam
1851 914 1963 945 asserit
1999 914 2130 956 scriptor

1357 964 1526 1006 Georgium
1550 965 1689 1006 Corbrig‚
1714 965 1765 1005 qui
1790 976 1925 1006 przrsens
1944 965 2056 1002 fuerat,
2073 966 2129 997 sibi

1356 1015 1516 1053 retulisse3
1551 1026 1669 1046 necnon
1700 1016 1738 1046 dc
1771 1016 1940 1047 traditione
1969 1019 2001 1047 et
2030 1021 2130 1048 morte

1356 1065 1493 1107 ejusdem
1509 1065 1741 1107 archiepiscopi.

1272 1118 1301 1148 3.
1318 1117 1348 1147 S.
1360 1116 1531 1157 Augustini
1544 1117 1582 1147 de
1594 1117 1758 1148 concordia
1773 1121 1907 1158 quatuor
1919 1118 2130 1160 Evangelista-

1334 1179 1403 1198 rum
1419 1167 1499 1203 libm',
1516 1168 1630 1208 przrvia
1647 1172 1654 1186 ⁶
1667 1169 1823 1200 sententia
1847 1169 1885 1199 de
1909 1169 1986 1200 libro
2002 1170 2129 1202 Retrac-

1335 1219 1510 1250 t-atimmmff
1533 1219 1582 1249 fol.
1600 1230 1644 1259 19.

1378 1270 1475 1311 Iucip.
1500 1270 1551 1300 lib.
1574 1276 1591 1287 ⁴⁴
1605 1271 1694 1301 Inter
1716 1270 1799 1310 ipsas
1825 1273 1968 1307 omnes;”
1990 1276 2025 1303 ut
2048 1272 2130 1304 inter

1355 1333 1426 1363 opp.
1444 1326 1518 1352 tom.
1535 1322 1576 1352 iii.
1594 1326 1638 1363 pt.
1656 1322 1686 1352 ii.
1703 1322 1758 1352 col.
1774 1332 1799 1352 1.

1377 1373 1414 1403 In
1431 1373 1521 1409 calce,
1535 1384 1615 1403 man„
1627 1384 1679 1403 sec.
1707 1375 1759 1412 (a.)
1777 1373 1910 1404 Nomina
1925 1374 2128 1416 archiepisco-

1356 1436 1464 1466 porum
1488 1429 1519 1455 ct
1543 1425 1756 1466 episcoporum
1778 1425 2030 1456 Northumbrane
2054 1437 2127 1468 gen-

1355 1476 1404 1512 tis,
1422 1487 1441 1506 a
1458 1476 1553 1506 Deira
1569 1487 1666 1516 usque
1682 1476 1722 1506 ad
1739 1476 1875 1506 Wilsrid.
1922 1476 1979 1518 (b.)
1996 1477 2129 1508 Nomina

1355 1527 1566 1568 episcoporum
1599 1526 1906 1563 Lindisfarncnsium,
1935 1537 1973 1556 ex
2002 1531 2019 1543 “
2043 1526 2128 1558 Beda

1353 1578 1404 1612 lib.
1419 1589 1450 1617 4,
1466 1589 1532 1618 cap.
1551 1578 1598 1614 28,
1617 1577 1655 1608 de
1670 1577 1767 1619 gestis
1783 1577 1985 1619 Anglorum.”

1249 1726 1367 1759 Codex
1386 1725 1679 1764 membranaceus,
1698 1725 1731 1757 in
1752 1724 1833 1758 folio
1851 1725 1984 1765 minori,
1998 1725 2032 1759 ff.
2047 1728 2125 1766 188,

1272 1795 1338 1817 sec.
1358 1784 1426 1820 xii..
1460 1783 1563 1828 [foliis
1586 1784 1728 1819 48—71
1758 1783 1913 1827 exceptis
1940 1794 2006 1817 sec.
2025 1782 2124 1828 xiV.]‚

1273 1842 1360 1875 binis
1385 1841 1554 1875 colummis
1576 1845 1756 1880 exaratus3
1783 1852 1827 1874 ex
1846 1841 1935 1874 dono
1955 1841 1997 1874 R.
2014 1841 2122 1881 Flem-

1273 1912 1389 1945 myng.

1291 1962 1320 1990 1.
1337 1960 1368 1990 S.
1382 1959 1565 2000 Hieronymi
1585 1959 1662 1989 liber
1677 1959 1882 2000 quaestionum
1899 1959 2125 1990 Hebraicarum

1353 2011 1384 2041 in
1401 2011 1564 2047 Genesim;
1587 2010 1675 2041 initio
1692 2010 1789 2041 mutil.
1813 2010 1864 2041 fol.
1882 2020 1905 2040 1.

1399 2063 1495 2103 Incip.
1520 2062 1552 2092 in
1575 2062 1685 2098 verbis,
1704 2061 1807 2092 “fecit
1830 2073 1886 2102 pro
1910 2061 1960 2092 die
1981 2065 2071 2092 sexta
2094 2062 2124 2092 in

1375 2115 1500 2145 chreo
1516 2114 1597 2144 diem
1610 2113 1813 2154 septimanam
1825 2113 1852 2147 ;”
1867 2112 1899 2142 in
1911 2112 2123 2143 edit.Vallars.

1374 2170 1449 2196 tom.
1464 2165 1507 2195 iii.
1525 2176 1553 2206 p.
1571 2174 1642 2206 302.

1289 2219 1318 2248 2.
1337 2217 1485 2257 Ejusdem
1501 2216 1578 2246 liber
1593 2216 1631 2246 de
1647 2214 1856 2245 mansionibus
1867 2213 1999 2244 filiorum
2016 2213 2122 2245 Israel.

1352 2267 1402 2298 sol.
1420 2277 1466 2306 17.

1357 2350 1365 2357 ,
1394 2318 1490 2358 Incip.
1503 2322 1520 2334 ‘⁴
1532 2317 1570 2348 In
1583 2317 1810 2358 septuagesimo
1823 2316 1953 2357 septimo
1966 2316 2083 2357 psalmo
2092 2316 2122 2352 ;’'

1373 2369 1446 2399 ibid.
1463 2374 1537 2399 tom.
1554 2368 1572 2399 i.
1590 2369 1645 2398 col.
1658 2370 1731 2407 461.

1288 2422 1317 2451 3.
1334 2420 1483 2461 Ejusdem
1506 2420 1544 2450 de
1571 2419 1792 2460 quaestionibus
1817 2418 1936 2460 Regum
1962 2418 2122 2459 Paralipo-

1351 2482 1532 2512 menonque.
1556 2470 1606 2500 fol.
1622 2480 1658 2511 23
1676 2470 1708 2500 b.

1395 2523 1491 2564 Incip.
1518 2526 1535 2539 ‘⁹
1553 2522 1627 2552 Fuit
1650 2522 1696 2552 vir
1721 2532 1799 2551 unus
1820 2521 1858 2551 de
1884 2520 2123 2554 Ramachaim;”

1372 2574 1447 2604 ibid.
1463 2579 1537 2604 tom.
1554 2573 1595 2603 iii.
1613 2573 1669 2603 col.
1683 2581 1754 2613 755.

1289 2627 1317 2656 4.
1333 2625 1497 2656 Canticum
1512 2624 1677 2655 Debborae.
1701 2624 1752 2654 fol.
1766 2633 1803 2664 43
1822 2623 1849 2653 b.

1395 2677 1492 2719 Incip.
1513 2680 1532 2695 ‘¹
1549 2677 1813 2716 Cecineruntquc;
1836 2678 1894 2705 etc.
1939 2674 2061 2705 Barach
2076 2673 2122 2705 vir

1372 2729 1518 2759 Debbore
1534 2726 1727 2769 prophetidis
1738 2726 1765 2763 ;''
1789 2725 1862 2755 ibid.
1880 2725 1934 2755 col.
1954 2733 2023 2765 745.

1288 2782 1318 2810 5.
1337 2779 1590 2811 Lamentationes
1604 2778 1626 2809 J
1629 2778 1759 2810 eremiae.
1783 2776 1832 2807 fol.
1847 2786 1886 2817 45
1904 2776 1933 2806 b.
