2254 3117
368 180 413 214 68
914 175 1213 211 CATALOGUS
1239 176 1472 211 CODICUM
1501 176 1607 210 MSS.

518 278 556 307 In
574 275 655 306 calce
671 273 825 310 nonnulla,
852 279 869 288 “
883 274 921 304 de
937 278 1048 304 ornatu
1069 273 1239 311 dentium‚”

494 327 583 368 incip⁴
615 325 803 355 “Dentibus
833 335 892 354 non
923 324 1022 354 minor
1051 335 1117 354 esse
1147 325 1240 355 decus

494 388 584 418 quam
596 375 840 416 juvamentum.'’

389 441 437 470 10.
456 437 610 478 Anonymi
627 436 785 477 eujusdam
801 435 839 465 de
855 436 950 466 urinis
966 436 1092 466 libellus.
1109 436 1161 466 sol.
1176 439 1224 466 82.

515 488 611 529 Incip.
629 494 646 503 '¹
659 488 696 517 In
713 491 863 522 tractatu,
878 487 976 527 primo
989 487 1152 517 videndum
1166 487 1238 527 quid

491 540 531 570 sit
547 539 665 569 urina.''

387 605 435 633 ll.
454 603 499 633 De
515 602 643 632 scientia
659 600 831 631 medicinali
848 600 935 630 liber.
959 600 1008 630 sol.
1022 602 1070 640 89.

512 653 608 694 Incip.
627 659 644 668 “
660 653 706 682 De
727 652 898 682 medicinali
922 652 1051 682 scientia
1073 654 1238 683 tractaturi

489 705 527 735 ab
543 704 608 744 ejus
623 703 771 733 divisione
788 703 1002 744 incipiainus.''

385 770 434 799 12.
452 769 499 798 De
515 768 575 798 situ
593 767 694 797 tertia}
718 766 816 807 partis
833 766 925 801 orbis,
943 767 1005 796 scil.
1024 767 1118 802 Asiae,
1136 778 1240 797 versus

468 819 598 860 triginta
614 829 706 848 unum
724 817 848 847 heroici.
873 818 925 847 fol.
943 827 1007 847 100.

512 870 609 910 Incip.

471 927 487 935 ‘⁴
501 920 614 950 Tereia
631 930 702 960 pars
718 919 800 949 orbis
817 919 902 959 cujus
918 919 1035 949 ditione
1051 920 1177 949 teneris*

388 986 435 1015 13.
455 985 503 1014 De
519 984 626 1025 quinta
643 982 787 1016 essentia,
803 988 860 1012 ete.
886 982 936 1012 fol.
954 993 1012 1013 100
1023 984 1050 1012 b.

512 1035 610 1076 Incip.
634 1041 651 1050 “
667 1034 715 1064 Ex
732 1034 840 1074 quinta
863 1039 953 1073 parte
972 1059 1078 1065 .....
1094 1035 1177 1065 faeta
1193 1039 1240 1065 est

489 1087 597 1127 quinta
613 1085 747 1116 essentia
763 1091 792 1115 et
810 1085 875 1126 ejus
891 1086 1066 1116 contentas

386 1152 434 1181 Η.
454 1150 573 1181 Nicolai
596 1149 757 1190 Przrpositi
776 1149 1019 1184 Antidotarium,
1037 1160 1105 1179 eum
1124 1149 1241 1190 glossu-

470 1201 506 1233 lis
522 1201 570 1232 hic
586 1201 645 1231 illic
662 1200 690 1231 in
708 1201 844 1241 margine
860 1200 1034 1241 adscriptis.
1060 1201 1109 1230 sol.
1128 1211 1190 1241 103.

512 1253 574 1283 Tit.
597 1263 687 1282 manu
711 1252 870 1287 recentiori,
896 1259 913 1267 ‘'
929 1252 1165 1282 Antidotarium
1190 1253 1240 1282 Ni-

492 1302 620 1333 cliolaifi

516 1355 552 1383 In
570 1353 661 1389 calce,
679 1359 696 1367 ⁴¹
712 1352 845 1394 Explicit
862 1353 919 1383 iste
936 1352 1040 1383 libers*

708 1481 898 1515 CLXXII.

365 1543 485 1576 Codex
508 1542 798 1582 membranaceus,
827 1543 860 1575 in
888 1542 981 1583 folio,
1005 1542 1037 1575 ff.
1066 1545 1147 1583 313,
1175 1556 1241 1578 sec.

391 1601 469 1639 xiV„
501 1601 588 1633 binis
617 1600 785 1634 columnis
816 1605 999 1640 exaratum
1029 1601 1110 1634 olim
1141 1602 1237 1635 will.

392 1658 607 1703 Spekyuton,
626 1658 702 1691 coll.
723 1658 811 1692 Novi
832 1659 923 1692 socii.

411 1728 436 1756 1.
455 1726 621 1757 ,Iustiniani
662 1727 864 1767 Imperatoris
904 1727 1139 1758 Institutionum
1174 1728 1241 1758 libri

474 1782 617 1819 quatuor,
642 1778 782 1808 Accursii
807 1778 998 1819 aliorumque
1025 1779 1134 1820 glossis
1160 1780 1242 1811 haud

474 1828 604 1859 insolitis
621 1840 779 1869 perperam
797 1829 950 1860 illustrati.
975 1830 1026 1860 fol.
1041 1841 1064 1861 2.

516 1879 577 1909 Tit.
610 1886 627 1894 ‘¹
648 1880 684 1909 In
712 1880 833 1910 nomine
865 1880 988 1910 Domini
1019 1882 1117 1912 nostri
1147 1882 1243 1912 Jhesu

496 1929 609 1961 Christi
638 1930 807 1971 imperator
832 1932 926 1961 Cesar
954 1932 1088 1968 Flavius,
1115 1932 1244 1963 Justini—

494 1991 571 2010 anus
600 1980 787 2016 Almanicus,
815 1981 1028 2018 lVandahcus,
1057 1982 1244 2019 Affricanus,

496 2042 616 2072 semper
633 2032 803 2072 AugustuS,
817 2032 896 2073 pius,
912 2033 994 2069 felix,
1011 2033 1134 2064 inclitus
1148 2034 1246 2064 victor

495 2093 531 2112 ae
543 2082 751 2123 triumphator
761 2083 948 2124 magnificus,
957 2095 1077 2125 semper
1084 2085 1246 2125 Augustus

496 2133 604 2173 cupide
621 2133 719 2173 legum
733 2134 887 2174 juventuti
905 2135 1070 2165 salutem.’'

519 2184 555 2213 In
572 2184 663 2219 calce,
683 2190 700 2199 ‘“
714 2184 848 2225 Explicit
865 2185 940 2215 liber
955 2185 1134 2216 Justiniani.

457 2242 471 2248 ¹·
497 2235 631 2276 Explicit
647 2235 800 2276 explicent
818 2260 823 2265 .
840 2236 944 2266 ludere
960 2237 1094 2278 scriptor
1109 2237 1189 2268 eat.”

411 2299 439 2327 2.
459 2297 605 2338 Ejusdem
618 2299 891 2335 Authenticorum,
906 2301 966 2331 sive
980 2301 1245 2332 constitutionum

477 2348 676 2379 Novellarum
693 2349 760 2380 libri
778 2361 897 2386 novem,
909 2352 1018 2392 glossis
1035 2353 1175 2383 Aeeursii
1191 2352 1245 2383 ali-

476 2401 560 2441 isque
576 2401 726 2432 instructi.
752 2402 801 2433 sol.
817 2412 865 2441 77.

522 2451 555 2480 In
586 2451 676 2488 calce,
709 2459 725 2467 “
744 2452 924 2493 Expliciunt
954 2455 1123 2486 Autentiea
1140 2468 1147 2491 3
1179 2455 1246 2486 Deo

501 2502 674 2543 [gratias.”]

413 2566 441 2593 55,
460 2565 721 2595 Constitutionum
761 2565 934 2597 Feodorum
970 2567 1038 2597 libri
1074 2569 1146 2604 duo,
1176 2578 1244 2598 cum

477 2615 594 2653 ghwssis.
619 2616 667 2645 sol.
683 2626 751 2657 237.

519 2665 581 2696 Tit.
599 2673 615 2681 ‘¹
630 2667 786 2708 Incipiunt
802 2667 1038 2699 constitutiones
1055 2669 1245 2700 feuiloruni.”

414 2729 440 2756 4.
461 2727 613 2759 Frmhwiei
633 2729 675 2760 II.
696 2730 897 2771 Imperatoris
914 2732 1168 2763 Constitutiones.
1192 2732 1242 2762 fol.

480 2788 548 2818 257·

1336 277 1364 305 5.
1381 275 1552 305 Justiniani
1568 273 1770 315 Imperatoris
1782 272 1903 304 Codicis
1915 272 1983 302 libri
1996 276 2059 303 tres
2072 277 2169 313 poste-

1401 326 1506 362 riores,
1523 325 1632 366 glossis
1648 324 1801 354 instructi.
1826 323 1876 353 fol.
1893 324 1960 364 258.

1445 377 1482 407 In
1498 377 1580 407 calce
1595 376 1686 416 gloss.
1710 381 1727 390 “
1742 374 1877 415 Explicit
1893 379 2063 415 apparatus
2079 375 2171 405 trium

1423 428 1570 458 librorum
1587 426 1737 457 Codicis?

1444 478 1481 508 In
1504 478 1554 508 sol.
1577 488 1600 507 1.
1626 488 1724 513 verso,
1756 483 1773 492 “
1788 477 1921 507 Parvum
1949 477 2101 512 volumen,
2127 488 2170 507 se-

1423 529 1522 559 cundo
1541 527 1623 562 folio,
1648 532 1700 557 ant
1724 538 1788 557 cuni
1808 538 1924 568 νηαῃηο,
1946 527 1983 557 (16
2004 527 2170 567 perquisito

1423 579 1563 620 magistri
1601 578 1749 608 willelmi
1791 578 1981 619 Spelzynton,
2020 578 2170 619 quondam

1422 630 1495 660 socii
1513 630 1592 660 Novi
1609 629 1737 670 collegii
1757 629 1847 660 beate
1866 629 1966 659 Marie
1982 629 2124 659 XVinton.
2142 629 2171 659 in

1423 683 1522 711 Oxon.
1540 681 1715 721 ponendum
1732 680 1761 710 in
1778 691 1857 710 nova
1872 680 1998 710 libraria
2013 691 2068 720 pro
2084 679 2172 709 sociis

1424 732 1536 762 ibidem
1552 731 1675 762 studere
1692 731 1874 762 volentibus.
1907 731 2081 761 willelmus
2100 731 2171 772 Spe-

1423 783 1541 823 kynton
1558 793 1649 812 manu
1667 793 1723 813 sua
1738 782 1896 823 propria.’'

1445 834 1576 870 Deinde,
1600 834 1728 864 “Orate
1743 845 1798 875 pro
1814 833 1976 864 animabus
1993 833 2172 863 venerabilis

1424 885 1477 915 viri
1492 885 1630 925 magistri
1644 885 1786 925 Hugonis
1798 885 1903 925 Ingar,
1916 885 2015 925 legum
2029 884 2172 920 doctoris,

1423 945 1520 975 nuper
1537 934 1721 965 thesaurarii
1739 934 1810 965 eccl.
1830 935 1975 965 Cathedr.
1997 933 2172 970 XVellensis‚

1422 990 1454 1016 et
1476 985 1601 1016 Domini
1620 985 1768 1016 willelmi
1792 986 1984 1027 Spekynton,
2002 986 2172 1016 executoris

1423 1037 1496 1067 dicti
1526 1037 1677 1077 Hugonis,
1709 1037 1863 1078 quondam
1895 1037 2053 1068 Sociorum
2085 1037 2172 1077 hujus

1423 1088 1574 1129 collegii.''

1652 1170 1868 1204 CLXXIII.

1298 1232 1415 1266 Codex
1444 1231 1735 1272 membranaceus,
1761 1234 1795 1266 in
1823 1233 1914 1271 folio,
1942 1232 1974 1265 ff.
2000 1231 2080 1267 306,
2107 1244 2171 1266 sec.

1322 1291 1400 1328 xiv„
1449 1291 1536 1323 binis
1580 1290 1748 1324 columnis
1796 1297 1983 1327 exaratus:
2030 1296 2050 1309 ‘⁶
2070 1291 2170 1335 precii

1322 1362 1392 1384 xxx
1401 1350 1445 1383 εἶ’

1339 1418 1509 1449 Justiniani
1536 1419 1739 1459 Imperatoris
1760 1418 1827 1449 libri
1847 1429 1955 1449 novem
1972 1418 2098 1460 priores,
2115 1419 2172 1448 Ac-

1360 1470 1450 1501 eursii
1466 1470 1656 1511 aliorumque
1671 1471 1780 1512 glossis
1797 1470 1918 1512 penitus
1934 1471 2088 1501 illustrati.

1404 1522 1465 1552 Tit.
1482 1528 1499 1536 “
1514 1523 1550 1552 In
1562 1522 1683 1552 nomine
1697 1522 1820 1552 Domini
1834 1522 1930 1552 nostri
1944 1521 2044 1552 Jhesu
2057 1521 2172 1552 Christi

1368 1572 1494 1609 ‚codicis
1512 1572 1634 1602 Domini
1651 1572 1834 1609 Justiniani,
1851 1572 2049 1603 sacratissimi
2067 1572 2173 1613 princi-

1383 1624 1439 1664 pis,
1455 1624 1587 1664 repetite
1606 1624 1801 1665 prelectionis
1817 1624 1894 1654 liber
1909 1624 2025 1665 primus
2041 1624 2173 1665 incipit?

1406 1674 1613 1704 Praemittitur
1629 1674 1736 1704 tabula
1752 1674 1912 1705 titulorum
1928 1674 2132 1715 alphabetica.

1407 1724 1441 1754 In
1471 1725 1553 1755 calce
1589 1725 1714 1762 tabulae,
1754 1731 1771 1740 “
1790 1725 1926 1766 Explicit
1963 1725 2172 1756 kalendarium

1383 1776 1495 1806 codicis
1522 1776 1711 1806 ordinarium
1739 1777 1887 1817 scriptum
1914 1777 1996 1817 apud
2023 1777 2173 1807 Oxonium

1383 1838 1464 1858 anno
1490 1827 1612 1857 Domini
1636 1828 1795 1858 millesimo
1817 1827 2003 1868 ccc.⁰lxiiij.¹‘
2028 1828 2172 1863 intrante,

1383 1888 1464 1908 anno
1491 1877 1571 1918 regis
1599 1877 1742 1908 Edwardi
1768 1877 1855 1908 tercii
1882 1882 1952 1918 post
1975 1882 2172 1918 conquestum

1385 1928 1518 1969 xxxvij.”

1409 1980 1444 2009 In
1468 1979 1550 2009 calce
1574 1979 1686 2009 codicis
1708 1979 1814 2010 tabula
1835 1979 2005 2013 titulorum,
2024 1989 2110 2009 manu
2133 1990 2172 2009 re»

1385 2031 1513 2061 emissori.

1635 2110 1844 2145 CLXXIV.

1302 2174 1600 2209 Membranaceus,
1625 2175 1658 2206 in
1681 2173 1762 2206 folio
1789 2173 1918 2217 majori,
1942 2172 1974 2205 ff.
2002 2175 2082 2212 299,
2108 2184 2171 2206 sec.

1324 2232 1392 2265 xiv.
1411 2232 1571 2271 ineuntis,
1596 2232 1684 2264 binis
1707 2231 1876 2264 columnis
1902 2230 1989 2264 bene
2016 2236 2172 2264 exaratus

1324 2294 1358 2322 et
1382 2288 1493 2332 quoad
1514 2288 1628 2321 literas
1647 2288 1794 2321 initiales
1813 2288 1947 2332 pictus3
1973 2287 2053 2320 olim
2073 2298 2172 2332 pecu-

1325 2345 1409 2379 lium
1428 2345 1466 2379 T.
1486 2345 1651 2378 Bourton.

1343 2416 1368 2444 1,
1386 2414 1556 2444 Justiniani
1593 2413 1797 2454 Imperatoris
1835 2412 2070 2443 Institutionum
2106 2411 2171 2442 libri

1406 2472 1550 2506 quatuor,
1564 2466 1705 2495 Accursii
1722 2465 1911 2505 aliorumque
1926 2464 2035 2505 glossis
2053 2466 2172 2505 penitus

1405 2518 1556 2548 instructi.
1582 2518 1632 2548 sol.
1647 2528 1672 2547 2.

1449 2568 1484 2599 In
1502 2568 1594 2606 calce,
1612 2574 1629 2583 “
1643 2568 1777 2609 Explicit
1793 2568 1869 2598 liber
1886 2567 2153 2598 Institutionum.’'

1448 2620 1608 2650 Glossulas
1625 2620 1655 2650 in
1679 2620 1726 2651 tit.
1745 2624 1752 2636 ⁴
1768 2620 1813 2649 De
1836 2619 2017 2650 actionibus*
2040 2619 2172 2659 aliasque

1426 2671 1557 2712 subjecit
1573 2682 1681 2701 manus
1696 2671 1786 2711 longe
1803 2670 1965 2701 recentior.

1341 2734 1647 2765 Q.Autlie11ticoru111
1683 2734 1752 2764 libri
1790 2744 1907 2770 novem,
1939 2743 2007 2763 cum
2039 2731 2171 2763 Accursii

1405 2783 1595 2824 aliorumque
1610 2783 1729 2825 glossis.
1753 2783 1803 2814 fol.
1818 2785 1867 2822 78.
