2254 3117
314 163 359 193 10
892 154 1193 189 CATALOGUS
1219 152 1452 188 CODICUM
1480 153 1590 187 MSS.

441 256 536 296 Incip.
554 257 661 295 ἐπαινῷ
678 267 731 284 σου
747 254 798 291 τὴν
814 254 993 292 προαίρεσιν.

441 307 556 337 Exstat
572 305 681 336 Latine
701 305 730 334 in
754 305 860 345 Magn.
879 304 957 334 Bibl.
975 304 1062 334 Patt.
1083 303 1140 334 vol.
1158 303 1195 333 iv.

419 369 446 399 p.
462 359 532 396 762.

336 412 364 439 2.
383 407 534 439 Dorothei
559 406 695 446 ejusdem
716 405 952 435 adhortationes
974 405 1037 435 sive
1058 404 1196 446 epistola‘

397 459 536 490 asceticae
553 457 724 488 octodecim
740 457 868 497 priores7
880 460 911 486 et
925 456 1072 496 vigesima
1088 456 1197 496 prima.

398 511 447 541 fol.
465 519 509 548 ¹7·

442 561 501 591 Tit.
519 563 569 590 τοῦ
592 561 624 590 ἐν
647 561 740 598 ἁγίοις
758 559 864 597 πατρὸς
882 559 960 596 ἡμῶν
978 558 1132 596 Δωροθέου
1148 559 1198 587 λό-

419 625 466 651 γοι
482 612 530 643 οὓς
546 611 608 641 εἶπε
623 614 682 642 τοῖς
700 611 779 641 ἰδίοις
793 612 933 647 μαθηταῖς
944 610 1017 646 μετὰ
1033 611 1082 638 τοῦ
1094 611 1199 646 συστῆ-

420 676 470 693 σαι
491 662 543 700 τὴν
566 663 640 692 ἰδίαν
664 661 756 699 μονὴν
781 661 827 691 καὶ
850 659 983 697 ἐξελθεῖν
1005 660 1059 690 σὺν
1076 661 1143 701 Θεῷ
1161 661 1200 691 εἰς

419 714 451 744 τὸ
476 715 548 743 ἴδιον
575 712 688 750 θέλημα
711 713 784 750 μετὰ
814 711 845 741 τὸ
876 712 1036 741 ἀποθανεῖν
1065 711 1200 749 δηλονότι

420 765 470 794 τὸν
486 765 587 802 ἆββᾶν
602 763 741 801 Ἰωάννην
755 763 801 793 καὶ
817 763 935 792 τελείαν
948 762 1035 801 σιγὴν
1051 764 1100 791 τοῦ
1117 762 1200 799 ἀββᾶ

421 815 653 854 Βαρσανουφίου.
685 815 774 853 λόγος
791 813 945 851 ἆσκητικὸς
960 814 1025 851 περὶ
1042 813 1200 851 ἀποταγῆς.

444 867 580 897 Exstant
602 866 740 906 impross.
763 865 793 895 in
814 865 945 895 Auctar.
964 864 1074 894 Front.
1092 863 1200 894 Due-tri

420 923 495 948 tom.
512 918 529 947 i.
547 928 597 958 pp.
616 917 793 955 748—849,
812 917 882 955 853.

442 969 480 999 Ι11
506 968 599 1005 caleo,
624 969 640 1006 ἡ
663 968 772 1005 βίβλος
797 968 866 1004 αὕτη
891 968 939 996 τοῦ
957 989 962 994 .
1041 989 1047 996 .
1063 965 1202 1003 Ἀνδρέου

420 1019 463 1050 “Y'.
479 1044 486 1051 .
500 1045 506 1050 .
521 1044 526 1049 .
543 1020 640 1058 μηδεὶς
652 1018 794 1056 τολμήσει
811 1020 967 1049 κλεπτικῶς
979 1018 1085 1055 ταύτην
1101 1018 1136 1055 ἀρ
1151 1041 1156 1046 .
1172 1041 1178 1046 .
1194 1042 1199 1046 .

422 1072 468 1101 καὶ
483 1074 575 1109 λαβεῖ
588 1071 661 1109 ἀρὰν
677 1070 734 1100 ἀπὸ
750 1072 799 1099 τοῦ
815 1070 983 1099 ἀποστόλου
1122 1068 1202 1099 ἔτους

424 1126 443 1164 ’τ’
454 1135 474 1152 π
488 1121 506 1152 τ’
521 1123 611 1161 λόγος
628 1121 657 1154 i‘.
712 1165 804 1199 YIV

317 1226 435 1259 Codex
455 1224 750 1264 membranaceus,
773 1224 807 1255 in
828 1227 898 1261 4to,
917 1222 951 1255 ff.
966 1222 1024 1260 96,
1044 1233 1110 1254 sec.
1130 1222 1202 1254 xiii.

342 1283 506 1322 ineuntis,
525 1282 635 1315 nitide
654 1286 827 1314 exaratus.

361 1347 389 1375 ].
407 1343 547 1384 Dionysii
573 1343 771 1384 Areopagita*
797 1353 900 1383 opera,
925 1352 994 1371 cum
1020 1341 1050 1370 S.
1068 1340 1202 1371 Maximi

424 1394 546 1426 scholiis
563 1394 593 1424 in
609 1393 748 1435 margine
764 1393 906 1434 sei·iptis;
932 1392 1059 1428 scilicet,

446 1460 471 1477 α.
492 1446 539 1476 Dc
555 1445 667 1476 ca‘lesti
684 1444 858 1475 hierarchia
874 1455 942 1474 cum
960 1443 1097 1485 prologo.
1114 1443 1164 1473 fol.
1180 1454 1202 1473 1.

530 1497 590 1527 Tib.
608 1497 753 1535 πρόλογος
770 1497 809 1527 εἷς
825 1496 877 1526 τὸν
893 1496 977 1535 ἁγίον
995 1496 1162 1525 Διονύσιον.

531 1548 674 1578 Succedit
694 1547 821 1588 prologo
837 1547 1029 1588 epigramma
1049 1546 1080 1575 in
1098 1546 1132 1576 B.
1151 1546 1204 1576 Di-

508 1599 666 1640 onysium;
691 1603 726 1629 ut
743 1598 771 1628 in
789 1598 862 1628 edit.
879 1598 969 1628 Junt.
987 1599 1076 1638 1516.

446 1655 476 1689 β.
495 1651 541 1681 De
558 1650 765 1681 ecelesiastica
782 1649 965 1680 hierarchia.
990 1648 1039 1678 fol.
1057 1658 1093 1678 22
1111 1648 1140 1678 b.

530 1702 594 1733 Tit.
627 1702 784 1732 Διονυσίου
819 1702 1011 1740 ἀρεοπαγίτου
1046 1701 1205 1730 ἐπισκόπου

511 1753 655 1790 Ἀθηνῶν,
673 1767 696 1782 κ.
709 1758 746 1793 λ.ν

448 1819 474 1845 γ.
493 1805 541 1835 De
557 1804 666 1834 divinis
682 1803 867 1834 nominibus.
891 1803 941 1832 fol.
955 1811 993 1841 47
1013 1802 1041 1832 b.

533 1855 595 1886 Tit.
617 1856 773 1885 Διονυσίου
794 1854 1016 1893 ’[Χρεοπαγίτοιν,
1034 1867 1057 1883 κ.
1075 1856 1103 1882 λ.
1136 1852 1207 1891 πρὸς

511 1908 655 1945 Τιμόθεον
672 1907 831 1936 ἐπίσκοπον
846 1905 986 1944 Ἐφέσου.

449 1962 473 1989 ὃ.
492 1958 542 1988 De
563 1957 695 1998 mystica
719 1957 894 1997 theologia3
918 1956 1033 1997 praevia
1056 1956 1206 1997 epigram·

512 2015 606 2039 mate.
631 2008 681 2038 sol.
698 2009 738 2038 80
754 2008 784 2038 b.

534 2060 596 2090 Tit.
619 2061 783 2098 ἐπίγραμμα
808 2060 847 2090 εἰς
869 2059 918 2088 τὸν
938 2059 1079 2096 μακάριον
1104 2059 1207 2088 Διονύ-

512 2122 587 2142 σιον·
623 2111 687 2149 περὶ
711 2112 846 2148 μυστικῆς
873 2110 1036 2148 θεολογίας.
1071 2110 1116 2139 καὶ
1140 2110 1208 2139 νόον

514 2162 682 2201 αἰγλήεντα,
701 2165 735 2191 ut
753 2161 781 2191 in
799 2161 870 2191 edit.
889 2161 941 2191 eit.

452 2236 473 2253 ε.
493 2221 643 2263 Epistola}
666 2221 771 2251 decem
796 2221 835 2251 ad
861 2221 970 2251 Caium
985 2220 1132 2261 aliosque.
1156 2220 1206 2250 fol.

515 2276 553 2303 82
571 2273 600 2303 b.
832 2304 835 2308 ,

368 2328 395 2355 Ω.
416 2324 604 2365 Martyrium
626 2324 661 2353 B.
679 2323 838 2363 Dionysii·,
875 2323 1016 2364 [auctore
1046 2322 1209 2353 Methodio

431 2376 493 2406 sive
512 2375 721 2417 Metrodoro}
746 2374 798 2404 fol.
816 2383 855 2414 92
873 2374 900 2404 b.

474 2427 536 2457 Tit..
553 2427 706 2465 μαρτύριον
722 2428 771 2455 τοῦ
787 2427 870 2464 ἁγίου
888 2426 1044 2455 Διονυσίου
1058 2427 1108 2454 τοῦ
1126 2424 1208 2463 Ἀρε-

453 2479 599 2516 οπαγίτου.

476 2529 590 2559 Exstat
608 2529 637 2558 111
656 2528 730 2559 edit.
748 2528 945 2563 Comei-iana.
963 2533 1036 2557 tom.
1048 2526 1078 2557 ii.
1095 2538 1123 2568 p.
1137 2536 1206 2563 242.

334 2666 627 2703 Memln'anaceus.
656 2667 688 2699 in
718 2666 810 2705 folio,
838 2665 873 2699 ff.
894 2667 975 2704 281,
1002 2676 1068 2698 sec.
1096 2666 1207 2698 forsan

355 2726 399 2757 xi.
419 2725 578 2763 ineuntis,
597 2725 685 2757 binis
703 2724 872 2758 columnis
891 2723 1000 2763 litera,
1015 2729 1054 2756 ut-
1073 2723 1209 2763 dieitur,

355 2781 479 2815 unciali
498 2788 668 2815 exaratus.

1270 254 1299 284 1.
1317 252 1609 292 Evangelistarium,
1627 252 1689 282 sive
1712 252 1881 294 Evangelia
1899 252 1930 282 in
1950 252 2129 284 0001051310-

1332 304 1434 344 genda
1450 314 1504 344 per
1519 303 1591 334 anni
1608 303 1753 334 circulum
1770 304 1808 334 de
1823 308 1972 345 tempore.
1996 303 2046 334 fol.
2063 315 2085 334 1.

1377 354 1440 385 Tit.
1472 354 1627 393 ἐκλογάὸιν
1657 357 1713 384 τῶν
1743 355 1834 393 ἁγίων
1867 355 2048 394 εὐαγγελίων
2083 357 2133 385 τοῦ

1355 407 1471 446 χρόνον.

1379 457 1475 498 Ineip.
1502 457 1520 488 i.
1551 458 1585 499 τῇ
1616 459 1684 498 ἁγίᾳ
1715 458 1761 488 καὶ
1793 457 1908 496 μεγάλῃ
1939 459 2054 496 κυριακῇ
2084 460 2133 488 τοῦ

1357 509 1478 548 Πάσχα.

1273 562 1300 590 2.
1319 560 1488 601 Evangelia
1513 560 1550 590 de
1576 559 1680 590 Festis
1706 559 1844 601 legenda,
1862 559 2029 589 secundum
2053 570 2134 589 men-

1336 611 1414 641 sium
1430 611 1569 641 ordinem
1585 610 1745 651 disposita.
1771 622 1799 651 p.
1810 619 1883 651 431.

1379 661 1484 692 Dosin.
1502 663 1543 693 εἰς
1560 661 1731 700 κοιμηθέντα
1749 661 1855 699 ζητεῖτε
1871 665 1890 690 λ
1905 662 1954 698 τῆς
1971 659 1994 690 κ’
2012 661 2136 699 ἑβδομά-

1359 715 1407 744 δος
1419 715 1468 742 τοῦ
1483 711 1630 742 Ἰωάννου·
1655 713 1732 742 ἀλλὰ
1748 715 1855 750 ζητεῖτε
1867 712 1900 749 τῇ
1919 711 1939 741 ε’
1955 713 2004 749 τῆς
2016 711 2042 750 γ’
2053 713 2135 749 ἑβδο-

1358 764 1449 801 μάδος
1464 767 1514 793 τοῦ
1529 763 1676 794 Ἰωάννου,

1382 814 1418 844 Ι11
1443 814 1582 855 margine
1606 814 1742 845 inferiori
1769 825 1796 855 p.
1814 824 1838 845 1.
1864 817 2007 844 notatum
2031 816 2089 849 est,
2107 813 2138 843 τὸ

1360 866 1454 904 παρὸν
1471 868 1550 895 θεῖον
1563 867 1609 895 καὶ
1621 865 1705 904 ἅγιον
1722 866 1767 895 καὶ
1785 865 1862 903 ἱερὸν
1878 865 2052 903 εὐαγγέλιον
2066 865 2140 902 κάμα

1362 917 1407 946 καὶ
1437 916 1559 954 ἀμαξίου
1585 915 1778 955 Ἀδεξάνόρον
1804 915 1898 954 Ἰοὺρν
1926 917 2067 953 Κορινθοῦ
2095 915 2140 945 καὶ

1359 967 1505 1006 μνήσθητε
1524 990 1652 997 ......
1670 967 1766 1001 αὐτοῦ,
1785 967 1937 1005 Γεωργίου,
1954 965 2078 1003 Ἑλένης
2094 966 2140 995 καὶ

1360 1021 1408 1056 τῆς
1424 1019 1547 1055 συνβίου
1565 1018 1660 1048 αὐτοῦ.

1382 1070 1428 1099 Cf.
1444 1069 1534 1099 Millii
1553 1069 1726 1110 Prolegom.
1743 1068 1782 1099 ad
1800 1068 1883 1099 Test.
1902 1068 1978 1098 Nov.
1996 1079 2024 1108 p.
2042 1068 2108 1097 161.

1647 1163 1750 1197 XVI.

1256 1226 1374 1260 Codex
1390 1226 1685 1264 membranaceus,
1699 1226 1733 1258 in
1750 1224 1843 1263 folio,
1858 1224 1891 1258 ff.
1906 1227 1987 1264 110,
2002 1235 2069 1257 sec.
2081 1224 2144 1256 xii-

1279 1288 1306 1316 1.
1324 1287 1354 1317 S.
1370 1286 1458 1316 Luca·
1485 1286 1654 1327 Evangelii,
1672 1285 1894 1316 commentario
1920 1286 1973 1325 [an
1996 1284 2058 1315 Titi
2085 1284 2143 1314 Bo-

1342 1338 1484 1378 strensis]
1498 1337 1661 1378 marginali
1674 1342 1824 1378 perpetuo
1835 1336 2143 1377 instruetiffragmm·

1341 1393 1419 1420 tum.
1444 1389 1494 1419 fol.
1512 1399 1537 1419 1.

1385 1440 1483 1481 Incip.
1509 1440 1539 1470 111
1567 1440 1667 1471 verbis
1692 1451 1756 1481 cap.
1775 1439 1816 1470 xi.
1844 1450 1920 1469 vers.
1939 1448 1966 1469 2.
1994 1437 2143 1469 orationis

1363 1491 1542 1529 Dominica‘,
1566 1492 1699 1530 οὐρανοῖς
1722 1490 1897 1530 ἁγιασθήτω,
1922 1494 1954 1521 et
1978 1493 2143 1520 comment.

1364 1546 1478 1582 κρατεῖν
1494 1546 1550 1572 τῶν
1566 1543 1684 1582 ἀγαθῶν
1700 1543 1748 1572 ἵνα
1768 1545 1826 1572 τῶν
1850 1542 1962 1580 ἄνδρων
1979 1541 2024 1572 καὶ
2047 1541 2079 1571 ἐν
2100 1540 2144 1570 οὐ»

1362 1597 1470 1633 ρανοΐς.

1386 1645 1492 1675 Desin.
1509 1649 1674 1675 comment.
1693 1645 1737 1674 καὶ
1754 1645 1912 1674 ἀποδοῦναι
1935 1643 2047 1684 ἑκάστῳ
2074 1643 2145 1673 κατὰ

1363 1698 1399 1726 τὰ
1415 1697 1486 1735 ἔργα
1502 1697 1598 1731 αὐτοῦ,
1616 1700 1651 1726 ut
1673 1696 1705 1726 in
1725 1695 1869 1726 Bandinii
1893 1695 2035 1736 catalogo
2056 1694 2143 1725 codd.

1366 1748 1514 1778 Laurent.
1534 1752 1607 1779 tom.
1627 1758 1652 1778 1.
1668 1759 1697 1788 p.
1717 1749 1780 1778 162.

1280 1804 1310 1834 52.
1327 1803 1356 1833 S.
1371 1803 1524 1833 Johannis
1539 1803 1749 1844 Evangelium.
1761 1801 1983 1832 commentario
1996 1805 2146 1842 perpetuo

1343 1854 1506 1895 marginali
1523 1854 1721 1884 illustratum.
1747 1853 1797 1883 fol.
1810 1863 1860 1893 45.

1387 1905 1449 1936 Tit.
1463 1907 1513 1935 τοῦ
1526 1907 1597 1935 κατὰ
1610 1905 1749 1942 Ἰωάννην
1762 1905 1934 1943 εὐαγγελίου
1947 1904 1976 1933 αἱ
1989 1904 2145 1942 ἑρμηνείαι.

1389 1957 1486 1998 Incip.
1505 1960 1670 1987 comment.
1688 1956 1769 1987 οὗτος
1785 1957 1800 1985 ὁ
1818 1955 2028 1994 εὐαγγελιστῆς
2043 1955 2096 1992 μὲν
2112 1953 2146 1991 ἦν

1366 2009 1429 2047 ἤτοι
1446 2009 1538 2046 κώμης
1555 2009 1698 2043 εὐτέλους,
1716 2011 1751 2037 ut
1767 2006 1841 2036 ibid.

1387 2059 1493 2089 Dcsin,
1511 2061 1636 2097 σημᾶναι
1650 2058 1776 2095 θελήσας
1792 2059 1806 2087 ὁ
1823 2057 1922 2096 παρὼν
1939 2056 2147 2095 εὖαγγελιστῆς

1367 2111 1441 2150 φησὶ
1456 2111 1500 2140 ὅτι
1515 2113 1605 2140 ταῦτα
1621 2111 1673 2140 ἐὰν
1690 2109 1847 2148 γράφηται.
1864 2121 1887 2138 κ,
1905 2113 1933 2138 λ.

1390 2161 1427 2191 111
1444 2161 1536 2197 calce,
1550 2161 1634 2192 τέλος
1649 2164 1707 2191 τῶν
1723 2161 1880 2199 ἐρμηνειῶν
1896 2161 1946 2189 τοῦ
1962 2159 2034 2188 κατὰ
2048 2157 2149 2188 Ἰωάν-

1368 2226 1420 2251 νην
1437 2213 1619 2252 εὐαγγελίου.

1389 2264 1569 2305 Sequuntur
1582 2263 1751 2304 Evangelia
1764 2261 1919 2292 matutina
1934 2265 1966 2291 ct
1981 2259 2146 2301 synaxaria

1363 2316 1430 2355 sive
1446 2315 1523 2345 ordo
1545 2315 1666 2356 legendi
1684 2313 1855 2354 Evangelia
1875 2323 1930 2353 per
1951 2321 2075 2347 annum,
2092 2310 2146 2340 ini-

1366 2367 1411 2398 tio
1427 2372 1459 2397 et
1475 2366 1535 2396 fine
1551 2366 1698 2407 cujusque
1715 2365 1865 2406 pericopa*
1881 2363 2056 2404 subjuncto.

1390 2418 1426 2448 In
1442 2418 1544 2448 fronte
1557 2417 1671 2447 codicis
1683 2416 1806 2457 legitur,
1825 2422 1841 2432 ⁹*
1856 2415 1904 2445 Ex
1920 2414 2005 2444 libris
2018 2411 2145 2453 Georgii

1370 2469 1522 2505 whom-i,
1539 2463 1892 2500 xxs'estmonast'eriensis.
1906 2464 2146 2506 perigrinatione

1366 2521 1432 2561 ejus
1452 2519 1800 2560 Constantinopolitana
1821 2517 1967 2553 collectis,
1983 2527 2065 2547 anno
2083 2515 2146 2545 Do-

1366 2572 1441 2602 mini
1457 2571 1566 2610 1676.”

1389 2624 1434 2654 cf.
1454 2622 1545 2652 Millii
1564 2621 1736 2662 Prolegom.
1755 2621 1794 2651 ad
1812 2619 1890 2650 Nov.
1904 2619 1987 2649 Test.
2005 2629 2033 2659 p.
2052 2619 2118 2648 161.

1639 2715 1768 2749 XVII.

1264 2779 1564 2817 Membranaeeus,
1590 2778 1625 2810 in
1657 2779 1728 2817 4to,
1757 2776 1791 2809 ff.
1810 2777 1891 2815 291,
1918 2786 1984 2809 sec.
2002 2774 2062 2808 xii.
2089 2783 2151 2806 ex-
