2254 3117
652 141 887 175 COLLEGII
918 141 1322 179 LINCOLNIENSIS.
1858 149 1899 180 11

107 239 231 275 cuntis,
269 239 405 272 insertis
437 240 624 284 synaxariis
660 240 968 285 pericoparumque

106 297 238 329 notitiis
258 308 318 341 per
344 308 484 330 manum
510 299 749 338 recentiorem,
767 298 838 332 scil.
857 298 967 332 Theo-

107 353 178 386 duli
198 353 467 388 hieromonachi.

126 413 295 454 Evangelia
312 420 457 455 quatuor,
474 415 600 446 Eusebii
623 416 663 446 ad
687 416 878 457 Carpianum
900 428 967 458 pro-

148 466 217 505 logo
247 466 488 507 canonibusque,
518 478 635 497 necnon
667 467 829 498 titulorum
853 468 968 498 tabulis

146 517 380 557 synaxariisquc
397 517 562 548 illustrata.

191 567 359 609 Evangelio
379 569 488 609 cuique
512 580 667 599 annexum
693 574 739 600 cst
762 570 968 601 tetrastichon

167 619 332 649 iambicum
346 619 376 649 in
393 620 541 650 honorem
560 620 765 661 Evangelistm
782 621 907 662 proprii.

190 670 286 712 lncip.
305 670 324 700 i.
344 673 497 703 Ματθαῖος
513 672 576 701 ἐστὶ
592 675 728 709 μιστικῶς
743 675 855 709 πρῶτος
870 674 966 705 τύπος.

189 721 287 763 Incip.
305 721 360 752 ult.
376 721 515 760 Ἰωάννης
531 722 666 761 τέταρτος
679 724 759 755 αὖθις
775 725 883 754 εἰκόνα.

190 774 226 804 In
239 773 331 809 calce,
346 774 459 813 ἐγράφη
475 773 492 815 ᾗ
510 777 644 812 παροῦσα
661 775 796 813 ἑρμηνεία
808 778 858 805 τοῦ
872 788 969 814 τετρα-

167 826 279 862 βίβλου
296 827 341 855 διὰ
357 825 454 864 χειρὸς
466 826 536 863 ἐμοῦ
552 828 602 855 τοῦ
615 827 788 865 ἁμαρτώλου
799 828 969 857 Θεοὸούλου

156 886 158 889 “
169 877 370 916 ἱερομοναχοῦ.

190 927 337 968 Sequitur
352 927 559 958 tetrastichon
573 927 604 958 in
618 932 753 968 quatuor
765 929 969 970 evangelistas

168 979 258 1020 incip.
276 980 292 1017 ἡ
308 978 410 1018 τέτρας
425 978 481 1009 ὦδε
496 983 552 1009 τῶν
567 982 703 1017 μαθητῶν
719 981 878 1019 τοῦλόγου,
890 984 922 1010 et
939 980 969 1010 in

169 1029 252 1060 calce
276 1030 357 1066 libri,
383 1036 400 1046 ·‘
417 1030 465 1060 Ex
495 1030 581 1060 libris
613 1030 707 1061 MSS.
733 1030 810 1061 Geo.
829 1031 969 1062 Wheleri

172 1081 422 1122 peregrinatione
451 1081 517 1122 ejus
548 1081 711 1122 Zacyntho
738 1082 854 1112 collect.
887 1094 970 1113 anno

170 1133 209 1162 D.
226 1132 334 1172 1676.”

190 1183 239 1214 Cf.
256 1183 335 1213 Mill.
354 1187 389 1214 ut
406 1194 507 1224 supra.

457 1290 605 1324 XVIII.

86 1354 204 1387 Codex
237 1353 449 1392 chartaceus,
482 1353 515 1386 in
546 1355 618 1392 4t0,
650 1353 684 1386 ff.
705 1356 787 1393 232,
819 1365 884 1387 sec.
904 1367 970 1394 xv„

110 1422 212 1444 manu
232 1410 255 1443 J
258 1411 402 1444 ohannis
421 1411 598 1455 cujusdam
618 1412 728 1444 nitide
747 1418 916 1445 exaratus.

131 1472 157 1501 1.
177 1472 207 1501 S.
224 1471 369 1501 Matthaei
388 1471 603 1512 Evangelium,
619 1472 740 1512 praeviis
756 1472 898 1513 capitulis
918 1484 971 1503 nu-

192 1534 277 1553 mero
293 1523 456 1563 sexaginta
472 1527 552 1553 octo.
577 1523 628 1553 fol.
642 1533 672 1564 3.

235 1574 288 1604 Tit
314 1574 346 1604 τὸ
367 1576 439 1604 κατὰ
456 1577 611 1604 Ματθαῖον
631 1575 716 1613 ἅγιον
742 1575 915 1614 εὐαγγέλιον
938 1576 970 1613 τῇ

215 1627 331 1666 κυριακῇ
354 1625 387 1666 τῇ
412 1624 467 1663 πρὸ
491 1626 539 1662 τῆς
562 1627 690 1663 Χριστοῦ
718 1625 892 1664 γεννήσεως.
911 1625 972 1663 ἤτοι

212 1678 269 1704 τῶν
285 1675 376 1714 ἁγίων
392 1676 535 1713 πατέρων.

125 1732 157 1760 2.
171 1730 202 1760 S.
210 1730 311 1760 Marci
324 1729 525 1770 evangelium,
536 1729 651 1770 praevia
662 1730 867 1771 capitulorum
879 1730 970 1761 xlviii.

192 1781 300 1812 tabula
315 1786 347 1811 et
363 1781 555 1822 praefatione.
581 1781 633 1811 fol.
651 1782 701 1820 67.

235 1832 297 1863 Tit.
323 1833 355 1862 τὸ
382 1834 454 1863 κατὰ
479 1833 602 1872 Μάρκον
628 1833 713 1872 ἅγιον
741 1833 915 1872 εὐαγγέλιον
939 1835 971 1871 τῇ

217 1884 333 1926 κυριακῇ
348 1886 404 1922 πρὸ
420 1887 477 1914 τῶν
494 1885 606 1923 φώτων.

236 1935 335 1976 Incip.
359 1946 425 1976 arg.
447 1935 479 1965 τὸ
504 1938 575 1966 κατῖι
597 1935 719 1975 Μάρκον
742 1936 917 1975 εὐαγγέλιον
941 1937 972 1966 ἐν

213 1986 317 2029 Ῥώμῃ.

237 2038 275 2068 In
291 2038 384 2075 calce,
400 2038 499 2068 ἰστέον
514 2039 558 2068 ὅτι
578 2038 610 2068 τὸ
627 2039 698 2068 κατὰ
714 2038 837 2077 Μάρκον
853 2039 971 2078 εὐαγγέ-

215 2094 282 2120 λιον
305 2090 488 2129 ὑπαγορεύθη
505 2091 537 2120 ἐν
551 2089 646 2127 Ῥώμῃ
664 2089 719 2119 ὑπὸ
736 2090 861 2128 Πέτρου,
878 2089 971 2127 ἐποιή-

216 2154 288 2171 σατο
305 2142 402 2179 δὲτὴν
422 2142 516 2181 ἀρχὴν
537 2141 593 2171 ἀπὸ
614 2143 664 2171 τοῦ
684 2144 860 2179 προφητικοῦ
881 2143 972 2180 λόγου

215 2195 266 2222 τοῦ
287 2191 321 2230 ἐξ
338 2194 432 2231 ὕψους
451 2193 582 2224 ἐπιόντος
597 2195 647 2222 τοῦ
662 2191 789 2222 εΗσαίου
805 2193 856 2230 τὴν
872 2205 971 2231 πτερο-

216 2244 296 2281 τικὴν
313 2245 411 2274 εἰκόνα
426 2246 476 2274 τοῦ
493 2244 664 2283 εὐαγγελίου
681 2244 800 2275 δεικνύς.

238 2294 427 2335 Sequuntur,

163 2359 192 2376 α.
210 2346 325 2376 Versus
337 2346 472 2387 quinque
484 2346 607 2376 iambici
620 2346 650 2376 in
664 2346 694 2376 S.
708 2345 859 2381 Marcum,
871 2345 971 2386 incip..

239 2397 353 2436 Πέτρου
368 2398 484 2435 μυηθεὶς
500 2400 559 2429 τοῖς
575 2397 737 2436 ἀποῤῥήτου
752 2398 862 2436 λόγοις.

162 2456 195 2491 β.
213 2453 327 2483 Versus
343 2458 478 2493 quatuor
492 2452 606 2482 heroici
622 2452 652 2482 in
670 2452 810 2485 eundem,
827 2451 928 2491 incip..

239 2504 296 2534 ὅσα
311 2505 377 2542 περὶ
394 2507 532 2542 Χριστοῖο
550 2504 689 2542 Θεήγορος
705 2504 792 2533 ἔθνεα
809 2503 929 2541 Πέτρος.

131 2559 162 2588 3.
181 2558 211 2588 S.
229 2557 323 2589 Lucae
348 2558 550 2599 evangelium,
575 2557 695 2597 praeviis
719 2557 861 2598 capitulis
888 2562 973 2588 octo-

196 2609 284 2650 ginta
300 2610 408 2640 tribus.
433 2609 483 2639 fol.
502 2619 567 2647 114.

239 2660 301 2690 Tit.
319 2660 350 2690 τὸ
367 2662 439 2690 κατὰ
455 2662 570 2690 Αουκᾶι·
581 2660 664 2698 ἅγιον
677 2659 851 2699 εὐαγγέλιον
868 2661 907 2691 εἰς
922 2659 974 2697 τὴν

218 2711 356 2750 γέννησιν
372 2715 422 2742 τοῦ
437 2713 610 2750 προδρόμου.

240 2762 438 2800 Praecedunt,

1064 253 1090 270 α.
1108 243 1259 280 προοίμιον
1285 245 1336 272 τοῦ
1362 244 1433 273 κατὰ
1463 245 1578 273 Λουκᾶν
1609 243 1692 282 ἁγίου
1718 243 1900 282 εὐαγγελίου.

1127 292 1217 333 incip.
1234 294 1290 333 χρὴ
1306 294 1356 323 τοι·
1373 293 1596 333 ἐντυγχάνοντα,

1063 350 1093 383 β.
1110 349 1198 377 Τίτου
1215 349 1374 378 ἐπισκόπου
1398 349 1580 389 [πρόλογος·]
1606 349 1693 389 incip.
1719 349 1816 379 ἰστέον
1836 350 1900 380 τοὺς

1127 400 1180 436 μὲν
1197 399 1314 430 ἄλλους.

1064 465 1089 491 γ.
1110 455 1212 491 Κοσμᾶ
1228 453 1481 484 Ἰνδικοπλεύστου
1506 454 1687 493 [πρόλογος]
1711 453 1799 494 incip.
1821 454 1902 484 οὗτος

1128 505 1142 533 ο’
1161 507 1273 536 Λουκᾶς
1288 506 1303 534 ὁ
1321 506 1422 543 τρίτος.

1065 561 1087 588 δ.
1106 560 1242 591 ὑπόθεσις
1273 562 1322 589 τοῦ
1356 561 1427 590 κατὰ
1453 562 1568 590 Λουκᾶν
1595 560 1777 599 εὐαγγελίου.
1809 560 1900 600 incip.

1129 612 1200 640 κατὰ
1217 613 1331 640 Λουκῐιν
1347 610 1378 640 τὸ
1401 610 1574 650 εὐαγγέλιον
1595 611 1812 650 ἐπιγέγραπται.

1065 679 1088 696 ε.
1107 666 1350 708 [Argumentum
1371 667 1465 705 aliud,
1481 668 1570 709 incip.
1587 670 1699 700 Λουκᾶς
1715 669 1729 697 ὁ
1746 671 1822 700 θεῖος
1836 668 1902 698 Ἀν-

1128 718 1242 756 τιοχεὺς
1257 719 1310 755 μὲν
1325 717 1385 759 ἦν]

1066 786 1091 806 ς.
1110 772 1208 802 ἰστέον
1232 773 1275 802 ὅτι
1301 773 1334 802 τὸ
1363 775 1433 803 κατὰ
1458 775 1573 803 Λουκᾶυ
1597 773 1770 812 εὐαγγέλιον
1796 775 1902 813 ὑπαγο-

1129 824 1216 862 ρεύθη
1238 823 1292 853 ὑπὸ
1315 826 1436 854 Παύλου
1461 826 1492 854 ἐν
1514 824 1607 862 Ῥώμῃ
1631 825 1679 854 ἅτε
1705 825 1737 862 δὴ
1763 826 1903 863 ἱερατικοῦ

1130 876 1308 914 χαρακτῆρος
1326 875 1457 914 ὑπάρχον
1482 876 1538 905 ἀπὸ
1565 877 1710 915 Ζαχαρίου
1734 878 1784 906 τοῦ
1807 876 1903 915 ἱερέως

1131 928 1286 963 θυμιῶντας
1304 926 1418 964 ἤρξατο,

1153 978 1322 1016 Αὔγουστος
1338 977 1478 1015 ἑορτάζων
1494 977 1509 1015 ἢ
1527 977 1627 1015 ἑορτὴν
1642 977 1856 1016 προτιθέμενος.

1150 1026 1250 1065 Ἀβιὰ,
1267 1027 1360 1065 πατήρ
1375 1040 1440 1064 μου,
1459 1028 1562 1065 κύριος,
1578 1026 1702 1066 Ἀαρὼν,
1718 1029 1792 1066 ὅρος.

1151 1089 1174 1106 κ.
1191 1089 1215 1105 τ.
1232 1081 1260 1105 λ.

1066 1136 1090 1167 ζ.
1108 1132 1204 1171 στίχοι
1219 1131 1332 1169 Νικήτα
1355 1132 1523 1170 φιλοσόφου
1548 1134 1598 1161 τοῦ
1623 1133 1843 1170 Παμφλαγόνος
1866 1133 1904 1162 εἰς

1131 1183 1182 1212 τὸν
1198 1182 1411 1222 εὐαγγελιστὴν
1427 1185 1550 1217 Λουκᾶν,
1567 1182 1658 1223 incip.

1174 1235 1245 1270 ζωῆς
1260 1233 1311 1263 τὸν
1327 1234 1414 1271 ἄρτον
1430 1234 1560 1272 Χριστὸν
1575 1233 1736 1271 ἠξιωμένος,

1068 1301 1094 1325 η.
1114 1287 1231 1318 Versus
1246 1288 1297 1318 alii
1314 1288 1448 1329 quinque
1464 1288 1596 1323 iambici,
1613 1288 1704 1328 incip.

1173 1340 1267 1379 τρίτος
1283 1341 1313 1370 δὲ
1330 1342 1441 1371 Λουκᾶς
1456 1341 1602 1379 ῥητορεύει
1617 1341 1761 1377 μειζόνως.

1048 1396 1075 1425 4.
1094 1395 1124 1425 S.
1139 1395 1292 1425 Johannis
1308 1395 1508 1436 evangelium.
1525 1395 1646 1436 praeviis
1661 1395 1803 1436 capitulis
1822 1396 1904 1425 xviii.

1111 1446 1162 1476 fol.
1181 1447 1247 1487 183.

1152 1497 1216 1527 Tit,
1244 1497 1274 1527 τὸ
1302 1499 1373 1527 κατὰ
1396 1496 1537 1535 Ἰωάννην
1567 1497 1650 1536 ἅγιον
1678 1497 1850 1536 εὐαγγέλιον
1875 1497 1906 1535 τῇ

1133 1549 1201 1588 ἁγία
1218 1548 1263 1578 καὶ
1278 1548 1392 1587 μεγάλῃ
1409 1549 1525 1590 κυριακῇ
1542 1551 1591 1578 τοῦ
1607 1548 1728 1588 Πάσχα.

1155 1598 1192 1628 In
1208 1599 1301 1635 calce,
1322 1600 1418 1638 στίχοι
1444 1600 1484 1630 εἰς
1504 1599 1555 1628 τὸν
1579 1599 1792 1638 εὐαγγελιστὴν
1811 1598 1907 1628 Ἰωάν-

1134 1662 1196 1688 νην,
1212 1649 1302 1690 incip.

1176 1703 1302 1739 Βροντῆς
1318 1701 1368 1731 τὸν
1384 1701 1447 1731 υἱὸν
1462 1701 1503 1732 τὶς
1518 1704 1632 1739 βροτῶν
1647 1701 1685 1738 μὴ
1701 1700 1850 1738 θαυμάσει.

1155 1751 1303 1792 Sequitur
1339 1751 1558 1792 interpretatio
1596 1753 1753 1782 nominum
1789 1752 1907 1792 aliquot

1134 1803 1372 1839 Hebraicorum,
1389 1808 1420 1833 et
1436 1803 1546 1833 deinde
1569 1803 1693 1840 notitia,
1709 1805 1746 1844 τῷ
1767 1803 1801 1844 τῇ
1817 1803 1908 1839 πυξίὸι

1132 1855 1221 1895 ταύτῃ
1245 1855 1321 1893 τρισὶ
1345 1855 1496 1886 δακτύλοις
1516 1855 1725 1893 πεπληρωκότι,
1743 1854 1779 1884 σὺ
1794 1853 1816 1883 δ’
1833 1855 1908 1884 ἀντι-

1132 1906 1199 1943 ὂόης
1215 1906 1323 1944 ἄφεσιν
1339 1906 1483 1943 ἁμαρτιῶν
1499 1906 1514 1934 ὁ
1530 1905 1678 1942 παντάναξ
1694 1904 1754 1934 ‘mk
1772 1906 1816 1934 καὶ
1830 1905 1906 1942 Αόγε

1133 1956 1241 1994 πατρὸς
1256 1957 1306 1985 τοῦ
1326 1956 1512 1995 προανάρχου
1528 1956 1563 1986 ἵν“
1579 1956 1656 1986 ὅπως
1671 1958 1728 1986 τοῖς
1744 1957 1907 1993 ἀριστεφῶν

1131 2008 1169 2045 μὴ
1185 2008 1300 2048 τύχοιεν
1321 2010 1381 2038 τοῖς
1404 2009 1429 2037 δ’
1453 2009 1484 2037 ἐκ
1505 2010 1604 2045 δεξιῶν
1626 2007 1712 2036 αὑτὸν
1735 2007 1906 2045 συναριθμή-

1133 2071 1199 2090 σαις
1215 2058 1273 2096 ἅμα
1289 2058 1326 2099 τῷ
1344 2057 1466 2100 Ἰωάννῃ
1490 2058 1568 2097 λέγω
1585 2059 1622 2098 τῷ
1637 2059 1708 2095 μετὰ
1725 2060 1778 2086 σοῦ
1794 2060 1843 2095 τῆς
1857 2060 1907 2095 μῆ·

1132 2111 1198 2148 τρός
1213 2122 1266 2140 σου
1282 2111 1385 2150 δούλῳ,

1155 2160 1192 2190 In
1217 2160 1319 2191 fronte
1343 2172 1414 2202 pag.
1437 2170 1445 2190 1
1472 2164 1614 2190 notatum
1635 2163 1692 2195 est,
1711 2164 1728 2175 “
1746 2159 1907 2189 vocabula

1133 2212 1242 2242 Graeca
1266 2223 1305 2242 ex
1329 2212 1410 2242 dono
1436 2210 1592 2241 Edmundi
1615 2209 1768 2252 [Audley]
1795 2210 1905 2240 Sarum

1131 2263 1295 2304 episcopi.”

1414 2356 1520 2389 XIX.

1027 2419 1147 2453 Codex
1166 2418 1378 2457 chartaceus,
1397 2419 1430 2450 in
1450 2420 1519 2451 4to.
1539 2416 1572 2449 ff.
1589 2419 1669 2453 295.
1688 2427 1754 2449 sec.
1771 2416 1838 2448 xvi.
1858 2416 1907 2448 in-

1051 2477 1175 2516 euntis,
1194 2487 1355 2521 magnam
1382 2475 1513 2508 scilicet
1542 2479 1673 2519 partem
1701 2485 1790 2507 anno
1812 2473 1904 2507 1506

1051 2539 1233 2572 exaratus3
1261 2532 1404 2566 mutilus
1422 2537 1457 2565 et
1476 2531 1614 2564 madore
1633 2536 1823 2575 corruptus.

1071 2602 1098 2631 1.
1115 2600 1351 2641 Euchologium,
1363 2600 1477 2641 praevia
1490 2599 1597 2630 tabula
1610 2604 1826 2630 contentorum
1842 2599 1904 2629 offi-

1091 2651 1139 2682 cia
1155 2662 1222 2692 qnae
1239 2655 1410 2692 sequuntur
1425 2650 1651 2691 amploctento3
1674 2650 1801 2687 scilicet,

1134 2716 1160 2733 α.
1177 2703 1242 2741 περὶ
1257 2705 1306 2739 τῆς
1323 2701 1381 2732 κατ’
1399 2702 1462 2733 ἔτος
1485 2703 1616 2738 συνόδου,
1634 2701 1668 2738 ἣν
1684 2704 1761 2732 ποιεῖ
1774 2703 1789 2732 ὁ
1810 2703 1905 2742 ἀρχιε-

1195 2753 1269 2792 ρεὺς.
1293 2752 1343 2782 fol.
1358 2763 1387 2793 5.

1246 2815 1267 2839 C
1296 2808 1317 2838 2
