2254 3117
361 163 407 200 76
909 158 1206 194 CATALOGUS
1231 156 1464 192 CODICUM
1491 156 1598 191 MSS.

471 259 548 290 tium
563 257 700 299 discipuli
720 256 785 298 ejus
805 259 836 287 et
856 255 1037 287 successoris
1058 255 1109 296 qui
1130 255 1157 286 ei
1179 266 1234 296 per

469 310 684 341 revelationem
716 308 816 338 suerat
849 311 989 338 ostensus
1002 319 1010 343 ;
1043 306 1125 347 quod
1154 309 1233 337 esset

470 371 606 392 sessurus
628 360 658 389 in
681 359 859 390 cathedram
881 358 975 399 ipsius
985 359 1012 393 ;“’
1034 357 1125 400 incip.
1146 362 1164 375 “
1177 357 1232 389 Sa-

469 411 575 442 cerdos
590 413 621 441 et
636 410 798 441 assertor.”

367 463 416 493 26.
434 463 464 493 S.
479 462 640 503 Polycarpi
656 461 785 502 epistola
799 462 839 492 ad
856 461 1074 502 Philippenses.
1098 460 1147 491 fol.
1163 471 1174 491 1
1185 462 1230 491 16.

493 513 554 543 Tit.
566 518 584 529 ‘⁶
594 512 735 554 Epistola
751 512 782 543 S.
793 512 954 553 Polycarpi
967 512 1099 553 episcopi
1112 516 1144 542 et
1156 522 1234 542 mar-

471 564 550 601 tiris,
565 564 701 605 discipuli
719 563 823 595 Sancti
839 563 859 594 J
862 563 990 594 ohannis
1005 563 1216 604 evangeliste.n

368 617 416 647 27.
435 615 465 646 S.
478 615 688 656 Chrysostomi
709 626 808 646 sermo
827 615 864 645 de
885 614 1078 655 reparatione
1098 614 1174 654 lapsi
1194 614 1234 644 ad

450 666 644 697 Theodorum
659 667 851 703 monachum,
872 666 1053 707 [interprete
1069 664 1235 695 Ambrosio

451 717 680 759 Traversarioss]
708 718 758 748 fol.
776 726 831 758 117
845 718 873 748 b.

492 769 589 809 Incip.
607 773 624 786 ‘⁶
637 769 712 808 Quis
726 769 813 800 dabit
828 768 950 809 capiti.''

366 823 416 851 28.
436 821 468 851 S.
486 820 667 862 Hieronymi
696 821 733 851 de
764 819 926 851 Hebraicis
956 817 1174 860 quaestionibus
1203 817 1234 847 in

450 872 603 910 Genesim,
618 882 687 903 cum
702 871 891 913 praefatione.
916 870 966 901 fol.
984 879 1039 909 129
1052 869 1081 899 b.

493 923 639 964 Sequitur
660 922 844 953 tractatulus
866 923 904 953 de
925 921 1070 952 membris
1090 919 1232 954 Domini;

472 975 560 1016 incip.
577 975 806 1016 “Omnipotens
821 973 973 1004 Dominus
988 973 1115 1003 Pater.”

494 1026 582 1057 Inter
596 1037 696 1067 opera,
713 1026 761 1056 ed.
773 1024 904 1056 Vallars.
923 1027 997 1055 tom.
1014 1023 1054 1054 iii.
1072 1022 1127 1053 col.
1141 1032 1211 1063 30¹-

368 1080 416 1111 29.
430 1078 577 1120 Ejusdem
586 1078 638 1108 ‘do
649 1077 811 1108 Hebraicis
822 1075 1040 1117 quaestionibus
1051 1074 1083 1104 in
1094 1073 1235 1109 Samuel,'

451 1129 513 1159 sive
527 1129 558 1159 in
573 1128 666 1159 libros
681 1128 810 1169 Regum.
831 1127 881 1157 fol.
900 1134 966 1167 145.

493 1179 573 1211 Ibid.
590 1183 663 1211 tom.
679 1179 720 1209 iii.
736 1178 791 1209 col.
805 1185 875 1219 755.

367 1232 416 1261 30.
433 1230 579 1270 Ejusdem
598 1229 636 1259 de
650 1227 814 1258 Hebraicis
832 1225 1051 1267 quaestionibus
1070 1225 1101 1255 in
1118 1224 1235 1255 Parali-

451 1291 611 1322 pomenon.
634 1280 685 1311 fol.
702 1287 771 1320 153.

468 1376 471 1377 .
495 1331 573 1361 Ibid.
589 1333 663 1361 tom.
680 1329 720 1360 iii.
737 1329 791 1360 col.
806 1329 876 1369 789.

369 1383 417 1412 31.
434 1381 581 1422 Ejusdem
602 1380 679 1410 liber
700 1379 738 1409 de
761 1379 821 1409 situ
843 1382 874 1409 et
896 1377 1069 1409 nominibus
1091 1377 1234 1411 locorum,

451 1443 518 1463 cum
533 1431 722 1473 praefatione.
746 1430 797 1461 fol.
816 1431 881 1460 160.

494 1483 590 1524 Incip.
608 1482 691 1523 praef.
713 1486 730 1499 ‘⁶
744 1481 903 1519 Eusebius,
924 1480 975 1522 qui
997 1480 1027 1510 in
1050 1479 1179 1516 beatos*
1202 1483 1235 1509 ut
1268 1516 1269 1519 Ἴ

1268 1522 1269 1536 ’
1312 1533 1339 1563 7.
1356 1531 1501 1572 Hymnus
1515 1531 1555 1561 ad
1571 1530 1606 1561 B.
1620 1530 1665 1561 M.
1678 1531 1846 1572 Virginem.
1870 1531 1919 1562 fol.
1936 1534 1993 1562 126
2006 1532 2034 1562 b.

472 1534 543 1566 ibid.
559 1538 635 1564 tom.
650 1533 691 1564 iii.
708 1533 762 1563 col.
783 1541 849 1562 121.

494 1586 531 1616 In
555 1585 646 1623 calce,
670 1584 834 1625 “Explicit
860 1583 936 1614 liber
959 1582 1065 1613 Sancti
1087 1582 1236 1612 ,leronimi

474 1636 635 1679 presbiteri
650 1637 688 1667 de
703 1636 771 1673 situ7
788 1635 850 1666 sive
865 1634 1033 1670 distanciis,
1050 1634 1094 1664 vel
1110 1633 1235 1663 nomini-

472 1690 529 1720 bus
543 1688 705 1719 locorum?

493 1740 638 1782 Sequitur
659 1739 863 1780 fragmentum
887 1749 924 1768 ex
949 1737 1037 1767 Pauli
1061 1736 1179 1767 diaconi
1206 1739 1237 1766 ct

474 1791 615 1832 Eutropii
633 1790 789 1821 Historiis.

499 1842 532 1873 ln
551 1853 620 1884 pag.
636 1842 734 1883 prima
749 1844 885 1877 notatur,
903 1845 921 1856 “
931 1839 1042 1870 (laucio
1060 1839 1105 1869 M.
1118 1839 1235 1869 (10111111-

474 1894 520 1925 nis
544 1918 646 1924 .....
669 1893 808 1933 exposita
840 1892 870 1922 iu
900 1892 978 1922 cista
1010 1891 1151 1932 Langton
1181 1901 1237 1931 pro

474 1945 554 1985 xxvj.
569 1956 592 1975 s.
609 1943 670 1985 viij.
682 1944 711 1973 d.
734 1943 765 1973 in
785 1942 866 1984 vigil.
888 1942 919 1972 S.
935 1941 1079 1973 Cathedr.
1102 1941 1132 1971 S.
1151 1940 1236 1971 Petri

475 2007 554 2027 anno
570 1995 692 2026 Domini
708 2006 747 2025 m.
760 2005 837 2025 cccc.
847 1993 928 2034 xxj.’'

711 2078 896 2113 CCXXX.

372 2144 488 2177 Codex
507 2142 793 2180 membranaceus,
812 2140 845 2172 in
860 2142 928 2178 atto,
944 2139 977 2173 ff.
991 2142 1070 2178 254,
1089 2151 1153 2172 sec.
1168 2139 1235 2171 xiv.

396 2201 552 2235 ineuntis.
571 2199 659 2232 binis
677 2198 844 2232 columnis
861 2203 1029 2232 exaratus.

416 2263 442 2291 1.
459 2259 678 2301 Compendium
696 2258 835 2290 veritatis
850 2248 1044 2299 Theologicae
1064 2258 1149 2288 libris
1170 2268 1236 2297 sep-
1264 2273 1266 2276 >

476 2316 538 2342 tem
551 2310 809 2351 comprehensum,
820 2308 959 2349 [auctore
970 2309 1099 2339 Alberto
1112 2308 1236 2349 Magne,

476 2363 537 2392 sive
548 2362 642 2392 Petro
652 2360 782 2397 Thema,
795 2360 855 2390 sive
868 2360 1071 2401 cujuscunque
1084 2359 1148 2400 sit,]
1160 2370 1236 2400 prec-

477 2414 523 2443 via
539 2411 654 2443 tabula.
678 2411 727 2441 fol.
745 2421 769 2441 1,

518 2464 577 2494 Tit.
609 2468 626 2479 ‘⁴
644 2462 754 2503 Incipit
786 2461 928 2502 prologus
965 2462 995 2491 in
1026 2460 1237 2502 compendium

498 2513 665 2555 theologice
680 2512 845 2543 veritatisff'

519 2565 633 2596 Exstat
653 2565 789 2605 impress.
808 2550 887 2594 inter
903 2563 1022 2594 Alberti
1044 2574 1146 2604 opera,
1164 2567 1236 2593 tom.
1269 2550 1270 2607 1

498 2617 558 2646 xiii.
575 2620 654 2657 part.
670 2615 710 2645 iii.

520 2668 555 2697 In
572 2667 663 2703 ealce,
680 2672 697 2683 ‘⁸
710 2664 845 2706 Explicit
860 2664 972 2695 veritas
988 2665 1165 2706 theologie.”

519 2718 639 2748 Deinde
654 2716 804 2747 distichon
818 2715 855 2746 (10
870 2715 972 2746 hostia
988 2715 1113 2752 Christi,
1130 2720 1147 2732 ‘⁴
1160 2716 1237 2747 Can-
1283 2708 1286 2712 ⁴

499 2769 580 2805 dida,
598 2768 748 2804 triticea‚”
764 2770 820 2797 etc.

1305 256 1335 284 2.
1352 254 1459 285 Sermo
1474 254 1556 295 quod
1573 264 1634 284 non
1652 256 1700 284 est
1716 253 1880 284 dolendum
1902 255 1940 285 de
1960 259 2058 287 morte
2080 257 2154 287 ami-

1367 316 1472 336 corum
1487 305 1706 340 immoderate;
1727 307 1759 335 et
1775 304 1812 335 de
1827 305 2011 347 etymologia
2025 306 2155 338 nominis

1369 357 1528 388 Bernardi.
1550 356 1600 386 fol.
1616 356 1654 397 98
1668 356 1697 386 b.

1305 410 1335 440 3.
1351 407 1587 447 Quaestiunculae
1613 407 1651 437 de
1677 411 1796 447 septem
1823 407 2028 440 Saeramentis
2053 413 2085 440 et
2111 420 2155 439 re-

1368 458 1546 500 sponsiones
1562 458 1738 488 carundem.
1761 458 1811 489 fol.
1825 469 1875 499 99.

1414 510 1509 550 Incip.
1526 514 1544 526 “
1557 509 1637 549 Quid
1652 513 1700 540 est
1716 509 1980 541 Sacralnentum.''

1308 562 1336 591 4.
1353 561 1460 591 Sermo
1475 560 1507 590 in
1521 560 1605 591 istud
1617 565 1625 577 ‘
1638 561 1732 602 Agite
1748 561 1980 602 poenitentiam.'
1995 562 2046 592 fol.
2061 573 2117 593 100
2127 563 2156 593 b.

1413 611 1508 652 Incip.
1526 616 1544 628 ‘⁶
1558 611 1648 642 Beati
1664 612 1714 652 qui
1730 612 1887 642 audiunt.'⁷

1414 662 1427 692 J
1431 673 1450 692 n
1462 662 1554 700 calce,
1564 663 1784 693 testrastichon
1796 663 1834 693 de
1849 663 2046 701 confessione,
2058 668 2075 680 “
2084 664 2159 694 Pro-

1392 712 1473 749 vida,
1488 712 1611 750 festina,
1627 713 1826 754 spontanea.”

1413 763 1590 804 Sequuntur
1611 768 1692 794 notae
1715 764 1880 801 breviores,
1903 775 1997 805 quare
2020 764 2159 806 Evange-

1392 814 1470 845 listae
1493 818 1625 855 quatuor
1651 815 1681 844 in
1708 815 1807 855 specie
1830 819 1963 856 quatuor
1984 816 2159 847 animalium

1391 864 1618 905 depinguntur;
1641 864 1750 906 quibus
1764 865 1930 906 privilegiis
1945 866 2081 907 gaudent
2096 877 2160 896 mu-

1391 914 1480 945 lieres
1491 928 1499 950 ;
1517 915 1555 946 de
1567 915 1724 952 divitibus,
1735 926 1803 946 cum
1819 916 2010 948 maritabunt
2025 917 2103 948 filias
2115 917 2159 948 vel

1392 965 1477 1002 filios,
1494 966 1534 996 ad
1549 977 1699 1007 pauperes
1718 967 1911 997 currentibus
1929 971 1960 998 et
1979 967 2159 1006 dicentibus,

1393 1020 1411 1032 ‘⁴
1424 1016 1518 1057 Tayle
1533 1028 1642 1058 penne,
1659 1017 1754 1058 Tayle
1770 1028 1843 1048 mun
1858 1018 1948 1048 vilein
1959 1020 1990 1053 ;'’
2009 1022 2067 1049 etc.

1308 1073 1337 1102 5.
1354 1071 1572 1110 Elucidarium,
1589 1072 1674 1104 libris
1694 1073 1793 1104 tribus
1811 1073 1990 1110 exhibitum,
2006 1085 2075 1105 cum
2093 1085 2161 1115 pro—

1370 1123 1449 1164 logo.
1472 1123 1522 1154 fol.
1539 1133 1595 1164 103
1609 1124 1639 1155 b.
1686 1126 1690 1131 '

1413 1174 1511 1215 Incip.
1529 1178 1547 1191 “
1560 1175 1668 1216 Sepius
1683 1178 1810 1216 rogatus
1825 1187 1843 1206 a
1859 1176 2099 1217 condiscipulis.”

1414 1226 1464 1256 Ad
1481 1226 1572 1257 finem
1587 1227 1719 1257 habetur
1734 1228 1825 1258 index
1841 1228 1985 1268 capitum.

1309 1277 1337 1308 6.
1355 1278 1517 1309 Sermones
1530 1278 1561 1308 in
1572 1278 1664 1313 istud,
1676 1278 1899 1309 Tenebrescere
1913 1279 2023 1310 faciam
2036 1283 2160 1315 terram,

1372 1333 1404 1360 et
1418 1329 1450 1359 in
1470 1329 1561 1366 istud,
1578 1329 1755 1360 Thesaurus
1770 1330 1979 1360 desiderabilis
1994 1334 2026 1361 et
2041 1331 2160 1361 oleum'

1372 1380 1423 1411 fol.
1440 1390 1452 1410 1
1461 1389 1509 1421 23.

1416 1429 1510 1471 Incip.
1532 1430 1551 1460 i.
1572 1434 1592 1448 “
1606 1429 1757 1461 Scribitur
1778 1430 1809 1460 in
1830 1430 1912 1461 Eccl.
1932 1430 1992 1462 Cor
2014 1430 2161 1472 sapientis

1393 1481 1541 1512 eru<liet.”
1934 1482 1938 1487 ⁴

1417 1581 1512 1623 Incip.

1395 1638 1413 1649 ‘⁶
1427 1633 1538 1663 Letare
1554 1643 1704 1673 puerpera
1719 1633 1782 1663 leta
1797 1633 1986 1674 puerperio.''

1311 1686 1339 1714 8.
1356 1683 1522 1714 Tractatus
1538 1684 1575 1714 de
1591 1684 1789 1725 conceptione
1805 1684 1839 1714 B.
1854 1684 1898 1714 M.
1911 1683 1950 1714 V.
1967 1687 1998 1714 et
2016 1684 2054 1714 de
2072 1683 2161 1714 mira-

1374 1734 1448 1765 culis
1463 1735 1608 1774 ejusdem.
1633 1734 1683 1765 fol.
1701 1743 1769 1774 127.

1415 1785 1476 1815 Tit.
1487 1785 1506 1815 i.
1519 1789 1535 1801 “
1544 1785 1682 1824 Qualiter
1694 1785 1826 1816 honorat
1838 1785 1934 1826 ipsam
1947 1786 2160 1817 honorantes*

1416 1835 1511 1876 Incip.
1537 1840 1554 1852 ‘⁶
1566 1836 1641 1866 Cum
1665 1836 1789 1876 quidam
1815 1847 1868 1866 rex
1892 1836 2014 1877 Anglie,
2032 1837 2159 1867 W'illiel—

1394 1898 1461 1917 mus
1476 1886 1610 1923 nomine,
1625 1887 1746 1917 audiret
1762 1898 1864 1928 regem
1880 1887 2015 1918 Daeiae.”

1311 1940 1338 1971 9.
1356 1937 1403 1968 Dc
1430 1948 1537 1968 novem
1564 1938 1660 1980 poenis
1686 1937 1803 1973 inferni,
1828 1938 1933 1976 Qualis
1959 1938 2070 1969 debeat
2095 1949 2160 1969 esse

1373 1989 1546 2024 confessor;
1574 2000 1643 2020 cum
1670 1989 1788 2019 notitiis
1814 1989 1890 2020 alius
1916 2001 1953 2020 ex
1977 1990 2161 2031 Augustino,

1374 2039 1464 2070 Alex.
1481 2039 1629 2080 Nequam,
1646 2043 1704 2069 etc.
1714 2040 1832 2080 partim
1847 2040 1971 2070 metrice.
1995 2039 2044 2070 fol.
2062 2049 2117 2080 133
2130 2040 2159 2069 b.

1416 2091 1512 2132 Incip.
1529 2095 1546 2107 ‘⁴
1560 2091 1624 2121 Iste
1640 2095 1712 2121 sunt
1728 2091 1767 2120 ix.
1784 2101 1860 2131 pene
1876 2091 2012 2121 inferni?q

1292 2147 1339 2177 10.
1357 2147 1518 2177 Sermones
1534 2147 1571 2177 de
1587 2146 1750 2178 nativitate
1767 2146 1899 2183 Domini,
1916 2151 1973 2177 etc.
1997 2147 2047 2177 fol.
2065 2157 2131 2188 135.

1416 2197 1510 2237 Incip.
1523 2202 1540 2214 “
1550 2197 1689 2228 Verbum
1703 2208 1774 2228 caro
1786 2197 1902 2228 factum
1914 2202 1976 2233 est,
1989 2202 2046 2228 etc.
2064 2198 2161 2229 Juxta

1395 2259 1586 2279 communem
1601 2260 1689 2279 usum
1704 2249 1876 2289 loquendi.”

1416 2299 1467 2329 Ad
1483 2299 1532 2329 fol.
1550 2309 1607 2339 140
1619 2300 1649 2336 b,
1666 2299 1799 2330 occurrit
1819 2299 1850 2329 in
1871 2299 1930 2329 fine
1950 2302 2104 2330 tractatus
2124 2299 2161 2329 de

1395 2350 1547 2391 diligendo
1563 2351 1630 2382 Deo
1646 2362 1750 2382 versus
1768 2351 1861 2392 incip.
1878 2355 1895 2367 ‘⁶
1907 2351 1983 2388 Rex,
2001 2350 2161 2387 Dominus,

1395 2411 1509 2437 cursor,
1522 2401 1629 2441 judex,
1646 2401 1760 2438 adleta,
1776 2400 1869 2436 Deus.
1886 2401 1958 2431 vir.''

1292 2457 1339 2485 11.
1358 2455 1513 2496 Excerpta
1530 2467 1567 2486 ex
1583 2456 1726 2498 Hugonis
1742 2456 1780 2487 de
1796 2456 1826 2486 S.
1838 2456 1967 2487 Victore
1982 2467 2072 2497 super
2085 2457 2161 2487 Gan-

1374 2506 1436 2536 tica
1452 2517 1590 2537 sermone
1606 2518 1653 2537 xv.
1677 2507 1727 2538 fol.
1744 2517 1800 2547 143
1814 2506 1843 2536 b.

1418 2557 1512 2598 Incip.
1530 2561 1548 2574 ‘⁸
1560 2557 1591 2588 Si
1608 2558 1723 2589 scribas
1738 2569 1799 2588 non
1815 2557 1927 2598 sapit.'’

1293 2613 1340 2642 12.
1359 2611 1509 2653 Exempla
1522 2612 1672 2654 Hugonis,
1686 2613 1717 2643 S.
1728 2612 1867 2653 Gregorii
1879 2625 1887 2648 3
1910 2612 1958 2642 De
1974 2611 2161 2652 proprietate

1374 2663 1470 2699 asini,
1489 2664 1526 2694 (10
1542 2668 1744 2705 paupertate;
1767 2664 1805 2693 de
1817 2663 1935 2693 duabus
1951 2662 2062 2703 regulis
2077 2662 2161 2692 theo-

1376 2714 1483 2755 logiae;
1508 2726 1575 2745 cum
1597 2715 1787 2746 sermonibus
1808 2714 1988 2755 quibusdam
2010 2713 2160 2743 brevibus.

1378 2765 1427 2795 fol.
1444 2776 1511 2804 144.

2250 2775 2254 2864 z

2244 2890 2252 3117 i
