2254 3117
313 159 357 189 48
873 148 1173 185 CATALOGUS
1200 148 1434 183 CODICUM
1462 147 1571 182 MSS.

466 253 562 293 Incip.
586 254 665 281 text.
687 253 707 267 ‘⁴
724 248 864 280 Trinitas
891 246 1199 289 supersubstantialis

445 308 476 334 et
493 301 675 343 supe1·dea.”

466 353 563 393 Incip.
589 354 753 382 comment.
780 353 799 367 ‘⁶
817 348 945 379 Mistica
968 347 1126 388 theologia
1152 351 1201 378 est

445 402 689 436 secretissima?
712 407 747 431 ut
770 400 801 430 in
824 399 970 430 Bandinii
994 399 1086 430 catal.
1109 399 1199 429 codd.

448 456 531 485 Latt.
548 458 623 484 tom.
641 453 678 483 iv,
695 451 751 482 cal.
764 452 837 490 428.

467 507 504 537 In
520 505 612 541 calce,
631 510 647 521 ⁴⁴
662 503 799 545 Explicit
815 502 934 533 libellus
959 501 1043 532 beati
1060 501 1201 542 Dionysii

446 556 648 597 Istriopagite
663 555 702 585 de
718 555 841 585 mistica
864 553 1022 594 theologia
1037 563 1106 583 cum
1121 563 1201 583 com-

444 607 578 639 ment0.”

362 667 389 695 4.
408 664 567 695 Notabilia
587 663 730 704 quaedam
751 661 896 692 melliflua
917 664 1065 701 excerpta
1080 660 1118 689 de
1134 659 1200 699 qui-

423 716 553 746 busdam
577 713 738 745 sententiis
762 713 846 743 boati
872 711 1023 742 Bernardi
1045 711 1082 741 de
1105 710 1202 741 excel-

423 767 527 802 lentia,
544 766 634 796 laude
657 769 689 796 et
711 764 865 805 (lignitate
880 764 982 794 beatae
1005 763 1114 793 Maria*
1131 762 1202 792 Vir-

424 817 513 858 ginis.
537 817 589 847 sol.
607 825 655 848 22.

468 868 563 908 Incip.
581 871 600 884 ‘⁶
616 867 687 897 Non
703 871 751 897 est
766 866 847 907 quod
864 877 912 897 me
928 865 1092 897 delectet.''

466 919 615 959 Sequitur
645 918 800 948 sententia
827 917 860 948 S.
882 917 1066 958 Hieronymi
1092 920 1202 946 contra

445 969 464 999 J
468 970 645 1000 ovinianum
662 969 841 999 hereticum.

361 1028 390 1056 5.
409 1025 551 1067 Dionysii
568 1024 767 1065 Areopagitae
783 1024 861 1054 liber
882 1025 920 1055 de
942 1023 1053 1054 divinis
1074 1022 1202 1053 nomini-

424 1077 491 1113 bus,
511 1076 566 1117 [R.
584 1076 732 1107 Grostete
748 1075 942 1117 interprete]
968 1075 1017 1104 fol.
1035 1084 1051 1105 2
1054 1085 1084 1115 5.

467 1127 623 1159 Praecedit
647 1127 795 1168 epigram.
821 1127 912 1167 incip.
957 1130 975 1143 ‘⁶
999 1126 1035 1155 In
1065 1126 1201 1156 animum

446 1180 591 1221 splendor
602 1179 631 1214 ;”
653 1183 685 1209 et
700 1179 731 1208 in
746 1178 885 1219 margine
906 1177 1056 1218 superiori
1080 1176 1200 1213 titulus,

446 1236 464 1248 “
488 1229 720 1261 Commentario.
750 1229 883 1270 Ruperti
915 1227 1136 1258 Lincolniensis
1171 1228 1201 1257 in

443 1292 538 1322 opera
552 1281 637 1312 beati
663 1280 796 1311 Dionisii
823 1279 1026 1320 Areopagite,
1050 1278 1101 1319 qui
1125 1279 1201 1309 vixit

443 1344 526 1364 anno
542 1332 668 1363 Domini
689 1331 797 1372 1150.'’

466 1385 565 1426 Incip.
583 1389 661 1416 text.
686 1389 704 1401 ‘⁶
721 1383 810 1414 Nunc
834 1386 938 1413 autem
967 1393 985 1413 o
1010 1383 1101 1413 beate
1130 1386 1202 1424 post

443 1436 633 1477 theologicas
649 1434 950 1476 subfigurati011es;'’
973 1437 1009 1465 ut
1025 1434 1107 1475 apud
1121 1433 1202 1464 Ban-

445 1488 506 1518 diu.
531 1493 604 1518 tom.
621 1487 659 1517 iv.
684 1486 741 1517 col.
757 1486 830 1524 428,
853 1485 905 1516 ubi
928 1488 1033 1516 tamen
1061 1485 1202 1526 adjectus

444 1543 492 1570 est
508 1537 759 1569 commentarius.

464 1590 500 1620 In
516 1589 610 1626 calce,
628 1593 648 1607 “
663 1587 801 1629 Explicit
817 1587 896 1618 liber
911 1587 996 1618 beati
1013 1587 1146 1618 Dionisii
1163 1588 1201 1618 de

441 1640 552 1671 divinis
567 1639 773 1670 nominibus.”

358 1698 386 1729 6.
404 1697 553 1737 Ejusdem
569 1695 711 1736 Dionysii
727 1695 866 1736 epistolae
883 1695 1008 1729 decem;
1034 1695 1142 1726 eodem
1155 1695 1200 1725 in-

420 1752 569 1789 terprete.
594 1747 645 1777 sol.
661 1756 712 1785 4¹·

464 1798 561 1839 Incip.
578 1802 596 1814 ‘⁶
609 1797 750 1827 Tenebre
766 1801 953 1828 evanescunt
968 1797 1064 1827 luce.”

465 1849 502 1879 In
518 1848 579 1879 fine
602 1849 741 1889 epistolae
768 1849 808 1879 ad
834 1848 1040 1889 Polycarpum
1061 1848 1201 1889 sequitur

443 1899 657 1930 commentarii
669 1900 877 1940 fragmentum
889 1900 946 1930 sub
960 1899 1094 1936 rubrica,
1105 1904 1124 1916 ‘⁶
1132 1899 1200 1930 Ista

442 1951 604 1992 sequentia
633 1962 730 1991 usque
759 1951 799 1981 ad
830 1951 1003 1991 proximam
1037 1950 1200 1991 epistolam

443 2003 543 2044 reperi
573 2002 605 2033 in
635 2003 771 2043 quodam
801 2005 976 2032 commento
999 2012 1091 2042 super
1120 2001 1200 2032 hanc

443 2054 607 2095 epistolam
623 2054 664 2084 ad
682 2054 912 2094 Policarpum.''

360 2113 387 2142 7.
406 2111 553 2151 Ejusdem
583 2110 662 2140 liber
691 2110 728 2140 de
756 2109 889 2150 mystica
914 2108 1083 2150 theologia,
1104 2108 1200 2140 inter-

421 2166 508 2202 prete
526 2171 692 2201 anonymo.
716 2160 768 2191 sol.
782 2162 822 2199 46
839 2161 867 2190 b.

467 2212 621 2242 Praecedit
637 2211 796 2252 epigram,
813 2214 848 2241 ut
865 2220 967 2251 supra.

467 2263 564 2303 Incip.
581 2266 658 2293 text.
678 2267 695 2279 ⁴⁴
707 2261 847 2292 Trinitas
859 2261 1200 2302 supersubstantialiter

445 2325 536 2354 super
557 2313 661 2344 divina
685 2319 716 2344 et
738 2303 836 2354 super
854 2312 988 2354 benigna
1009 2313 1199 2344 Christiano-

446 2376 575 2406 rumque
591 2365 692 2395 divine
709 2364 858 2406 sapientie
874 2364 1073 2405 inspectiva.'’

467 2417 504 2447 Iu
521 2417 614 2453 calce,
631 2421 649 2433 “
662 2417 745 2447 Laus
763 2416 822 2447 tibi
837 2416 859 2446 J
862 2416 937 2446 hesu
959 2427 1080 2456 semper
1099 2416 1200 2446 dulce-

446 2469 485 2497 do
500 2467 552 2505 mi,
566 2468 610 2499 M.
624 2468 657 2498 J.
668 2468 734 2498 M.”
752 2467 806 2509 [an
819 2468 864 2498 M.
875 2467 950 2497 Joh.
962 2467 1198 2509 Mabulthorp3]

361 2526 388 2551 8.
405 2523 560 2553 ‚Iohannis
576 2522 719 2563 Erigon&¹
741 2522 886 2563 prologus
910 2523 942 2552 in
963 2522 1058 2552 libros
1079 2523 1117 2553 de
1143 2533 1200 2553 cae-

422 2574 493 2605 lesti
517 2573 704 2609 hierarchia,
728 2573 937 2604 ecelesiastica
961 2571 1146 2610 hierarchia,
1162 2574 1201 2604 de

424 2625 535 2655 divinis
551 2625 725 2655 nominibus
741 2629 773 2655 ct
789 2625 827 2655 de
840 2624 971 2666 mystica
988 2624 1146 2666 theologia
1160 2625 1201 2655 ad

424 2676 568 2706 Carolum
584 2676 713 2707 Calvum
730 2675 968 2716 Imperatorum.
992 2675 1042 2705 fol.
1059 2685 1098 2715 47
1116 2676 1146 2706 b.

468 2726 563 2767 Incip.
582 2731 600 2744 “
614 2726 716 2757 Valde
734 2726 858 2767 quidem
874 2726 1058 2757 admiranda
1069 2726 1098 2762 ;”
1120 2726 1200 2758 utin

446 2775 535 2807 editt.
552 2776 692 2817 impress.

1294 247 1324 280 9.
1341 246 1372 277 S.
1390 245 1508 287 Ignatii
1530 245 1571 276 ad
1604 245 1639 275 B.
1660 244 1797 275 Mariam
1814 245 1978 287 Virginem
2000 247 2132 287 epistola

1358 308 1427 328 cum
1443 296 1650 336 responsione.
1674 296 1724 326 fol.
1740 296 1780 335 48
1798 296 1827 326 b.

1274 354 1323 383 10.
1341 352 1490 393 Ejusdem
1512 350 1644 391 epistola
1659 350 1699 380 ad
1725 350 1755 381 S.
1766 350 1788 380 J
1791 350 1944 381 ohannem
1966 353 2131 393 evangelis—

1359 409 1424 435 tam
1441 414 1509 434 cum
1526 402 1735 443 responsione.
1760 402 1811 432 fol.
1829 412 1880 442 49.

1278 461 1311 490 ll
1319 484 1325 490 .
1332 459 1474 500 Dionysii
1484 458 1685 499 Areopagitae
1699 458 1737 488 de
1747 458 1861 489 caelesti
1874 458 2047 490 hierarchia
2058 460 2133 491 liber

1360 512 1391 542 in
1407 510 1550 552 capitulis
1566 510 1741 552 quindecim
1758 510 1945 548 distinctus3
1969 522 2037 542 cum
2053 523 2132 543 com-

1361 566 1466 593 mento
1481 561 1671 592 abbreviato.
1696 561 1747 592 fol.
1762 571 1813 602 52.

1403 618 1467 648 Tit.
1484 621 1503 635 ‘⁶
1515 617 1649 647 Dionisii
1666 617 1860 658 Ariopagite,
1885 617 2020 659 episcopi
2037 619 2133 650 Athe—

1383 668 1505 705 niensis,
1516 669 1555 699 ad
1568 668 1790 699 Thimotheum
1804 668 1981 709 episcopum
1991 669 2029 699 de
2045 669 2135 700 celes-

1383 719 1407 750 ti
1423 719 1575 750 ierarchia
1590 719 1759 760 capitulum
1775 719 1942 760 primum.''

1404 774 1502 815 Incip.
1529 778 1608 805 text.
1640 778 1658 791 “
1682 774 1781 805 Omne
1810 774 1918 805 datum
1948 775 2098 815 optimum
2110 776 2135 811 ;”

1382 830 1439 857 etc.
1474 830 1491 843 ‘⁶
1509 825 1569 856 Sed
1592 829 1624 856 et
1645 825 1744 856 omnis
1759 837 1778 856 a
1794 829 1883 866 patre
1908 829 1991 856 mote
2014 825 2134 856 luminis

1382 876 1620 917 apparicionis.”

1404 926 1501 967 Incip.
1518 930 1683 957 comment.
1701 930 1718 943 “
1732 926 1909 967 Eorumque
1930 927 2009 957 hunc
2025 927 2134 957 librum

1383 978 1421 1008 de
1444 977 1584 1014 Grecos'
1608 982 1644 1008 ut
1668 977 1751 1018 apud
1776 977 1907 1008 Bandin.
1931 981 2006 1008 tom.
2023 977 2060 1008 iv.
2077 977 2134 1008 col.

1381 1038 1453 1067 427.

1405 1080 1600 1117 Praeemlunt,

1318 1142 1346 1162 a.
1364 1130 1555 1161 partitiones
1568 1129 1785 1170 capitulorum,
1798 1140 1866 1160 cum
1877 1129 2014 1171 prologo.
2025 1130 2075 1160 fol.
2085 1140 2134 1170 49.

1424 1182 1520 1222 Incip.
1539 1186 1556 1198 ⁴⁶
1572 1181 1767 1212 Intenciones
1783 1185 1814 1212 et
1830 1181 2069 1212 continencias.”

1319 1238 1347 1268 b.
1366 1237 1562 1278 Expositoris
1584 1237 1778 1278 prooemium,
1804 1247 1872 1267 eum
1897 1237 1981 1267 brevi
2006 1237 2135 1277 explica-

1383 1290 1467 1321 tione
1484 1289 1652 1331 praemissa.
1681 1289 1732 1319 fol.
1747 1298 1798 1330 51.

1426 1340 1522 1381 Incip.
1539 1339 1647 1381 explic.
1670 1343 1688 1356 “
1702 1339 1771 1370 Non
1796 1339 1896 1370 inveni
1918 1339 1949 1369 in
1971 1350 2063 1379 greco
2086 1350 2136 1369 ex-

1403 1391 1562 1432 empla1·i.”

1426 1442 1523 1483 Incip.
1551 1452 1678 1483 prooem.
1707 1445 1725 1458 “
1742 1440 1944 1471 Nobilitatem
1971 1441 2135 1481 qui<lem;”

1402 1498 1438 1524 ut
1454 1493 1483 1523 in
1501 1492 1633 1523 Bandin.
1650 1492 1742 1523 catal.
1758 1496 1834 1523 tom.
1847 1492 1885 1522 iv.
1902 1492 1958 1522 col.
1970 1501 2042 1531 427.

1318 1561 1344 1581 c.
1362 1549 1564 1590 Epigramma
1590 1548 1734 1578 Graecum
1761 1548 1792 1578 in
1815 1552 2032 1589 argumentum
2056 1547 2135 1585 libri,

1371 1600 1479 1631 'literis
1504 1599 1625 1630 Latinis
1644 1609 1833 1640 expressum,
1850 1609 1965 1639 suaque
1986 1599 2134 1629 donatum

1381 1651 1649 1692 interpretatione.
1673 1650 1723 1681 fol.
1740 1659 1776 1692 51
1797 1651 1826 1680 b.

1424 1703 1522 1744 Incip.
1535 1703 1645 1744 interp.
1665 1706 1682 1719 “
1696 1702 1775 1733 Sunt
1791 1708 1896 1732 autem
1912 1701 1962 1732 isti
1979 1702 2067 1732 duo.”

1426 1754 1462 1784 In
1478 1754 1561 1784 calce
1577 1754 1655 1789 libri,
1674 1758 1692 1770 ‘⁶
1709 1753 1845 1794 Explicit
1861 1753 1970 1789 liber‚”
1986 1757 2044 1784 etc.
2062 1758 2080 1769 “
2096 1753 2133 1783 de

1405 1805 1508 1836 celesti
1526 1805 1677 1836 ierarchia
1689 1815 1758 1835 cum
1770 1808 1912 1835 cemento
1924 1815 2015 1845 super
2027 1805 2133 1834 eodem

1402 1856 1455 1886 sed
1477 1856 1607 1886 multum
1632 1855 1832 1892 abbreviat0;
1858 1855 1940 1886 Laus
1962 1855 2019 1886 tibi
2034 1855 2133 1886 Jhesu

1402 1907 1532 1937 dulcedo
1547 1907 1608 1941 mi;
1634 1907 1680 1937 M.
1697 1906 1727 1937 J.
1747 1907 1815 1937 M.”

1278 1965 1325 1994 12.
1343 1963 1437 1994 Liber
1453 1964 1490 1993 de
1512 1962 1720 1993 ecclesiastica
1740 1962 1924 1999 hierarchia,
1940 1973 1978 1993 ex
1998 1962 2132 2004 ejusdem

1359 2013 1538 2054 interpretis
1560 2013 1698 2043 versione
1724 2018 1756 2044 et
1783 2012 2048 2053 interpretatione.
2083 2012 2133 2042 fol.

1358 2076 1396 2106 95
1414 2066 1443 2096 b-

1402 2116 1498 2157 Incip.
1515 2120 1592 2146 text.
1611 2119 1629 2132 “
1646 2115 1798 2154 Quoniam
1815 2114 1939 2155 quidem
1955 2125 2013 2154 que
2029 2125 2133 2144 secun—

1378 2168 1451 2198 dum
1468 2178 1522 2197 nos
1538 2165 1726 2196 Ierarchia.”

1401 2218 1499 2259 Incip.
1513 2220 1677 2248 comment.
1696 2220 1717 2234 “
1731 2216 1824 2246 Liber
1835 2216 1873 2246 de
1888 2215 2026 2257 angelica
2041 2215 2133 2245 ierar—

1380 2269 1448 2300 chia
1468 2268 1539 2298 huic
1562 2268 1641 2298 libro
1654 2267 1680 2303 ;”
1703 2271 1738 2298 ut
1753 2267 1784 2297 in
1800 2266 1933 2297 Bandin.
1949 2265 2040 2296 catal.
2057 2270 2131 2296 tom.

1364 2321 1417 2354 ,iv.
1436 2320 1491 2350 col.
1504 2320 1577 2357 426.

1400 2371 1509 2401 Desin.
1527 2374 1690 2400 comment.
1709 2374 1727 2386 “
1739 2374 1775 2400 ut
1797 2368 1870 2399 nulli
1891 2369 2013 2399 deesset
2033 2368 2129 2403 etati;

1380 2422 1435 2452 hec
1451 2421 1528 2451 ille?q

1402 2473 1439 2503 In
1464 2473 1557 2509 calce,
1575 2477 1591 2489 ‘⁵
1607 2472 1689 2502 Laus
1710 2472 1776 2507 tibi,
1792 2476 1849 2502 etc.
1896 2470 2032 2511 Explicit
2056 2471 2132 2501 liber

1380 2523 1584 2554 ecclesiastice
1611 2522 1789 2559 ierarchie‚”
1812 2526 1870 2553 etc.
1917 2526 1937 2540 ‘⁴
1953 2522 2031 2552 Cum
2052 2532 2131 2552 com—

1380 2579 1485 2605 mento
1497 2575 1550 2604 sed
1562 2575 1676 2614 partim
1687 2573 1867 2604 abbreviato
1878 2586 1886 2611 ;
1903 2583 1958 2614 per
1971 2572 2055 2604 M.J.
2067 2573 2132 2603 M.''

1404 2626 1600 2663 Praecedunt,

1317 2688 1345 2709 a.
1363 2677 1530 2708 Particulae
1546 2677 1761 2718 capitulorum.
1785 2676 1835 2706 fol.
1852 2686 1894 2717 94

1317 2734 1345 2764 b.
1358 2733 1559 2774 Epigramma
1570 2733 1722 2769 Graecum,
1733 2731 1830 2762 literis
1842 2731 1962 2762 Latinis
1972 2731 2128 2772 scriptum,

1359 2795 1428 2814 cum
1444 2788 1625 2814 commento.
1650 2783 1700 2813 fol.
1717 2792 1754 2823 95
1773 2782 1802 2813 b.

2252 1236 2254 1290 l

2252 1305 2254 1446 T

2239 2549 2254 2560 ῃ
