2254 3117
620 131 860 167 COLLEGII
888 132 1268 170 BALLIOLENSIS.

75 230 386 273 Eustratii,episcopi
397 231 425 261 N
428 230 527 268 icaeni,
535 230 776 261 commentarius
788 231 819 261 in
830 231 918 261 Ethi-

96 292 202 312 eorum
218 281 399 312 Aristotelis
415 281 509 311 libros
525 281 642 317 (locem,
658 291 727 311 curn
743 281 879 322 prologo.

138 332 201 363 Tit.
218 337 238 350 “
250 332 404 363 Eustratii
418 331 648 372 metropolitani
663 331 761 362 Nikce
778 332 919 362 narracio

117 383 149 412 in
167 383 300 424 primum
318 382 491 413 Aristotilis
507 382 677 412 Moralium
692 382 732 412 ad
750 382 918 413 Niehoma-

118 433 238 464 chum.”

140 484 238 526 Incip.
266 484 351 526 praef.
383 488 402 501 ‘·'
421 483 623 525 Philosophia
653 484 684 514 in
715 485 792 515 duas
823 485 919 515 divisa

117 536 252 577 partes.”

139 586 238 628 Incip.
254 590 333 617 text.
353 590 371 603 “
384 586 493 617 Omnis
513 597 564 616 ars
576 586 605 621 3⁹⁹
628 591 662 617 ut
682 587 712 617 in
729 587 921 618 versionibus

118 636 219 668 tribus
235 637 320 667 Frib.
336 637 439 678 Brisg.
456 637 559 673 editis,
576 648 606 678 p.
622 638 692 668 180.

139 688 237 729 Incip.
256 692 421 719 comment.
439 693 457 705 ⁴⁴
470 688 625 719 Consuote
644 689 833 720 Aristoteles
856 689 921 720 uni·
951 686 953 694 '

118 740 236 771 versale
250 740 432 781 preordinat
448 746 480 770 et
494 739 526 769 in
542 740 679 781 presenti
696 741 868 771 doct1·i11a.”

142 791 255 823 versio
279 791 447 822 commenti
474 791 562 822 istius
589 791 697 821 eadem
723 802 743 821 a
768 791 922 822 Bandinio

119 843 273 873 recensita
288 846 347 879 est,
360 842 391 872 in
405 843 505 874 Catal.
519 841 616 873 Codd.
633 842 781 873 Laurent.
794 847 870 874 tom.
881 843 921 873 iii.
952 857 954 862 ⁴

120 893 176 923 col.
192 903 260 932 174.

126 944 128 947 ’
141 943 297 974 Praeeedit
310 943 424 974 notitia
436 943 474 973 (10
486 943 631 974 cautione
644 943 785 984 exposita
801 945 831 974 in
845 945 923 975 cista

120 995 158 1026 de
171 995 315 1026 Vacham
331 999 363 1026 et
380 994 468 1035 Hesy
483 995 657 1035 [Vaughan
673 1000 706 1026 et
724 995 876 1038 Hussey]‚
893 997 923 1027 in
953 1026 955 1031 ,

119 1046 200 1088 vigil.
217 1046 253 1077 B.
268 1046 315 1076 M.
333 1046 479 1087 Concept.
498 1057 555 1088 pro
571 1046 678 1076 decem
700 1047 822 1084 marcis,
842 1059 924 1079 anno
953 1073 955 1076 .

123 1099 203 1139 1376
220 1102 238 1115 ³
251 1102 283 1128 et
299 1101 408 1129 caveat
425 1097 472 1128 M.
486 1097 625 1128 Thomas
642 1097 839 1139 Lyndelow.”

397 1197 555 1231 CXVII.

36 1260 157 1294 Codex
183 1260 479 1298 membranaceus,
506 1260 541 1292 in
573 1259 666 1300 folio,
694 1259 728 1293 ff.
748 1262 830 1299 245,
858 1271 925 1293 sec.

61 1330 128 1358 xv„
144 1318 233 1352 binis
251 1317 421 1351 columnis
440 1318 551 1352 nitide
570 1323 753 1359 exaratus3
776 1330 820 1352 ex
835 1318 926 1352 dono

63 1377 205 1423 Georgii
223 1375 366 1421 Nevyll,
385 1388 438 1421 ep.
453 1376 569 1410 Oxon.

80 1442 108 1472 1.
123 1441 146 1472 J
150 1441 281 1472 ohannis
304 1440 455 1472 Canoniei
479 1442 667 1482 quaestiones
691 1453 784 1483 super
804 1442 926 1472 Aristo-

143 1493 213 1525 telis
229 1493 434 1535 Physicorum
449 1493 545 1524 libros
561 1498 641 1524 octo.
671 1493 724 1524 fol.
740 1504 752 1524 1
769 1494 796 1524 b.

186 1548 285 1590 Incip.
304 1553 322 1565 ‘⁴
335 1548 451 1579 Venite
474 1549 515 1579 ad
538 1549 616 1586 me,”
632 1554 691 1580 etc.
737 1554 755 1566 “
769 1550 853 1589 Quot
871 1574 876 1580 .
895 1575 901 1580 .
920 1575 926 1580 .

166 1626 172 1631 .
190 1604 281 1631 .ntos
301 1600 426 1631 functus
448 1600 650 1632 scientiarum
666 1601 822 1637 noticia;”
845 1602 927 1632 utin
957 1609 958 1616 ¹

167 1650 242 1682 edit.
255 1650 371 1682 Venet.
388 1661 477 1692 1492.

188 1707 345 1738 Praecedit
383 1707 602 1748 fragmentum,
635 1719 696 1749 quo
733 1709 929 1739 concluditur

167 1761 175 1774 ‘
190 1757 400 1798 Metaphisiea
415 1758 522 1789 fratris
536 1759 677 1796 Antoni}
693 1759 791 1789 desin.
807 1764 824 1776 ‘²
837 1771 929 1801 super

167 1809 342 1840 universam
363 1814 540 1841 ereaturam
561 1822 580 1841 a
601 1811 704 1841 seculo
725 1816 756 1842 et
778 1823 875 1853 usque
898 1812 929 1841 in

167 1860 322 1897 seculum3
345 1861 477 1892 Anien.”

85 1922 113 1950 2.
130 1920 220 1951 Duns
246 1919 333 1951 Seoti
363 1932 456 1962 super
484 1921 699 1952 Meteororum
726 1922 821 1953 libros
848 1934 929 1964 quae-
960 1956 961 1963 ἵ

147 1971 274 2003 stiones.
298 1972 348 2002 fol.
366 1973 435 2003 108.

191 2022 290 2064 Incip.
307 2027 325 2040 ‘⁶
336 2023 427 2054 Circa
442 2023 605 2065 primum‚”
621 2029 657 2055 ut
672 2025 704 2054 in
720 2025 810 2056 editt.

190 2073 418 2104 Desiderantur
446 2074 496 2104 hic
526 2075 714 2115 quaestiones
751 2082 862 2106 octava
898 2080 930 2106 et
960 2070 961 2093 1

170 2135 252 2155 nona
267 2124 298 2155 in
313 2125 443 2156 tertium
458 2125 572 2156 librum
588 2131 619 2156 et
636 2137 708 2167 pars
724 2127 874 2168 septimae.

86 2184 114 2213 3.
131 2183 281 2224 Ejusdem
300 2185 489 2225 quaestiones
512 2197 605 2228 super
629 2188 796 2218 secundum
818 2192 849 2218 et
870 2192 930 2219 ter·
961 2227 962 2231 Ἰ

149 2235 227 2266 tium
243 2235 281 2266 (le
297 2236 411 2267 anima.
437 2236 487 2267 fol.
505 2238 574 2278 169.

193 2286 290 2328 Incip.
319 2291 338 2304 ‘⁶
354 2287 504 2327 Queritur
527 2288 645 2319 Utrum
676 2289 812 2326 sensus,”
835 2295 870 2321 ut
900 2291 931 2320 in

171 2337 261 2369 editt.
279 2338 419 2380 impress.

194 2389 231 2420 In
247 2389 339 2427 calce,
357 2394 375 2407 “
388 2390 569 2431 Expliciunt
589 2391 767 2432 questiones
784 2392 822 2423 D.
840 2403 933 2433 super
962 2377 963 2392 l

173 2441 343 2471 secundum
368 2445 401 2471 et
427 2442 557 2472 tercium
583 2442 621 2472 (10
647 2443 762 2480 anima,
789 2443 893 2474 Amen
905 2444 933 2480 ;“'

173 2496 233 2522 etc.

90 2548 117 2577 4.
134 2546 265 2577 Dedecii
281 2546 523 2577 commentarius
539 2558 631 2588 super
648 2548 829 2580 Aristotelis
845 2549 933 2580 Ethi-

152 2607 258 2627 corum
273 2596 367 2626 libros
384 2600 519 2637 quatuor
534 2598 663 2638 priores.
688 2598 739 2629 fol.
757 2599 814 2639 189
828 2599 857 2630 b.

195 2647 293 2689 Incip.
311 2652 329 2664 “
342 2647 460 2678 Utrum
481 2648 522 2679 ad
536 2648 717 2680 felicitatem
739 2651 796 2680 sub
812 2651 934 2682 ratione

174 2699 245 2730 finis
260 2699 361 2730 ultimi
376 2699 536 2741 appetitus
550 2700 714 2731 rationalis
730 2701 872 2732 debeat.”

195 2751 242 2782 Cf.
257 2751 333 2783 Cod.
352 2751 422 2782 MS.
439 2762 533 2792 supra
549 2763 630 2782 xcni.
648 2751 698 2782 fol.
714 2761 783 2793 149.

1804 142 1848 173 33

1319 237 1496 271 CXVIII.

972 296 1092 330 Codex
1119 299 1409 333 membranaceus,
1438 300 1470 332 in
1503 299 1595 339 folio,
1621 300 1654 334 ff.
1675 303 1756 340 233,
1783 312 1847 333 sec.

997 354 1067 387 xiii.
1086 357 1265 393 exeuntis:
1292 357 1380 390 binis
1398 357 1566 392 columnis
1584 364 1754 392 exaratus,

1015 422 1042 451 1.
1061 423 1181 463 ,ngdii
1201 425 1239 454 (10
1260 425 1408 456 Columna
1428 426 1559 457 Romani
1583 427 1736 467 expositio
1759 438 1851 468 super

1079 474 1258 505 Aristotelis
1274 476 1473 516 l'liysifflirum
1490 478 1582 508 libros
1603 482 1692 513 oct0;
1719 489 1787 509 eum
1809 479 1850 508 in-

950 549 951 567 *
1079 525 1154 561 dice,
1171 526 1223 555 sed
1241 526 1428 566 imperfecto.
1452 529 1503 558 fol.
1515 538 1543 569 5.

950 592 952 609 .
1122 575 1219 616 Incip.
1238 582 1254 593 ⁸²
1268 577 1427 608 Naturalis
1448 579 1576 609 scientia
1591 584 1639 610 est
1654 580 1757 610 anima
1768 580 1794 615 ;''
1817 584 1850 610 ut

950 614 952 666 l
1100 625 1130 655 in
1147 627 1220 657 odit.
1235 627 1345 658 Venet.
1364 638 1450 670 1502.

951 697 953 725 3
1124 677 1160 707 In
1177 678 1269 716 calce,
1287 683 1307 696 ‘⁶
1322 680 1369 710 Sit
1391 691 1499 711 nomen
1517 682 1639 712 Domini
1656 682 1851 712 benedictum

1102 728 1247 768 quoniam
1271 730 1425 770 completa
1447 732 1600 762 sententia
1623 733 1690 762 libri
1716 733 1852 763 l‘hisico-

1102 790 1169 809 rum
1186 784 1245 817 est,
1262 781 1348 811 edita
1363 792 1382 811 a
1401 782 1496 812 fratre
1514 783 1623 823 Egidio
1640 784 1790 821 Romano,
1805 795 1852 813 or-

1102 830 1181 861 dinis
1202 831 1422 863 heremitarum
1440 833 1471 864 S.
1487 834 1672 875 Augustini3
1697 835 1764 866 Deo
1784 847 1852 875 gra-

952 894 954 906 <
1103 882 1190 912 tias.''

953 927 954 931 Ἰ
1017 938 1044 966 Ω.
1064 936 1212 978 Ejusdem
1229 941 1385 968 tractatus
1401 938 1438 968 (10
1455 938 1627 969 Intellecta.
1652 940 1701 970 sol.
1719 950 1785 971 201.

1126 988 1223 1028 Incip.
1242 993 1259 1005 ⁴·
1272 989 1352 1028 Quia
1368 990 1503 1020 nonnulli
1520 991 1691 1021 dubitant?

1018 1044 1048 1074 3.
1065 1043 1194 1074 Thomae
1208 1044 1377 1085 Aquinatis
1393 1045 1431 1075 de
1446 1049 1517 1076 ente
1533 1050 1564 1076 et
1580 1046 1713 1076 essentia
1728 1046 1852 1076 libellus.

1082 1095 1133 1126 fol.
1149 1105 1207 1136 205
1222 1095 1250 1125 b.

1126 1147 1224 1188 Incip.
1243 1152 1260 1163 “
1275 1146 1354 1186 Quia
1370 1158 1483 1187 parvus
1499 1158 1585 1177 error
1600 1147 1629 1177 in
1647 1147 1821 1188 principi‹›.''

1128 1197 1162 1227 In
1187 1197 1278 1231 calce.
1297 1203 1314 1214 ⁴*
1328 1197 1463 1238 Explicit
1480 1198 1555 1228 liber
1571 1199 1608 1228 (10
1627 1203 1696 1228 onte
1713 1203 1743 1228 et
1759 1210 1857 1228 ossen—

1105 1249 1150 1279 tia
1166 1249 1332 1278 secuudum
1350 1250 1477 1279 fratrem
1492 1249 1643 1279 Thomam
1656 1250 1693 1279 (le
1708 1249 1858 1290 Aquino*

1022 1306 1050 1334 4.
1067 1304 1189 1345 AEgidii
1207 1304 1338 1335 Romani
1358 1304 1435 1335 liber
1453 1305 1491 1335 (le
1513 1305 1660 1345 gradibus
1683 1305 1857 1334 formarum.

1084 1355 1134 1385 fol.
1151 1366 1220 1396 209.

1130 1406 1225 1447 Incip.
1243 1411 1263 1424 ‘⁶
1277 1406 1396 1437 Dixisti
1414 1407 1545 1438 Domine.
1561 1407 1659 1437 -Jhesu
1676 1407 1826 1438 Christe.w

1129 1457 1166 1487 In
1183 1457 1276 1494 calce,
1293 1462 1312 1475 “
1326 1458 1408 1488 Laus
1424 1469 1497 1499 ergo
1514 1458 1554 1488 sit
1572 1458 1635 1498 Ipsi
1652 1458 1788 1493 Christo,
1803 1457 1860 1488 Dei

1107 1509 1180 1545 filio,
1197 1509 1255 1548 Qui
1273 1520 1343 1539 cuin
1359 1510 1399 1540 sit
1415 1521 1466 1540 ars
1487 1509 1708 1550 omnipotentis
1731 1512 1762 1539 et
1783 1509 1861 1549 sapi-

1106 1560 1186 1591 entis
1212 1560 1270 1590 Dei
1298 1560 1388 1601 plena
1419 1560 1574 1591 rationum
1601 1560 1737 1590 onmium
1761 1560 1861 1590 viven-

957 1619 958 1645 ι
1107 1611 1184 1641 tium
1197 1611 1225 1646 ;”
1247 1615 1306 1641 etc.

957 1660 958 1666 ¹
1130 1662 1168 1692 In
1191 1662 1283 1699 calce,
1307 1667 1324 1679 ‘⁸
1338 1662 1452 1693 Caueio
1474 1662 1628 1692 Johannis
1653 1662 1789 1692 Laurens
1812 1674 1862 1692 ex-

1109 1714 1212 1755 posita
1235 1715 1265 1744 iu
1289 1725 1367 1745 nova
1388 1714 1467 1745 cista
1484 1714 1706 1744 Unum-sitatis
1723 1714 1770 1744 (lie
1787 1714 1862 1744 Sab-

1109 1765 1175 1796 bati
1206 1777 1295 1806 prox.
1326 1770 1400 1796 ante
1430 1766 1498 1796 fest.
1528 1765 1716 1796 Annunciat.
1746 1775 1779 1807 13
1787 1775 1823 1804 24
1836 1765 1862 1799 ;“’”’

1109 1821 1276 1847 occurrunt
1293 1828 1414 1858 quoque
1429 1817 1490 1847 alia
1506 1817 1558 1847 sed
1575 1816 1665 1847 hodie
1681 1816 1748 1857 plus
1764 1816 1862 1846 minus

1110 1867 1221 1898 deleta.

1358 1944 1496 1978 CXIX.

985 2006 1284 2045 Membranaceus,
1303 2007 1338 2040 in
1358 2006 1451 2046 folio,
1468 2006 1501 2040 ff.
1519 2009 1600 2047 231,
1619 2017 1683 2039 sec.
1699 2006 1768 2039 xiii.
1785 2017 1864 2039 exe-

1006 2066 1109 2103 untis,
1141 2065 1229 2098 binis
1264 2064 1433 2098 columnis
1464 2069 1645 2103 exaratus;
1681 2076 1723 2098 ex
1750 2064 1862 2109 legato

1008 2124 1184 2157 Edinundi
1204 2124 1247 2157 de
1268 2123 1446 2168 Mephain.

1026 2188 1193 2229 1.AEgidii
1225 2189 1358 2219 Romani
1390 2188 1542 2229 expositio
1572 2199 1663 2228 super
1687 2186 1863 2217 Aristotelis

1090 2239 1298 2270 Elenchorum
1319 2240 1413 2270 libros
1433 2240 1511 2275 du03
1536 2250 1603 2269 cum
1625 2238 1802 2279 praefationc
1823 2237 1862 2267 ad

1091 2291 1280 2331 Philippum,
1299 2301 1376 2321 eom.
1396 2290 1595 2320 Flandrensis
1610 2290 1713 2319 filium.
1738 2288 1786 2318 sol.
1801 2299 1831 2327 4.

1135 2343 1232 2382 Incip.
1253 2347 1270 2359 ‘⁴
1284 2342 1405 2373 Nature
1426 2342 1579 2383 sagacitas
1601 2353 1636 2371 ex
1654 2341 1760 2381 ejus;''
1784 2344 1817 2370 ut
1834 2339 1863 2368 in

962 2399 963 2417 ¹
1112 2394 1160 2424 ed.
1174 2393 1288 2424 Venet.
1307 2404 1395 2434 1500.

962 2431 963 2469 l
1134 2444 1173 2474 In
1195 2445 1287 2482 calce,
1305 2448 1325 2462 “
1338 2444 1474 2485 Explicit
1497 2443 1651 2473 sentencia
1675 2452 1765 2482 super
1785 2441 1862 2470 libro

1113 2495 1322 2526 Elenehorum
1345 2495 1429 2525 edita
1451 2506 1470 2525 a
1493 2495 1588 2524 fratre
1612 2493 1721 2534 Egidio
1745 2492 1782 2522 (10
1804 2491 1865 2521 Ro-

1112 2557 1216 2583 mano,
1237 2546 1354 2576 ordinis
1377 2546 1507 2576 fratrum
1529 2544 1736 2575 Eremitarum
1757 2542 1863 2573 Sancti

1114 2597 1311 2638 Augustiniff’

1028 2654 1055 2683 2.
1074 2652 1222 2694 Ejusdem
1246 2651 1367 2693 AEgidii
1393 2649 1629 2681 commentarius
1656 2660 1747 2690 super
1770 2648 1864 2679 libros

1093 2703 1317 2734 posteriorum.
1341 2702 1390 2732 fol.
1408 2710 1454 2740 71.

1134 2754 1231 2796 Incip.
1249 2757 1268 2772 “
1282 2753 1369 2784 Sicut
1385 2752 1458 2783 dicit
1474 2750 1687 2782 Aristoteles.”

1182 2816 1202 2840 F
