2254 3117
632 162 871 197 COLLEGII
899 161 1274 200 MERTONENSIS.
1813 171 1857 202 13

62 262 90 292 3.
108 260 257 302 Ejusdem
272 259 391 291 libellus
405 260 444 291 de
459 260 657 302 reparatione
673 260 762 301 lapsi.
785 260 866 291 f01.6
879 260 909 291 b.

148 315 246 357 Incip.
255 315 355 355 “Quis
365 315 453 346 dabit
464 315 558 357 capiti
569 319 714 352 meo‚etc.
732 315 925 356 Oportunius

125 367 225 398 multo
242 378 322 398 nunc
338 378 357 398 a
371 378 421 398 me
437 367 579 398 dicitur.”

169 423 215 453 Cf.
234 422 367 453 Bandin.
381 421 484 453 Catal.
498 421 595 453 codd.
609 421 758 452 Biblioth.
773 421 924 453 Laurent.

148 478 224 505 tom.
237 474 256 504 i.
274 473 330 504 col.
345 482 393 512 27.

63 551 90 580 4.
108 549 234 580 Ricardi
247 548 335 579 Rolle
347 549 385 579 de
399 548 555 590 Hampole
570 549 648 579 liber
658 548 696 579 de
708 549 926 580 emendatione

126 601 198 632 vitae
221 601 284 631 sive
307 600 345 631 de
363 600 471 642 regula
486 600 619 637 vivendi,
636 601 752 642 praevia
775 600 926 642 capitulo-

126 663 196 683 rum
211 652 328 683 tabula.
352 652 403 682 fol.
421 662 468 693 19.

169 706 266 748 Incip.
282 713 300 723 ‘⁵
311 706 358 737 Ne
374 707 480 738 tardes
495 706 634 738 converti
649 707 690 738 ad
707 707 877 738 Dominum
894 711 927 738 et

148 769 186 790 ne
202 758 327 789 differas
345 759 384 789 de
402 758 452 789 die
467 759 497 789 in
514 758 629 789 diem)7

170 814 208 845 In
230 814 325 851 calce,
351 818 370 831 ⁴⁸
384 813 522 855 Explicit
544 814 665 845 libellus
688 826 780 856 quem
803 814 928 856 scripsit

147 866 300 897 heremita
330 866 508 897 Richardus
541 867 625 908 apud
655 866 795 908 Hampol
825 871 927 898 tumu-

147 918 260 949 latus.”
712 914 724 919 ”

171 974 352 1016 Sequuntur
366 984 472 1004 versus
488 984 598 1004 novem
614 973 792 1015 rhythmici,
808 973 900 1015 incip.

108 1033 126 1046 “
136 1029 257 1061 Cuncta
273 1029 361 1060 Deus
377 1028 475 1060 celat.
487 1029 579 1059 homo
596 1028 621 1059 si
637 1033 767 1070 peccata
783 1029 928 1060 revelat?

64 1108 94 1137 5.
112 1107 143 1138 S.
156 1106 371 1148 Chrysostomi
386 1106 521 1137 homiliae
533 1117 604 1136 Lvn.
622 1117 714 1148 super
726 1106 928 1148 Evangelium

129 1158 160 1189 S.
177 1158 334 1193 Matthaei,
354 1162 371 1175 ‘⁶
384 1162 416 1189 et
432 1158 548 1189 dicitur
570 1157 649 1188 liber
671 1157 746 1199 ipse,
763 1158 851 1200 Opus
874 1159 928 1189 im-

129 1208 333 1250 perfectum,qq
349 1208 462 1249 praevio
478 1209 618 1250 prologo.
641 1208 693 1240 fol.
708 1219 757 1249 27.

171 1262 270 1303 Incip.
285 1262 360 1303 prol.
379 1270 397 1279 *⁸
409 1262 497 1293 Sicut
512 1263 661 1299 referunt,
677 1263 842 1294 Matheum
858 1275 929 1294 con-

150 1314 286 1345 scribere
302 1314 496 1356 evangelium
512 1325 606 1345 causa
622 1315 770 1356 compulit
787 1315 887 1346 talis.”

171 1369 271 1411 Incip.
289 1374 367 1401 text.
386 1375 404 1387 “
416 1370 510 1401 Liber
524 1370 748 1412 generacionis,
759 1375 818 1402 etc.
837 1371 931 1402 Liber

149 1426 198 1453 est
213 1421 302 1463 quasi
317 1422 504 1463 apotheca.’'

171 1477 308 1508 Exstant
340 1477 480 1519 impress.
506 1478 627 1515 Latine,
658 1477 690 1508 in
720 1478 810 1509 editt.
838 1478 931 1510 variis

151 1528 181 1559 S.
195 1528 409 1570 Chrysostomi
425 1540 564 1570 operum.

179 1583 218 1613 In
249 1583 341 1618 calce,
374 1587 392 1599 “
412 1583 596 1625 Expliciunt
632 1583 742 1614 omelie
777 1583 932 1615 Johannis

150 1634 333 1665 Grisostomi
374 1634 553 1676 patriarche
592 1635 932 1678 Constantinopolitani

150 1696 244 1728 super
274 1685 441 1717 Matheum
471 1686 573 1728 operis
602 1686 777 1728 imperfecti
817 1687 932 1730 scripte

150 1738 247 1768 Anno
262 1736 390 1768 Domini
410 1738 524 1780 1382.'’

66 1811 96 1844 6.
114 1811 144 1843 S.
162 1812 305 1854 Gregorii
330 1813 428 1854 Papae
453 1812 480 1844 I.
516 1812 626 1855 Magni
656 1813 734 1844 liber
759 1813 933 1844 Pastoralis

129 1865 231 1902 Curae,
248 1865 371 1905 praeviis
387 1865 533 1907 capitulis
548 1869 580 1896 et
596 1865 736 1907 prologo.
759 1865 813 1896 fol.
828 1875 896 1907 137.

172 1920 290 1952 Exstat
306 1921 447 1963 impress.
463 1923 547 1953 inter
559 1933 665 1964 opera,
680 1922 756 1953 edit.
771 1922 932 1954 Benedict.

150 1976 229 2003 tom.
242 1971 272 2003 ii.
289 1973 345 2003 col.
361 1983 386 2004 1.

171 2028 212 2059 In
231 2028 326 2066 calce,
344 2032 364 2046 ‘⁶
376 2027 516 2070 Explicit
538 2029 616 2060 liber
638 2029 743 2071 regule
766 2030 933 2071 pastoralis

153 2079 299 2122 Gregorii
328 2091 408 2122 pape
434 2080 569 2122 scriptus
594 2081 635 2112 ad
661 2081 841 2112 Johannem
868 2082 932 2124 epi-

152 2131 310 2173 scopum.'

67 2208 96 2240 7.
114 2207 262 2249 Ejusdem
289 2209 432 2251 Gregorii
460 2208 609 2240 Homiliae
635 2221 683 2240 xL.
710 2220 804 2251 super
828 2209 932 2241 Evan-

128 2259 218 2301 gelia,
239 2271 308 2301 quae
324 2259 356 2290 in
372 2260 502 2292 ecclesia
516 2260 682 2302 leguntur3
706 2271 776 2291 cum
795 2260 932 2302 prologo.

129 2309 180 2340 sol.
203 2311 270 2341 168.

172 2364 310 2397 Exstant
327 2365 401 2397 ibid.
418 2369 494 2397 tom.
507 2366 527 2397 i.
544 2366 602 2397 col.
620 2376 710 2408 1434·

172 2420 212 2451 In
227 2420 321 2457 calce,
339 2421 547 2462 “Expliciunt
562 2421 672 2452 omelie
689 2421 773 2453 beati
791 2422 934 2463 Gregorii

152 2482 241 2513 pape,
272 2472 349 2503 feria
386 2472 497 2514 quinta
534 2472 678 2513 proxima
715 2477 786 2514 post
820 2475 934 2504 festum

152 2523 267 2554 Sancte
291 2523 455 2560 Katerffle,
472 2523 513 2554 ad
536 2523 629 2554 finem
652 2524 803 2565 perducte
832 2525 935 2566 gratia

151 2573 253 2604 Jhesu
269 2574 387 2605 Christi
404 2575 499 2604 Anno
516 2574 643 2605 Domini
662 2585 751 2616 1405.
776 2575 861 2606 Laus
878 2576 935 2607 tibi

153 2625 194 2656 sit
210 2625 335 2656 Christe
351 2625 498 2666 quoniam
514 2625 593 2656 liber
608 2625 736 2667 explicit
751 2626 840 2657 iste.”

174 2680 368 2721 Sequuntur,
393 2685 411 2697 “
428 2681 549 2712 Versus
572 2681 708 2722 quinque
730 2681 881 2713 willelmi
904 2682 935 2713 in

151 2731 363 2770 Clementinis,
381 2732 457 2774 Gap.
472 2732 599 2763 Dudum
612 2733 642 2768 ;”
664 2732 756 2774 incip.

96 2790 113 2802 ‘⁴
126 2786 185 2826 Qui
201 2786 276 2818 facit
292 2786 449 2818 incestum
466 2786 620 2818 deflorans
636 2792 690 2818 aut
708 2788 893 2820 homicida.’'

997 261 1026 291 8.
1044 260 1075 291 S.
1090 260 1242 299 Ansclmi,
1257 263 1481 304 archiepiscopi
1497 262 1741 301 Cantuaricnsis,
1762 265 1859 295 homi-

1060 311 1101 343 lia
1124 312 1155 343 in
1177 313 1272 351 istud,
1290 314 1445 346 ‘Intravit
1460 315 1554 346 Jesus
1575 316 1606 346 in
1623 317 1779 358 quoddam
1796 328 1860 348 cas-

1062 363 1169 394 tellum
1184 365 1200 401 3'
1223 376 1292 395 cum
1309 366 1446 407 prologo.
1471 367 1521 397 fol.
1536 368 1605 397 218.

1106 414 1221 446 Exstat
1238 415 1376 456 impress.
1394 417 1424 447 in
1441 418 1517 448 edit.
1536 426 1626 458 1721,
1642 429 1671 460 p.
1687 420 1754 459 178.

998 473 1028 505 9.
1045 472 1200 504 Johannis
1227 474 1265 505 de
1289 475 1500 507 Sacro-Bosco
1526 477 1604 508 liber
1631 478 1669 509 dc
1695 484 1840 520 computo
1855 492 1861 510 z

1062 534 1133 554 cum
1149 525 1263 565 figuris.
1287 526 1340 556 sol.
1356 536 1425 567 219.

1106 574 1223 606 Exstat
1254 576 1394 618 impress.
1425 578 1456 608 in
1487 579 1554 610 8v0.
1582 580 1681 611 Paris.
1709 591 1798 622 1551,
1830 587 1861 612 ot

1085 626 1169 658 alibi.

1109 677 1277 719 Subjunxit
1293 689 1402 710 manus
1418 681 1581 718 recentior,

1020 738 1049 759 a.
1073 727 1182 758 Sermo
1199 728 1236 758 B.
1252 729 1421 770 Augustini
1440 730 1478 760 dc
1494 731 1620 762 decimis
1642 733 1808 764 reddendis
1830 739 1862 765 ct.

1107 779 1145 810 de
1161 779 1296 810 vitandis
1318 780 1485 816 maleficiis,
1507 794 1572 822 quae
1594 784 1673 815 fiunt
1694 785 1724 815 in
1748 786 1862 816 festivi-

1108 834 1176 861 tate
1193 830 1223 861 S.
1239 830 1392 861 Johannis
1409 831 1573 873 Baptistae.
1597 834 1646 864 fol.
1663 844 1720 874 227
1734 836 1762 866 b.

1150 881 1248 923 Incip.
1274 888 1292 899 “
1308 882 1453 924 Propicio
1480 884 1604 915 Christo
1627 886 1740 917 fratres
1765 888 1861 918 karis-

1129 933 1198 964 simi
1210 934 1277 974 jam
1293 934 1421 965 fuisse.’'

1022 990 1052 1021 b.
1078 990 1206 1021 Secreta
1222 991 1385 1021 meditatio
1402 991 1432 1021 S.
1448 991 1640 1033 Hieronymi.
1665 993 1715 1023 fol.
1731 995 1800 1024 228.

1151 1041 1249 1083 Incip.
1264 1046 1281 1059 ⁴⁶
1294 1042 1492 1073 Pensandum
1509 1044 1621 1085 quippe
1642 1050 1690 1076 est
1709 1056 1777 1075 cum
1797 1046 1864 1087 jain

1127 1093 1315 1134 peccatrix.''

981 1153 1032 1183 10.
1051 1152 1082 1183 S.
1095 1153 1238 1184 Anselmi
1263 1158 1269 1170 ‘
1286 1153 1352 1184 Cur
1367 1153 1454 1185 Deus
1476 1154 1590 1191 homo‚'
1612 1155 1680 1186 libri
1705 1156 1774 1193 (luo,
1795 1168 1863 1187 cum

1065 1205 1205 1246 prologo.
1229 1205 1281 1236 fol.
1297 1214 1366 1246 230.

1109 1256 1171 1287 Tit.
1197 1260 1216 1275 “
1234 1257 1332 1287 Liber
1356 1257 1440 1288 beati
1467 1257 1607 1288 Anselmi
1633 1258 1865 1289 cantuariensis

1087 1308 1222 1349 episcopi
1239 1309 1302 1340 Gur
1318 1309 1404 1340 Deus
1419 1309 1541 1340 homoff’

1110 1360 1249 1391 Exstant
1272 1360 1412 1402 impresS.
1435 1361 1517 1392 inter
1532 1372 1636 1402 opera,
1656 1361 1755 1392 Paris.
1777 1371 1866 1402 1721,

1090 1422 1118 1453 P·
1137 1420 1187 1452 74·

983 1471 1033 1502 11.
1051 1470 1160 1502 Sermo
1176 1471 1207 1502 in
1223 1471 1307 1503 istud
1322 1476 1329 1489 ‘
1341 1472 1399 1504 Ibo
1415 1473 1490 1504 mihi
1506 1473 1545 1504 ad
1562 1477 1698 1504 montem
1713 1474 1868 1515 numine?

1070 1523 1213 1565 [auctore
1231 1523 1366 1566 Hugone
1383 1525 1421 1555 de
1438 1524 1468 1555 S.
1484 1524 1638 1565 Victore]
1665 1525 1716 1556 fol.
1732 1535 1790 1566 239
1803 1526 1832 1556 b.

1113 1574 1211 1616 Incip.
1230 1579 1248 1592 “
1262 1575 1402 1616 Sponsus
1426 1576 1552 1617 quidam
1579 1576 1629 1607 hic
1652 1577 1798 1618 loquitur,
1817 1577 1867 1618 qui

1091 1636 1236 1666 sponsam
1263 1626 1359 1658 habet
1372 1628 1402 1664 ;’'
1433 1632 1469 1658 ut
1496 1627 1579 1658 inter
1604 1639 1709 1670 opera,
1738 1634 1812 1659 tom.
1836 1629 1867 1659 ii.

1090 1676 1143 1707 fol.
1164 1687 1175 1707 1
1186 1687 1232 1718 13.

984 1733 1034 1763 12.
1055 1733 1209 1764 Gennadii
1225 1731 1361 1775 episcopi
1378 1733 1585 1766 Massiliensis
1598 1734 1676 1766 liber
1691 1735 1729 1766 de
1744 1736 1869 1777 dogma-

1069 1784 1153 1815 tibus
1169 1783 1395 1815 ecclesiasticis.
1420 1785 1471 1815 fol.
1488 1794 1558 1823 241.

1113 1836 1176 1867 Tit.
1193 1836 1318 1867 “Liber
1329 1836 1485 1867 Gennadii
1501 1837 1779 1868 ecclesiasticorum
1796 1837 1869 1879 dog-

1090 1887 1239 1918 matum.”

1113 1938 1231 1970 Exstat
1247 1938 1386 1980 impress.
1404 1939 1434 1970 in
1449 1943 1516 1979 4to.
1535 1940 1652 1971 Hamb.
1674 1942 1762 1978 16¹4.

985 1995 1037 2026 13.
1054 1994 1265 2026 Chaeremonis
1294 1994 1419 2025 abbatis
1447 1995 1569 2026 collatio
1597 1996 1635 2027 de
1661 1996 1730 2032 fide,
1755 2007 1809 2037 spe
1838 2001 1871 2026 et

1069 2046 1226 2082 caritate;
1264 2045 1318 2087 [ex
1344 2046 1398 2077 lib.
1425 2047 1625 2078 collationum
1650 2047 1789 2079 Cassiani
1816 2047 1869 2078 ab·

1090 2097 1199 2138 batis]
1225 2097 1273 2128 fol.
1289 2107 1348 2135 ²42
1360 2098 1389 2129 b.

1114 2148 1229 2180 Exstat
1245 2149 1277 2179 in
1294 2149 1368 2180 edit.
1388 2150 1476 2188 1628,
1493 2161 1521 2191 p.
1534 2151 1607 2191 556.

986 2208 1037 2239 14.
1055 2207 1214 2249 Fulgentii
1231 2207 1403 2249 Ruspensis
1426 2209 1504 2240 liber
1523 2211 1561 2240 de
1579 2209 1733 2240 Trinitate
1756 2214 1787 2240 ct
1810 2209 1869 2239 fide

1071 2258 1225 2290 catholica
1240 2260 1281 2290 ad
1297 2259 1467 2291 Donatum.
1491 2261 1543 2291 fol.
1558 2270 1618 2300 240
1629 2261 1657 2291 b.

1114 2310 1232 2342 Exstat
1245 2310 1327 2342 inter
1339 2323 1433 2353 opera
1445 2313 1492 2343 ed.
1506 2312 1666 2353 Raynaud.
1680 2312 1766 2352 1633.
1776 2322 1806 2352 p.
1820 2313 1868 2349 78.

987 2375 1036 2405 15.
1054 2374 1203 2415 Ejusdem
1227 2374 1359 2416 epistola
1382 2375 1422 2406 ad
1446 2375 1575 2406 Petrum
1598 2375 1772 2411 diaconum,
1789 2374 1867 2414 ejus-

1069 2425 1141 2456 dem
1157 2426 1317 2457 momenti.
1342 2426 1392 2457 fol.
1408 2429 1466 2466 246
1479 2427 1508 2457 b.

1115 2476 1211 2518 Incip.
1227 2482 1244 2494 ⁴*
1258 2477 1444 2519 Epistolani,
1458 2477 1500 2508 fili
1516 2477 1619 2512 Petre,
1636 2481 1687 2507 tue
1701 2476 1869 2511 cix·itatis;”

1093 2527 1169 2558 ibid.
1182 2539 1213 2569 p.
1226 2529 1274 2570 83.

987 2586 1035 2618 16.
1054 2586 1085 2618 S.
1099 2587 1269 2628 Augustini
1285 2587 1363 2617 liber
1378 2587 1416 2617 (le
1433 2587 1627 2627 poenitentia.
1652 2586 1702 2616 fol.
1718 2596 1773 2627 251
1788 2586 1816 2615 b.

1114 2638 1213 2679 Incip.
1232 2645 1249 2655 ‘⁵
1264 2639 1365 2677 Quam
1382 2638 1422 2669 sit
1439 2638 1522 2668 utilis
1545 2646 1575 2668 et
1597 2638 1770 2668 necessaria
1784 2638 1812 2673 ;”
1835 2642 1869 2669 ut

1092 2689 1175 2721 inter
1190 2701 1294 2731 opera,
1312 2695 1387 2720 tom.
1400 2700 1426 2720 v.
1445 2689 1501 2719 col.
1522 2698 1609 2729 ¹350-

1115 2740 1152 2771 In
1180 2741 1275 2778 calce,
1301 2746 1318 2758 ‘⁶
1336 2740 1473 2781 Explicit
1498 2739 1694 2780 Augustinus
1721 2739 1759 2770 de
1786 2740 1870 2780 peni-

1092 2791 1224 2822 tencia.”
