2254 3117
651 153 887 189 COLLEGII
915 154 1323 191 LINCOLNIENSIS.

190 249 337 292 Sequitur
363 249 472 280 tabula
498 250 713 291 opusculorum
745 251 799 282 SS.
822 252 964 289 Patrum,

167 301 218 341 qui
235 304 417 341 sequuntur,
446 300 571 337 scilicet,
598 301 740 342 Dionysii
756 302 966 343 Areopagitzn,

167 351 346 393 Augustini,
385 351 552 387 Ambrosii,
589 352 785 393 Hieronymi,
824 353 965 394 Gregorii

168 402 289 444 Magni,
308 401 472 439 Bernardi,
498 402 620 438 Hilarii,
645 402 766 439 Isidori,
783 403 966 443 Chrysosto-

166 453 218 490 mi,
236 453 358 484 Rabani
375 453 491 490 Mauri,
510 453 665 494 Prosperi,
686 454 882 490 Damasceni,
900 457 964 484 An-

167 504 264 540 selmi,
281 504 406 534 Ricardi
432 511 464 535 et
491 504 634 545 Hugonis
650 505 688 535 de
711 505 743 535 S.
759 504 898 542 Victore,
915 505 965 536 Ci-

166 556 294 588 ceronis.
312 555 437 586 Boethii
455 561 487 586 et
504 555 637 586 Senecae.

456 661 594 695 XCIX.

82 725 202 759 Codex
221 725 432 763 chartaceus,
451 725 486 757 in
505 723 588 757 folio
607 725 740 764 minori,
755 724 788 758 ff.
804 728 884 766 175,
900 737 965 759 sec.

106 784 186 822 xiV„
206 783 293 816 binis
312 782 481 816 columnis
500 782 609 815 nitide
628 788 799 822 exaratus,
814 795 857 816 ex
877 783 966 816 dono
997 795 999 823 ς

107 840 129 874 J
132 841 186 886 oh.
201 840 382 879 Southam,
403 840 496 880 socii,
515 847 635 885 postea
653 840 835 874 archidiac.
852 840 965 875 Oxon.

125 910 246 941 Tabula
270 909 477 951 alphabetica,
504 909 566 939 sive
587 909 816 950 Repertorium,
841 909 872 940 in
890 909 966 940 Vin-

147 961 240 992 centii
264 960 489 991 Bellovacensis
513 961 677 1001 Speculum
706 961 888 997 Historiale‚
914 973 966 992 au-

148 1017 234 1043 ctore
261 1012 410 1043 Johanne
441 1011 639 1053 Hautsuney,
667 1013 858 1053 presbytero,
897 1024 966 1043 eum
997 1018 999 1029 ⁴

146 1064 285 1105 ejusdem
307 1064 435 1105 prologo
458 1064 499 1094 ad
525 1063 680 1094 Simonem
703 1063 735 1094 S.
754 1063 867 1094 Priscae
883 1075 966 1105 pres-

147 1116 289 1156 byterum
298 1115 619 1146 cardinalem.necnon
629 1115 757 1156 prologo
765 1119 797 1146 et
808 1115 964 1145 introduc-

148 1167 232 1197 tione
248 1167 287 1197 ad
304 1166 522 1197 inveniendum
538 1166 689 1197 dictiones
705 1177 759 1207 per
774 1166 921 1196 tabulam.

190 1218 288 1259 Incip.
306 1218 396 1259 epist.
415 1222 433 1234 “
449 1217 626 1259 Diligenter
646 1218 761 1248 dudum
784 1217 967 1258 perlegendo

167 1269 367 1300 considerans
383 1280 493 1310 agrum
509 1269 728 1299 uberrimum.''

191 1321 255 1351 Inc.
273 1320 350 1362 prol.
368 1324 386 1337 “
397 1320 458 1351 Dei
474 1320 613 1362 perfecta
628 1327 701 1350 sunt
716 1331 819 1361 opera.

189 1372 288 1413 Incip.
303 1372 417 1402 introd.
435 1376 453 1388 “
468 1372 622 1411 Quoniam
638 1371 734 1413 igitur
749 1372 779 1401 in
796 1371 946 1412 speculo.”

190 1423 292 1465 Incip.
307 1434 386 1464 opus
396 1447 403 1459 ,
421 1427 439 1440 “
451 1423 562 1453 Aaron
575 1423 690 1453 conflat
701 1422 829 1453 vitulum
840 1433 967 1453 aureum
998 1447 999 1459 ἶ

167 1475 199 1505 in
215 1474 295 1505 libro
312 1486 381 1504 xxv.
400 1474 536 1515 capitulo
553 1474 602 1504 b.''

189 1525 263 1556 Des.
282 1526 451 1557 “instituit
467 1527 650 1564 consecrari,
667 1527 757 1557 xxxi.
775 1526 822 1556 b.''

191 1576 340 1617 Sequitur
355 1577 448 1608 index
465 1588 575 1608 vocum
591 1578 813 1619 alphabeticus.

191 1627 358 1658 Praemissa.
370 1633 417 1659 est
430 1628 677 1665 notitia,“Istum
687 1629 799 1659 librum
812 1629 896 1659 dedit
906 1639 968 1658 ma-

167 1678 266 1719 gister
277 1678 299 1709 J
302 1678 440 1709 ohannes
457 1678 610 1710 Southam
623 1679 858 1710 archidiaconus
870 1679 967 1709 Oxou.

168 1729 283 1760 rectori
298 1734 330 1761 et
350 1730 498 1761 consociis
514 1731 664 1772 collegii,”
680 1735 738 1762 etc.
764 1735 781 1747 ‘⁴
794 1731 833 1761 ad
849 1741 925 1771 opus
938 1736 968 1761 et

169 1781 340 1812 utilitatem
370 1786 402 1812 et
428 1782 654 1813 incrementum
681 1782 755 1813 dicti
786 1782 903 1823 collegii
938 1782 969 1812 in

168 1832 298 1863 libraria
328 1833 483 1864 communi
521 1834 659 1875 ejusdem
689 1834 829 1864 cathenis
862 1833 968 1864 ferreis

168 1894 225 1924 per
240 1894 292 1914 eos
307 1883 498 1925 alligandum
515 1890 546 1915 et
570 1896 627 1926 pro
650 1890 801 1926 perpetuo
825 1896 965 1926 perman-

169 1936 305 1966 surum.“'

87 2075 389 2118 Membranaceus‚
419 2079 454 2111 in
482 2078 564 2112 folio
595 2079 728 2115 minori,
759 2077 792 2111 ff.
812 2081 870 2117 93,
901 2088 966 2110 sec.

111 2135 178 2173 xii.‚
197 2135 287 2169 binis
312 2135 481 2170 columnis
499 2141 680 2176 exaratus;
707 2148 750 2169 ex
770 2136 859 2169 douo
880 2135 966 2168 Rob.

111 2192 139 2225 F
142 2193 327 2239 lemmyng.

129 2255 156 2284 1.
175 2253 275 2284 Flavii
290 2254 418 2295 Vegetii
436 2255 550 2286 Renati
573 2255 611 2285 de
632 2266 664 2285 re
689 2254 816 2284 militari
832 2253 872 2284 ad
889 2253 968 2283 The-

191 2305 332 2336 odosium
350 2305 486 2337 Felicem
500 2306 722 2347 Imperatorem
738 2305 808 2335 libri
824 2309 966 2344 quatuor,

190 2356 313 2397 praeviis
328 2357 491 2398 unicuique
507 2357 642 2387 elenchis
658 2361 689 2387 et
705 2355 849 2397 prologis.
873 2354 923 2385 sol.
936 2365 966 2392 4.

234 2407 296 2438 Tit.
313 2412 332 2424 “
346 2407 461 2449 Incipit
478 2408 577 2438 Flavii
594 2407 719 2449 Vegetii
739 2407 852 2437 Renat.
875 2405 913 2435 de
935 2416 968 2436 re

212 2459 338 2490 militari
363 2459 442 2490 liber
463 2459 482 2490 i.
509 2460 550 2490 ad
577 2459 803 2500 Imperatorem
828 2457 968 2488 Theodo-

213 2509 320 2540 siumf'

235 2560 272 2591 In
289 2560 383 2598 calce,
407 2566 425 2578 “
443 2560 542 2591 Flavii
566 2559 690 2601 Vegetii
717 2559 830 2590 Renati
855 2559 911 2589 viri
935 2558 968 2589 il—

213 2612 319 2643 lustris
334 2612 413 2643 liber
428 2615 559 2653 quartus
574 2610 728 2651 explicit.”

128 2663 155 2692 2.
173 2661 261 2693 Sexti
277 2662 297 2693 J
300 2663 352 2694 ulii
370 2663 514 2694 Frontini
534 2662 818 2703 Strategematicon
833 2661 877 2692 rei
893 2660 968 2691 mili-

190 2713 268 2744 taris
288 2714 360 2745 libri
377 2722 518 2755 quatuor,
532 2713 675 2754 capitulis
691 2717 969 2753 contentorumque

191 2765 306 2796 tabulis
321 2765 475 2797 instructi.
499 2764 549 2796 fol.
567 2775 609 2806 34
624 2764 654 2795 b.

1858 163 1902 197 47

1166 253 1228 284 Tit.
1252 254 1400 295 “Incipit
1423 254 1500 285 Julii
1527 255 1669 287 Frontini
1692 256 1729 286 de
1751 257 1897 297 exemplis

1144 305 1187 334 rei
1204 305 1375 336 militaris.”

1167 356 1203 386 In
1228 357 1331 387 codice
1353 361 1445 398 caput
1470 357 1610 388 ultimum
1634 363 1813 388 numeratur
1829 369 1895 398 cap-

1145 407 1198 437 xii.
1216 407 1264 437 lib.
1281 407 1309 438 ii.
1328 408 1402 438 edit.
1420 408 1524 439 Vasal.
1544 411 1629 448 1670.

1168 459 1203 488 In
1220 459 1313 495 calco,
1332 463 1349 476 ‘⁴
1364 460 1500 501 Explicit
1521 460 1597 490 liber
1618 460 1669 501 iiij.
1692 460 1768 491 Julii
1796 460 1891 490 Fron-

1145 510 1232 540 tiniff*

1061 561 1089 590 3.
1108 560 1250 601 Eutropii
1268 561 1419 592 Historiae
1438 563 1582 593 Romana*
1596 563 1795 597 Breviarium,
1810 563 1894 592 libris

997 622 999 645 5
1125 621 1154 639 x.
1170 611 1433 651 comprehensum.
1458 612 1508 642 fol.
1523 615 1561 651 69
1579 613 1606 643 b.

1168 660 1263 702 Incip.
1287 669 1304 678 ⁸*
1319 662 1452 693 Domino
1474 663 1620 697 Valenti2
1646 672 1703 694 etc.
1752 664 1811 693 Res
1835 663 1894 692 Ro-

1146 722 1253 742 manas
1268 724 1306 743 ex
1322 714 1480 745 voluntate
1497 715 1767 745 1ua11s11et11<linis.”

1169 763 1275 793 Dcsin.
1305 769 1323 781 ‘⁵
1349 765 1509 795 Scribendi
1539 766 1729 807 diligentiam
1760 776 1891 796 reserva-

1147 824 1214 844 mus
1226 815 1253 848 ;”
1276 820 1311 846 ut
1327 816 1357 845 in
1373 817 1445 847 edit.
1462 817 1639 855 Muratorii,
1655 823 1728 848 tom.
1746 818 1764 847 i.
1782 829 1808 858 p.
1825 818 1871 846 80,

1170 864 1316 905 Sequitur
1330 866 1438 897 tabula
1455 867 1680 908 Imperatorum
1693 867 1894 898 Orientalium

1149 915 1454 958 Occidentaliumque
1477 930 1572 959 usque
1594 919 1633 949 ad
1656 919 1842 951 Johannem,
1863 918 1894 947 fi>

1148 966 1221 997 lium
1239 967 1340 998 Alexii
1359 968 1516 1005 Comueni,
1533 975 1564 1000 et
1583 970 1749 1000 Ilm-nricum
1766 969 1824 999 IV.

1170 1017 1289 1048 Deinde
1305 1019 1430 1049 nomina
1446 1019 1630 1060 dignitatum
1647 1019 1894 1050 CPolitanarum.

1169 1067 1205 1097 In
1222 1068 1272 1098 fol.
1291 1078 1306 1099 2
1323 1069 1351 1099 b.
1377 1070 1497 1110 scripsit
1522 1082 1599 1100 man.
1620 1075 1719 1101 recent.
1744 1071 1894 1111 fragmen>

1147 1123 1213 1149 tum
1230 1120 1297 1150 odae
1315 1121 1493 1153 amatoriaez
1518 1122 1608 1162 Ansrl.
1625 1123 1713 1162 incip.

1021 1173 1038 1184 ‘⁸
1054 1168 1109 1209 My
1121 1169 1177 1199 der
1192 1170 1317 1207 audese,
1330 1171 1401 1201 that
1417 1182 1450 1201 so
1466 1172 1533 1212 fayr
1548 1183 1582 1212 ys
1595 1173 1628 1202 of
1640 1173 1700 1203 lufe
1715 1173 1818 1213 gentyl
1834 1174 1894 1203 and

1169 1220 1243 1250 fre.''

1149 1271 1185 1301 In
1202 1271 1252 1302 fol.
1268 1282 1286 1313 3
1305 1273 1510 1304 tetrastichon
1531 1273 1621 1315 incip.

1063 1326 1082 1338 “
1099 1321 1159 1352 His
1175 1333 1230 1353 sua
1246 1322 1420 1354 IVillelmus
1437 1324 1562 1355 detrivit
1579 1330 1719 1366 tempora
1735 1325 1829 1359 libris.

1095 1373 1291 1415 Conjungens
1307 1374 1418 1406 studiis
1435 1375 1489 1406 hec
1507 1387 1627 1417 quoque
1642 1387 1737 1417 parva
1752 1376 1842 1406 suiss‘

997 1498 1000 1555 l
1021 1516 1141 1550 Codex
1155 1517 1446 1557 membranaceus,
1462 1519 1496 1552 in
1512 1519 1603 1558 folio,
1619 1519 1652 1553 ff.
1667 1519 1745 1558 165,
1764 1532 1830 1554 sec,
1843 1532 1897 1553 xv.

998 1597 1000 1612 ι
1046 1575 1214 1615 ineuntis3
1233 1586 1276 1609 ex
1296 1576 1386 1609 dono
1400 1576 1628 1611 M.J0hannis
1644 1577 1897 1622 Mabelthorpe.

998 1668 1000 1680 Ι
1046 1633 1219 1677 quondam
1237 1633 1314 1667 coll.
1335 1633 1431 1668 Line.
1451 1636 1545 1669 socii.

1065 1694 1092 1723 1.
1109 1693 1234 1724 Thomae
1251 1694 1424 1731 Gualensis,
1441 1695 1503 1725 sive
1518 1695 1656 1736 Waleys,
1672 1696 1750 1726 liber
1772 1697 1809 1726 de
1833 1697 1897 1726 the-

1126 1744 1193 1775 oria
1208 1744 1404 1785 praedicandi,
1420 1745 1532 1786 praevia
1549 1746 1727 1786 praefatione
1743 1747 1781 1776 ad
1799 1746 1896 1776 Theo-

1126 1795 1252 1825 baldum
1268 1795 1305 1826 de
1322 1796 1469 1826 Cursinis.
1493 1796 1542 1826 fol.
1564 1807 1590 1827 2.

1170 1846 1268 1888 Incip.
1285 1848 1371 1888 praef.
1387 1852 1407 1864 ‘⁸
1420 1848 1615 1879 Desiderium
1630 1850 1793 1879 vestrumf‘

1169 1897 1265 1939 Incip.
1290 1909 1376 1939 opus,
1402 1904 1419 1916 ‘⁶
1436 1899 1485 1930 De
1512 1900 1662 1940 qualitate
1686 1900 1895 1940 predicatoris.

1148 1948 1227 1979 Cum
1244 1949 1462 1990 predicationis
1478 1951 1610 1981 officium
1627 1951 1667 1981 sit
1684 1951 1813 1991 potius.”

998 2035 1000 2048 A
1169 2000 1207 2030 Iu
1230 2001 1322 2037 calce,
1340 2008 1358 2018 ⁸·
1376 2001 1511 2043 Explicit
1539 2007 1691 2033 tractatus
1715 2002 1752 2032 dc
1776 2002 1895 2032 theoria

999 2061 1000 2076 ¹
1147 2052 1209 2082 sive
1232 2056 1300 2082 arte
1321 2053 1499 2093 predicandi
1515 2054 1615 2084 editus
1632 2064 1650 2083 a
1665 2054 1760 2083 fratre
1777 2053 1896 2082 Thoma

999 2099 1000 2126 l
1148 2101 1277 2142 VValeys
1293 2103 1399 2133 ordine
1415 2103 1674 2144 predicatorum.''

998 2171 1000 2197 4
1062 2155 1090 2183 2.
1108 2153 1275 2184 Tractatus
1291 2154 1329 2184 de
1345 2155 1435 2184 modo
1459 2155 1612 2184 dividendi
1636 2154 1741 2184 thema
1762 2164 1817 2194 pro
1833 2163 1895 2183 ma-

998 1423 1000 1437 l

1126 2204 1206 2235 teria
1233 2205 1380 2235 sermonis
1405 2205 1573 2240 dilatanda,
1591 2204 1692 2234 editus
1722 2214 1740 2234 a
1764 2204 1886 2233 Simone

1125 2254 1254 2292 Alcock,
1271 2266 1366 2286 sacrae
1382 2255 1500 2296 paginae
1516 2255 1696 2296 professore.
1720 2254 1769 2284 fol.
1788 2265 1830 2284 11.

1168 2306 1354 2337 Praecedunt
1372 2317 1475 2337 versus
1491 2312 1580 2340 octo;
1606 2306 1694 2346 incip.

1056 2363 1073 2373 ‘⁴
1087 2357 1148 2392 Ad,
1165 2368 1270 2398 quare,
1287 2369 1351 2398 per,
1368 2362 1504 2398 propter,
1521 2361 1622 2394 notat,
1639 2357 1680 2393 in,
1697 2356 1784 2386 simul
1800 2361 1894 2396 atque

1145 2409 1304 2449 gerundi.”

1170 2458 1266 2500 Incip.
1282 2463 1372 2489 tract.
1390 2464 1406 2475 ‘⁶
1420 2459 1463 2489 Te
1479 2458 1595 2489 salvum
1611 2458 1700 2490 fecit:
1727 2458 1777 2487 Ad
1794 2459 1838 2487 tui
1855 2458 1893 2487 ab

1146 2509 1265 2540 inferno
1279 2509 1521 2539 libcracione111.”

1062 2560 1090 2590 3.
1107 2559 1249 2601 Dionysii
1266 2560 1464 2600 Areopagitae
1484 2559 1561 2590 liber
1575 2560 1613 2589 de
1629 2559 1757 2600 mystica
1778 2560 1893 2589 theolo-

1124 2611 1186 2652 gia,
1204 2622 1241 2641 ex
1262 2611 1399 2641 versione
1415 2614 1446 2641 et
1459 2621 1528 2640 cum
1553 2610 1695 2650 [Roberti
1713 2611 1858 2641 Grostete
1868 2611 1891 2651 ἓ]

1126 2661 1354 2692 commentario.
1378 2661 1429 2691 fol.
1446 2671 1492 2699 14.

1169 2712 1321 2742 Praecedit
1342 2711 1541 2753 epigramma,
1557 2711 1649 2752 incip.
1667 2711 1815 2742 “Novam
1835 2712 1894 2742 cla—

1148 2763 1304 2794 ritatem.'’
