2254 3117
645 148 883 183 COLLEGII
911 149 1230 187 REGINENSIS.
1806 162 1845 192 81

60 245 88 277 6.
107 246 276 287 Responsio
292 246 331 276 ad
349 246 544 287 quaestiones,
563 250 581 263 ‘⁶
594 247 645 277 An
662 247 839 278 obedientia
856 248 920 277 uni-

123 297 248 328 versalis
271 297 429 337 evangelio
446 298 587 338 praestita
611 298 651 328 sit
676 299 752 328 fides
776 298 827 328 illa
850 310 918 339 quau

123 349 152 379 in
171 348 264 378 sacris
280 348 377 378 literis
393 348 569 388 justificans
585 349 771 390 appellatur,
787 361 826 380 au
843 351 919 380 fides

118 398 293 440 justificans
310 404 429 429 natura*
443 399 558 430 viribus
571 411 706 440 unquam
720 401 837 441 acquiri
851 409 917 441 pot-

122 450 217 481 erat.''
240 450 290 480 fol.
308 451 376 481 108.

61 505 88 535 7.
106 502 250 533 Barlow's
266 512 385 532 answer
401 506 433 532 to
449 513 468 532 a
484 502 577 532 letter
592 503 627 532 of
637 508 654 519 “
667 503 727 532 Mr.
740 503 833 534 Thos.
847 504 918 534 Ful—

122 553 177 589 ler,
192 553 301 594 beinge
317 552 390 583 then
405 553 501 583 about
518 559 549 583 to
566 554 688 594 publish
700 565 740 584 an
757 555 875 596 history
889 556 923 586 of

121 605 175 636 the
193 604 308 635 church
324 604 359 634 of
377 604 549 645 England.”
586 605 659 636 Dat.
681 616 716 646 15
733 605 807 636 «Ian.
830 610 917 647 1654.

122 656 171 686 fol.
193 666 260 686 110.

167 707 204 737 In
228 706 290 737 this
313 706 407 737 letter
432 706 470 736 he
494 712 690 738 enumeratos
716 708 860 749 U'ycliffe
884 721 918 739 as

143 769 201 788 one
216 758 250 787 of
261 757 315 788 the
331 757 555 798 distinguished
572 759 725 789 members
741 760 776 789 of
788 761 919 798 Qucenls
940 799 945 806 Ι

143 809 265 849 college.

60 863 89 892 8.
106 861 219 909 Adami
235 860 331 901 Airey
347 860 487 901 epistola.
511 861 562 891 fol.
581 862 647 892 118.

379 953 573 987 CCCXLI.

41 1019 158 1054 Codex
176 1019 387 1058 chartaceus,
406 1020 441 1052 in
461 1021 533 1058 «ΜΟ,
552 1019 585 1052 ff.
601 1022 681 1060 158,
700 1032 767 1054 sec.
785 1022 866 1054 xvii.

82 1079 148 1110 The
163 1079 277 1119 psalms
293 1079 328 1109 of
340 1079 443 1109 David
460 1080 540 1110 done
555 1079 622 1110 into
633 1079 765 1121 English
777 1092 863 1112 verse
880 1082 919 1123 by

102 1132 155 1162 the
184 1136 266 1161 most
296 1131 385 1161 noble
415 1131 477 1161 and
504 1131 644 1162 virtuous
671 1132 851 1173 gentlemau
877 1133 920 1163 sir

103 1181 206 1222 Philip
222 1181 355 1223 Sydney,
372 1181 493 1222 knight.

143 1232 216 1274 Beg.

51 1287 70 1302 “
83 1282 151 1313 Hee
166 1282 285 1313 blessed
301 1282 326 1313 is
341 1282 413 1314 that
428 1283 551 1314 neither
566 1283 680 1325 loosely
696 1285 827 1315 treatled

82 1334 146 1370 The
156 1334 322 1376 straieinge
332 1339 438 1376 stepps
447 1346 480 1366 as
491 1335 606 1366 wicked
617 1336 772 1367 counsaile
782 1337 919 1367 leadedff'

370 1422 584 1456 CCCXLII.

40 1483 256 1523 Chartaeeus,
276 1485 311 1517 in
331 1487 402 1525 4to,
422 1485 454 1518 ff.
472 1487 550 1523 121,
571 1496 636 1519 sec.
656 1487 736 1519 xvii.

81 1543 232 1575 Johannis
254 1544 397 1576 Barnesii
420 1545 499 1576 liber
523 1546 575 1586 qui
602 1546 717 1577 dicitur
739 1547 917 1578 Catholico-

101 1595 259 1627 Romanus
282 1596 446 1635 Pacificus,
463 1596 616 1638 Augustae
638 1600 727 1639 1625,
751 1610 821 1629 cum
842 1610 919 1640 prze-

100 1648 224 1679 satione.

143 1699 239 1740 Incip.
256 1700 342 1741 praef.
357 1705 375 1717 “
386 1700 566 1731 Delineabo.
581 1701 719 1732 studiose
735 1701 843 1738 lector,
854 1707 918 1732 tani

122 1761 212 1791 quam
228 1751 260 1780 in
277 1751 401 1782 Cebetis
417 1751 553 1782 tabulas*

145 1806 241 1848 Incip.
258 1806 309 1836 lib.
328 1811 346 1823 ‘⁴
359 1806 406 1837 De
422 1818 511 1837 sacra
532 1808 706 1848 Scriptura,
723 1808 829 1849 regula
848 1808 918 1838 fidei

122 1860 153 1886 et
168 1857 399 1887 traditionibus.
428 1857 502 1887 Duo
518 1863 590 1888 sunt
607 1858 719 1899 quibus
735 1858 898 1888 ecclesiae?

144 1911 250 1942 Desin.
271 1917 288 1929 ‘²
305 1913 377 1953 quia
401 1913 460 1943 hoc
486 1913 513 1943 ei
538 1924 599 1943 non
626 1919 789 1955 repugnet,
813 1919 845 1944 et
871 1914 919 1944 hic

122 1961 190 1992 finis
206 1963 302 1993 esto.''

145 2012 259 2044 Exstat
276 2014 416 2055 impress.
434 2015 481 2045 cd.
499 2015 599 2046 Oxon.
616 2017 705 2046 1680.

358 2104 594 2139 CCCXLIII.

41 2169 257 2211 chartaceus,
276 2172 310 2204 in
330 2174 400 2211 4to,
420 2172 453 2206 ff.
470 2175 550 2212 212,
570 2185 636 2207 sec.
656 2174 737 2206 xvii.

61 2235 89 2266 1.
105 2234 271 2276 catalogus
295 2236 481 2277 scriptorum
509 2238 539 2267 in
566 2237 710 2268 universa
736 2238 848 2274 Biblia,
874 2250 918 2269 se-

122 2287 255 2317 cundum
267 2288 406 2319 ordinem
418 2289 591 2320 Bibliorum
608 2290 733 2320 solitum
746 2290 917 2321 ordinatus..

122 2338 173 2369 sol.
189 2350 218 2377 4.

61 2390 89 2418 2.
106 2389 153 2420 De
168 2390 326 2431 sacrilegio
342 2392 498 2421 ἇνάλεκτα.
522 2391 572 2421 sol.
591 2393 641 2430 76.

61 2446 89 2475 3.
105 2445 153 2476 De
167 2447 346 2477 monarchia
362 2448 518 2477 ἆυάλεκτα.
542 2447 591 2478 fol.
614 2457 681 2488 129.

63 2501 90 2530 4.
107 2500 328 2540 Parliamenta,
341 2503 407 2543 ejus
422 2502 518 2543 origo,
531 2503 725 2534 continuatio
738 2508 769 2534 et
781 2504 918 2535 authori-

123 2555 182 2583 tas.
207 2553 259 2583 fol.
280 2554 349 2583 181.

166 2603 261 2645 Incip.
277 2608 296 2621 “
311 2604 446 2646 Bishops
466 2605 527 2635 had
549 2608 636 2634 votes
658 2604 689 2634 in
711 2605 918 2637 Parliaments

143 2654 222 2684 from
237 2655 291 2685 the
306 2666 379 2696 very
393 2655 462 2686 first
477 2656 685 2686 institution.”

164 2705 202 2735 In
217 2705 313 2742 initio,
328 2711 344 2723 “
356 2706 430 2737 Vid.
444 2707 576 2737 Fabiani
593 2706 763 2738 Justiniani
787 2708 917 2740 indicem

141 2756 370 2797 alphabeticum
387 2756 620 2788 universalem.”

1296 255 1528 289 CCCXLIV.

972 312 1091 345 Codex
1116 315 1409 353 membranaceus,
1435 318 1467 350 in
1488 320 1548 350 4t0
1570 319 1701 357 minori,
1723 320 1753 352 ss'.
1773 322 1851 358 170,

997 381 1061 403 sec.
1080 372 1152 407 xii.:
1180 373 1268 406 bene
1287 382 1457 414 exaratus,
1477 377 1534 409 sed
1555 377 1653 408 initio
1672 388 1823 410 maneus.

995 435 1022 463 l.
1044 434 1131 465 isaim
1148 437 1305 477 propheta*
1323 438 1407 468 liber.
1432 439 1480 469 sol.
1500 450 1525 470 ι.

1103 486 1197 528 Incip.
1216 488 1246 517 iu
1263 489 1372 525 verbis,
1390 501 1455 531 cap.
1474 491 1513 521 xl.
1533 502 1558 521 v.
1578 501 1602 524 2.
1622 500 1638 508 ⁵·
1655 497 1686 522 et
1702 493 1852 523 advocato

1080 548 1204 568 causam
1221 540 1366 579 quoniam
1389 542 1541 582 completa
1557 548 1604 573 est
1622 543 1741 573 malicia
1757 543 1851 583 ejus.“

1103 588 1139 618 In
1168 589 1259 626 calce,
1283 596 1300 607 ⁴⁵
1314 591 1451 632 Explicit
1480 593 1594 623 Ysaius
1620 594 1774 635 propheta
1800 595 1852 624 lia-

1080 639 1155 669 bens
1171 651 1275 671 versus
1294 643 1499 674 ni.d.lxxx.‘'

994 712 1023 719 Ν.
1043 689 1210 721 Hieremia?
1227 693 1387 733 prophetae
1403 694 1489 724 liber.
1514 695 1564 725 fol.
1581 705 1627 725 ιι.

1103 741 1207 771 Desin.
1221 742 1251 772 in
1265 744 1375 781 verbis,
1389 750 1405 761 ‘⁴
1417 756 1509 786 super
1524 746 1716 777 habitatores
1729 748 1852 784 Caldee,

1080 793 1154 823 dicit
1172 793 1375 825 Je1·usalo1n.”

994 843 1022 872 53.
1043 843 1240 875 Lamentatio
1258 845 1425 876 Hieremiae
1442 847 1611 888 prophetw.
1635 849 1685 878 sol.
1702 859 1752 889 57.

996 896 1023 924 4.
1043 894 1135 924 Liber
1152 895 1291 926 Danielis
1307 897 1477 937 prophetze.
1502 899 1552 928 fol.
1570 900 1618 929 62.

1102 946 1139 976 In
1153 946 1246 983 calce,
1258 952 1275 963 “
1287 947 1424 988 Explicit
1438 949 1546 979 Daniel
1564 950 1724 990 propheta,
1737 951 1853 981 habens

1080 1008 1186 1028 versus
1203 1009 1242 1028 m.
1254 999 1283 1028 d.
1296 1009 1356 1029 ccc.
1367 999 1406 1028 13*

995 1051 1023 1079 5.
1042 1048 1210 1089 Prophetae
1227 1049 1389 1080 duodecim
1405 1051 1547 1081 minores.
1572 1051 1623 1081 fol.
1643 1061 1690 1091 79.

995 1099 1024 1131 6.
1043 1100 1074 1130 S.
1090 1100 1179 1130 Pauli
1195 1101 1334 1141 epistolae
1351 1102 1595 1142 quatuordecim,
1609 1114 1678 1133 cum
1693 1115 1853 1145 argumen-

1058 1151 1100 1181 tis
1116 1150 1146 1181 S.
1161 1150 1355 1192 Hieronymi.
1381 1152 1430 1182 fol.
1449 1153 1518 1182 118.

997 1203 1024 1233 7.
1042 1201 1193 1243 Epistolae
1224 1207 1343 1244 septem
1374 1204 1528 1234 canonica:
1559 1215 1628 1234 cuin
1653 1206 1852 1245 argumentis.

1059 1253 1109 1283 sol.
1130 1255 1184 1283 161
1201 1253 1229 1284 b.

1311 1311 1522 1346 CCCXLV.

974 1372 1194 1412 Chartaceus,
1209 1384 1251 1406 ex
1270 1373 1388 1407 charta
1407 1373 1577 1419 laevigata,
1594 1374 1627 1407 in
1644 1376 1712 1411 4t0,
1733 1375 1855 1415 fl1410,

998 1442 1064 1464 sec.
1084 1432 1165 1464 xvii.

1017 1490 1191 1521 Alcoranus
1200 1503 1208 1528 3
1233 1491 1372 1522 Arabice.

1301 1581 1531 1616 CCCXLVI.

975 1643 1197 1682 Chai-tacens,
1215 1644 1249 1676 in
1270 1646 1330 1676 4t0
1348 1644 1481 1683 minori,
1502 1644 1535 1678 ff.
1549 1645 1604 1679 66.
1625 1657 1690 1678 see.
1711 1647 1790 1678 xvii.

1017 1708 1101 1738 Acta
1117 1707 1340 1748 Apostolorum
1362 1708 1402 1739 ad
1423 1709 1514 1739 fidem
1532 1709 1654 1740 Codicis
1671 1710 1740 1740 MS.
1761 1711 1855 1751 [liuu-

1037 1759 1121 1790 ‹liani
1148 1759 1277 1800 scilicet]
1308 1760 1381 1790 Aet.
1404 1760 1516 1801 Apost.
1537 1761 1591 1791 Gr.
1612 1760 1681 1791 Lat.
1708 1773 1854 1801 perquam

1037 1816 1182 1841 accurate
1197 1811 1372 1852 descripta;
1399 1812 1519 1842 Latine.

1080 1862 1260 1903 Praefigitur
1288 1862 1412 1896 notitia,
1436 1868 1453 1879 “
1471 1863 1575 1893 Codex
1606 1864 1664 1894 iste
1695 1864 1784 1905 longe
1808 1876 1854 1895 re-

1058 1913 1258 1949 tustissimus,
1284 1913 1439 1954 quadrato
1465 1914 1645 1944 charactere
1672 1915 1739 1955 plus
1763 1927 1854 1956 quani

1058 1964 1139 1994 inille
1169 1964 1282 1994 abhinc
1314 1964 1404 1994 annis
1434 1968 1469 1995 ut
1500 1976 1537 1995 ex
1568 1965 1727 1996 literarum
1757 1968 1853 1996 fornia

1058 2017 1214 2057 ductuque
1239 2016 1390 2057 conjicere
1417 2017 1497 2051 licet,
1527 2022 1685 2053 exaratus,
1716 2018 1851 2048 continet

1058 2072 1181 2098 textum
1203 2067 1346 2097 Graecum
1369 2068 1441 2098 Aet.
1459 2068 1573 2108 Apost.
1594 2080 1656 2098 una
1678 2080 1746 2099 cuni
1771 2069 1852 2099 fideli

1058 2119 1115 2149 hac
1131 2129 1167 2148 ac
1183 2118 1297 2149 literali
1310 2118 1448 2149 versione
1464 2130 1480 2149 e
1497 2119 1620 2159 regione
1634 2120 1731 2149 Graeci
1749 2124 1853 2150 textus

1058 2169 1187 2211 positasq

1287 2226 1543 2261 CCCXLVII.

973 2289 1194 2328 Chartaeeus,
1214 2289 1247 2321 in
1268 2291 1328 2321 4t0
1347 2288 1482 2327 minori,
1502 2287 1534 2320 ff.
1551 2290 1608 2327 24,
1629 2299 1693 2321 sec.
1710 2289 1789 2321 xvii.

994 2354 1023 2382 1.
1041 2353 1199 2384 Francisci
1221 2352 1315 2382 Vaux
1339 2352 1583 2392 metaphrastica
1606 2352 1803 2392 paraphrasis
1823 2353 1852 2382 in

1058 2404 1222 2435 Canticum
1244 2403 1456 2438 (tannem-um,
1475 2402 1611 2432 versibus
1627 2402 1757 2432 heroicis
1773 2414 1852 2433 coni—

1056 2455 1220 2496 prehensa,
1238 2455 1316 2484 Tho.
1332 2453 1453 2484 Barlow
1469 2453 1581 2489 dicata,
1597 2464 1646 2482 an.
1663 2453 1749 2493 1658.
1775 2454 1794 2483 f.
1808 2464 1837 2494 3.

1100 2505 1198 2546 Incip.
1217 2510 1234 2521 ‘²
1247 2505 1341 2535 Basia
1365 2504 1438 2534 cede
1459 2503 1544 2539 mihi,
1561 2504 1679 2545 conjux.
1701 2505 1852 2545 spirantia

1077 2556 1204 2587 vitam.”

992 2608 1020 2638 2.
1038 2607 1275 2648 Epigrammata
1291 2617 1389 2642 sacra,
1406 2606 1514 2636 eodem
1531 2609 1665 2635 auctore.
1692 2606 1743 2635 1¹01.
1764 2617 1808 2647 ¹9-

1099 2657 1197 2698 Incip.
1216 2657 1234 2687 i.
1255 2662 1272 2673 ³*
1285 2657 1397 2686 Deus?

1058 2714 1075 2725 ‘⁴
1088 2708 1186 2739 Totus
1203 2719 1235 2738 es
1250 2708 1280 2738 in
1297 2711 1376 2743 toto,
1392 2706 1527 2736 nonduin
1545 2706 1649 2745 prodit
1666 2707 1755 2748 ignea
1771 2708 1826 2738 celi

1120 2758 1228 2800 Regia,
1246 2769 1320 2789 neve
1336 2757 1391 2788 sali
1408 2768 1511 2798 regna,
1530 2768 1584 2788 nec
1600 2769 1655 2789 ora
1671 2758 1756 2789 solis*

1117 2821 1144 2844 M
