2254 3117
309 159 353 189 44
860 153 1160 189 CATALOGUS
1186 154 1419 190 CODICUM
1447 155 1555 190 MSS.

333 269 397 291 sec.
416 268 492 297 Χν.;
519 257 606 290 binis
632 255 799 289 columnis
822 260 1001 293 exaratus;
1030 266 1074 287 ex
1094 255 1184 287 dono

332 315 470 348 Thomae
488 313 684 357 Barnesley,
702 312 882 346 archidiac.
904 312 1089 345 Leicester.

354 374 398 405 M.
413 373 576 415 [Philippi]
590 373 784 413 chyngton.
805 372 942 402 canonici
959 371 1109 413 regularis
1124 382 1185 402 ser-

372 436 478 455 mones
500 423 698 455 dominicales
722 434 777 464 per
799 423 871 453 anni
888 423 1047 459 circulum,
1062 423 1102 452 ab
1128 423 1182 452 ad-

371 481 462 507 ventu
479 476 593 506 scilicet
608 476 646 506 ad
667 475 860 505 Dominicam
882 479 952 516 post
966 475 1183 505 Pentecosten]

370 539 439 558 xxv.
457 527 609 557 inclusive.

411 578 508 618 Incip.
526 577 544 607 i.
563 582 580 594 ‘⁵
592 576 778 617 Evangelicc
794 576 868 606 tube
884 575 1113 606 emnminacia⁵⁵

411 628 528 659 Deficit
551 628 607 658 ult.
631 628 661 658 in
688 627 797 663 verbis,
817 627 959 657 “debere
984 627 1115 667 dirigere
1139 627 1182 656 in-

389 680 559 710 tencionem
575 679 680 709 suam⁵⁹

409 731 587 772 Sequuntur
613 730 744 765 notitiae,
768 734 785 745 “
803 728 917 759 Deficit
944 728 992 758 hic
1019 739 1119 758 sermo
1145 728 1183 758 de

387 781 539 812 dominica
556 792 638 817 xxm,
656 781 719 811 scil.
739 786 754 797 “
770 780 846 811 Cum
864 780 1053 810 sublevasset
1069 779 1183 809 Jhesus

387 832 537 863 oculos.'”
583 833 641 872 (b.)
669 836 687 850 “
706 832 775 862 Non
800 831 904 862 deficit
920 830 968 861 hic
984 842 1093 866 sermo.
1111 830 1183 871 quia

386 884 520 914 habetur
535 894 627 924 supra
644 883 797 913 dominica
812 895 832 921 4
849 882 1114 924 quadragesimc.’'

409 935 446 965 In
462 934 562 965 fronte
578 934 700 970 codicis,
719 938 736 951 ‘⁶
750 934 846 964 Orate
869 945 924 974 pro
945 933 1048 964 anima
1071 933 1181 973 magis-

386 985 426 1015 tri
443 985 560 1016 Thome
576 985 754 1026 Barncslcy‚
771 984 979 1015 archidiaconi
1006 984 1180 1024 Leycestrc,

386 1036 525 1077 specialis
548 1036 755 1067 benefactoris
779 1036 926 1077 Lyncoln.
951 1036 1055 1076 colleg.
1081 1035 1180 1065 Oxon.

386 1088 435 1129 qui
460 1088 554 1119 istum
584 1087 695 1117 librum
726 1098 794 1118 cum
825 1087 929 1118 multis
957 1087 1024 1117 aliis
1052 1086 1181 1117 contulit

384 1139 510 1180 collegio
526 1139 696 1180 predicto.”

636 1232 847 1266 LXXXVI.

300 1297 418 1330 Codex
438 1296 730 1334 membranaceus,
745 1296 779 1328 in
800 1295 881 1329 folio
900 1295 1030 1338 majori,
1053 1294 1086 1327 ff.
1099 1297 1180 1329 288.

325 1366 392 1388 sec.
411 1365 466 1387 xv.
493 1354 655 1393 ineuntis,
687 1353 775 1386 binis
804 1352 973 1387 columnis
1000 1357 1180 1392 exaratus;

326 1424 368 1445 ex
397 1412 487 1445 dono
517 1411 572 1445 J0.
596 1411 728 1450 Forest,
760 1411 878 1444 decani
909 1410 1118 1450 Wellensim
1147 1411 1180 1443 in

330 1470 422 1503 calce
439 1469 551 1503 inutil.

344 1529 469 1559 Thomae
486 1529 679 1571 Reginstede,
696 1529 760 1559 sive
777 1529 958 1570 Ringstede,
975 1540 1020 1570 ep.
1034 1528 1179 1570 Bangor„

363 1591 453 1621 super
464 1580 634 1610 Salomonis
648 1579 818 1610 Proverbia
831 1579 1086 1614 cominenta1·ius;
1104 1590 1180 1620 prae-

367 1632 414 1661 via
429 1631 536 1662 tabula
551 1630 756 1671 alphabetica.

410 1682 506 1723 Incip.
525 1687 542 1699 ⁴⁴
556 1682 592 1712 In
616 1682 805 1712 absconditis
830 1681 1049 1722 parabolarum
1070 1682 1179 1722 jocun—

385 1733 536 1768 dissimus,
548 1737 582 1762 ut
595 1732 637 1762 ait
654 1732 824 1762 policrates
834 1732 865 1762 in
878 1732 1006 1773 prologo
1019 1732 1064 1762 sui
1077 1732 1146 1762 libri
1154 1732 1180 1768 ;“'

386 1787 420 1812 ut
436 1782 467 1812 in
483 1782 549 1812 cod.
568 1781 635 1812 MS.
653 1781 737 1811 Trin.
755 1793 844 1812 xxxv.

408 1834 522 1864 Deficit
538 1834 568 1864 in
584 1833 684 1864 verbis
699 1844 766 1875 cap.
779 1845 851 1864 xxx.
865 1838 965 1870 textu,
981 1838 1000 1851 “
1015 1833 1092 1864 Novi
1112 1844 1179 1864 san-

387 1889 507 1915 ctorum
534 1885 744 1925 prudenciam,
768 1885 835 1926 quis
860 1885 1000 1915 ascendit
1024 1885 1055 1915 in
1082 1885 1179 1915 celum

387 1946 418 1970 et
434 1939 624 1970 descendit.'’

626 2032 858 2067 LXXXVII.

306 2096 603 2136 Membranaceus,
629 2096 663 2129 in
692 2095 785 2135 folio,
804 2095 837 2128 ff.
851 2098 934 2135 215,
960 2107 1026 2128 sec.
1042 2097 1112 2129 xiii.
1132 2098 1182 2130 in-

331 2155 453 2194 euntis,
475 2154 563 2187 binis
581 2153 749 2188 columnis
767 2160 937 2186 exaratus.

352 2214 556 2245 Homiliarum
568 2214 645 2245 liber
660 2215 689 2244 in
707 2214 865 2255 Epistolas
877 2218 908 2244 et
922 2213 1101 2254 Evangelia,
1116 2225 1181 2254 quae

371 2265 399 2293 in
437 2264 564 2294 ecclesia
600 2265 744 2305 leguntur
772 2265 812 2294 ab
834 2264 980 2308 *adventu
1018 2275 1113 2304 usque
1142 2264 1182 2293 ad

374 2315 588 2351 Pentecosten,
613 2315 774 2346 collectore
795 2315 898 2345 forsan
918 2314 1059 2355 Remigio
1076 2315 1182 2346 Autis-

371 2366 548 2396 siodorensi.

415 2416 475 2446 Tit.
505 2422 522 2432 ⁴*
540 2416 704 2457 Exposicio
729 2416 929 2456 epistolarum
956 2420 987 2446 et
1013 2417 1182 2458 evangelio—

395 2467 489 2497 runi.qq

417 2518 513 2558 Incip.
530 2518 548 2548 i.
574 2523 591 2534 “
608 2517 746 2555 Fratres,
767 2519 898 2550 scientes
922 2519 994 2560 quia
1017 2520 1093 2550 hora
1116 2524 1182 2555 est;

393 2581 447 2599 nos
468 2573 515 2599 cst
537 2580 622 2599 sacre
646 2569 797 2610 scripture
818 2570 925 2601 horam
949 2570 1105 2611 sepissime
1128 2582 1184 2612 pro

395 2626 532 2660 tempore
548 2631 673 2661 ponere>
691 2621 770 2651 sicut
786 2626 816 2651 ct
833 2621 942 2652 dicm.”

419 2672 466 2701 Ad
488 2672 538 2702 fol.
555 2682 572 2713 3
590 2672 697 2703 inserti
719 2678 790 2703 sunt
806 2684 962 2704 sermones
982 2674 1043 2704 duo
1066 2674 1097 2704 S.
1117 2674 1185 2704 Ma-

396 2734 477 2752 xuni.

420 2773 484 2803 Ult.
503 2778 550 2804 cst
566 2774 596 2803 in
619 2773 711 2811 istud,
730 2780 747 2791 ⁴⁸
763 2775 795 2805 Si
817 2775 945 2815 diligitis
967 2786 1015 2806 me
1040 2777 1185 2806 mandata

1321 252 1421 288 mea,’'
1436 257 1468 283 et
1483 252 1574 293 incip.
1591 257 1608 269 ‘⁴
1619 253 1699 292 Quid
1715 258 1763 285 est
1778 255 1860 295 quod
1881 255 1956 286 dicit
1970 257 2051 297 quod
2068 258 2109 288 di-

1320 302 1486 344 ligentibus
1503 304 1631 334 Deum.”

1343 353 1448 385 Desin.
1466 359 1484 371 “
1498 355 1538 385 ad
1559 359 1698 386 eternam
1723 355 1947 387 beatitudinem
1973 359 2111 389 manifes-

1321 409 1408 436 turus
1423 406 1510 436 erit.”

1343 456 1522 497 Sequuntur
1551 460 1698 498 exempta
1727 468 1765 487 ex
1795 457 1851 489 SS.
1876 459 2052 500 Augustino
2081 466 2112 491 et

1321 507 1472 548 Gregorio
1488 508 1526 538 de
1542 507 1704 538 dilectione
1727 508 1786 539 Dei
1809 513 1840 540 et
1861 510 2010 551 proximi3
2033 516 2064 542 et
2082 512 2111 541 in

1321 558 1412 594 calce,
1444 569 1534 588 manu
1562 558 1701 595 secanda,
1742 563 1759 576 ‘⁴
1783 559 1920 601 Explicit
1956 561 2111 603 Remigius

1321 620 1412 650 super
1427 609 1574 650 epistolas
1586 614 1617 640 et
1633 610 1791 651 evangelia
1802 622 1821 641 a
1837 611 1986 653 principio
2002 613 2111 643 adven—

1321 664 1372 690 tus
1388 671 1483 701 usque
1499 661 1537 691 ad
1555 661 1665 691 festum
1684 661 1905 692 Pentecostisff'

1342 712 1387 741 Os.
1405 711 1537 741 Bandini
1554 712 1645 743 catal.
1662 713 1750 743 codd.
1768 712 1915 744 Laurent.
1932 718 2006 744 tom.
2020 714 2039 743 i.
2057 714 2110 744 col.

1321 763 1391 801 671,
1404 772 1477 802 seqq.

1548 857 1805 893 LXXXVIII.

1235 928 1355 962 Codex
1382 928 1591 967 chartaceus,
1614 929 1648 962 in
1677 929 1770 970 folio,
1798 930 1831 964 ff.
1853 933 1932 971 131,
1959 943 2026 966 sec.
2047 945 2111 971 xv„

1260 986 1347 1020 binis
1365 987 1533 1020 columnis
1551 992 1721 1021 exaratus.

1279 1047 1434 1087 Anonymi
1451 1046 1611 1087 cujusdam
1634 1057 1790 1078 sermones
1813 1048 1850 1078 de
1873 1049 1969 1086 festis,
1986 1062 2112 1082 numero

1298 1098 1387 1128 cccvi.

1341 1149 1438 1190 Incip.
1454 1149 1472 1179 i.
1490 1149 1520 1179 in
1538 1149 1616 1180 festo
1638 1149 1667 1180 S.
1683 1150 1818 1181 Andreae
1842 1151 1872 1181 in
1892 1152 1987 1190 istud,
2004 1158 2021 1169 “
2035 1153 2112 1184 Ves-

1320 1201 1393 1241 tigia
1410 1201 1474 1241 ejus
1490 1205 1613 1231 secutus
1629 1205 1677 1231 est
1693 1212 1746 1242 pes
1763 1212 1857 1239 meus,
1869 1207 1927 1233 etc.
1953 1203 2026 1234 Tria
2041 1210 2113 1235 sunt

1320 1253 1492 1282 necessaria
1507 1252 1633 1283 cuilibet
1649 1253 1714 1282 viro
1730 1253 1894 1293 perfect0.”

1342 1304 1447 1334 Dcsin.
1470 1303 1526 1334 ult.
1549 1305 1587 1333 (lc
1609 1304 1815 1335 celebratione
1839 1304 1951 1342 missae,
1967 1305 1997 1335 in
2020 1306 2111 1342 istud,

1321 1361 1328 1372 ‘
1341 1355 1378 1386 In
1396 1366 1470 1385 sono
1486 1366 1591 1385 eorum
1607 1355 1710 1386 dulces
1726 1355 1800 1386 facit
1820 1356 1988 1394 modulos3’
2012 1362 2030 1374 ‘⁴
2046 1369 2114 1389 cum

1320 1406 1392 1448 Ipso
1405 1410 1477 1437 sunt
1489 1407 1601 1443 omnia,
1615 1406 1679 1447 Ipsi
1692 1407 1791 1437 honor
1806 1411 1838 1438 et
1852 1407 1951 1449 gloria
1966 1408 1997 1438 in
2013 1409 2114 1440 secula

1320 1457 1509 1494 seculorum3
1534 1458 1663 1488 Amen.”

1341 1509 1377 1540 In
1394 1509 1486 1545 calce,
1503 1514 1523 1527 “
1537 1509 1717 1551 Expliciunt
1733 1519 1888 1541 semones
1902 1510 1941 1541 de
1955 1510 2073 1541 festis.'’

1570 1615 1786 1650 LXXXIX.

1234 1687 1455 1727 Chartaceus‚
1483 1688 1519 1720 in
1546 1686 1629 1720 folio
1662 1686 1798 1728 minori,
1828 1686 1861 1720 ff.
1877 1689 1934 1727 25,
1959 1699 2024 1722 sec.
2043 1700 2111 1730 XV„

1258 1746 1346 1779 binis
1360 1745 1531 1779 columnis
1549 1750 1722 1779 exaratus.

1276 1806 1431 1846 Anonymi
1449 1805 1607 1846 cujusdam
1624 1805 1842 1836 meditationes
1858 1806 1888 1836 in
1907 1806 1962 1837 SS.
1976 1806 2112 1848 Scriptu-

1297 1868 1399 1887 rarum
1415 1857 1482 1887 loca
1498 1857 1594 1893 varia,
1610 1868 1665 1898 per
1680 1856 1784 1898 capita
1797 1857 1962 1895 distinctae,
1975 1859 2112 1890 vocibus-

1298 1920 1356 1950 que
1383 1908 1489 1938 similis
1518 1908 1616 1939 literae
1644 1908 1771 1939 initialis
1797 1908 1827 1938 in
1855 1919 1950 1939 unum
1978 1909 2112 1940 collectis

1298 1960 1436 1993 refertam
1462 1960 1618 2001 utrimque
1633 1960 1731 1990 mutil.

1342 2015 1438 2056 Incip.
1464 2015 1494 2045 in
1519 2015 1628 2052 verbis,
1653 2026 1718 2056 cap.
1735 2025 1766 2056 3,
1783 2015 1916 2046 “divina
1939 2016 2113 2057 benignitas

1321 2066 1483 2106 disposuit,
1499 2067 1580 2107 quod
1605 2067 1702 2097 eciam
1727 2067 1751 2097 si
1779 2066 1902 2097 voluero
1927 2068 2113 2098 secularibus

1321 2127 1369 2147 me
1384 2128 1502 2158 nequeo
1512 2117 1653 2159 jungere,
1671 2129 1709 2148 nc
1725 2118 1888 2159 occupacio
1904 2119 2028 2150 auditus
2044 2130 2110 2150 cor-

1321 2168 1434 2209 poralis
1458 2169 1489 2198 in
1512 2169 1638 2199 nimiam
1662 2179 1711 2199 me
1735 2169 1900 2211 precipitet
1924 2170 2112 2211 perturbaci-

1321 2231 1419 2250 onem.
1466 2221 1617 2250 Nimirum
1645 2231 1778 2261 namque
1794 2220 1951 2251 stabilitus
1966 2225 2067 2252 status
2083 2222 2113 2251 in

1321 2274 1475 2304 suavitate
1494 2273 1596 2310 celica,
1614 2273 1770 2304 fremitum
1786 2273 1865 2314 fugit
1880 2273 2100 2304 funestorum.”

1343 2324 1439 2354 Defic.
1456 2324 1487 2354 in
1503 2335 1570 2366 cap.
1582 2333 1633 2365 57,
1652 2328 1669 2341 ‘⁴
1682 2335 1742 2355 non
1758 2328 1871 2365 putant
1887 2328 1918 2354 et
1933 2328 2037 2355 tamen
2055 2325 2114 2365 ple-

1321 2373 1407 2414 rique
1423 2375 1661 2415 presumentes.”

1639 2481 1718 2514 XC.

1238 2551 1524 2584 Membranaceus
1542 2551 1679 2596 partini,
1704 2551 1828 2596 partim
1852 2551 2061 2591 chartaceus,
2080 2552 2113 2584 in

1262 2609 1343 2642 folio
1365 2609 1520 2649 minimo,
1548 2609 1581 2642 ff.
1605 2612 1662 2649 94,
1682 2621 1748 2643 sec.
1764 2621 1841 2650 xv.;
1869 2620 1912 2643 ex
1944 2610 2034 2644 dono
2062 2609 2112 2643 M.

1263 2667 1407 2700 Roberti
1428 2666 1664 2712 Flemmynge.

1281 2728 1307 2757 1.
1325 2727 1482 2768 Anonymi
1507 2728 1665 2769 cujusdam
1692 2727 1768 2758 liber
1790 2727 1902 2764 dictus,
1928 2731 1935 2743 ‘
1952 2727 2113 2768 Speculum

1343 2777 1422 2808 oculi
1438 2778 1583 2816 moralis,'
1601 2789 1670 2809 cum
1685 2778 1822 2820 prologo.
1847 2777 1898 2807 fol.
1913 2786 1940 2816 7.
