2254 3117
350 161 396 191 4⁴2
908 152 1211 189 CATALOGUS
1237 154 1472 190 CODICUM
1500 155 1609 190 MSS.

348 256 396 285 11.
415 252 632 285 Auctoritates
647 251 686 282 de
701 250 830 281 diversis
846 261 885 281 ex
901 250 957 282 SS.
970 251 1081 282 Bibliis
1097 251 1232 284 collectae

431 305 472 335 ab
497 313 652 344 anonymo
676 301 820 343 quodam,
846 305 879 332 et
902 302 1012 333 ordine
1034 303 1234 344 alphabetico

432 354 601 396 dispositae,
617 364 687 384 cum
702 352 841 394 prologo.
866 353 918 384 fol.
932 363 984 393 42.

475 405 572 446 Incip.
592 404 669 446 prol.
687 408 707 421 “
722 404 827 435 Tanta
847 404 943 446 pollet
964 404 1147 436 excellentia
1163 415 1232 445 pre-

453 456 650 487 dicacionis.”

474 508 571 549 Incip.
585 518 671 549 opus⁷
683 512 703 525 “
715 507 918 538 Abstinentia
934 510 966 538 et
977 506 1149 548 jejunium3
1166 517 1233 548 pre-

452 559 534 600 cepit
552 558 704 589 Dominus
721 558 791 588 Ade
808 557 866 588 Ge.
884 568 923 588 ex
939 557 1022 588 omni
1044 557 1128 598 ligno
1144 568 1232 598 para-

451 611 544 641 disi.”

473 661 511 692 In
528 661 620 698 calce,
634 661 734 691 Index
751 660 971 691 vocabulorum
986 659 1210 701 alphabeticus.

348 728 395 757 12.
414 725 544 756 Roberti
573 726 735 761 Gmstete,
763 724 897 766 episcopi
930 724 1163 756 Lincolniensis,
1195 724 1234 753 de

430 775 554 805 venenis
569 774 656 805 liber.
681 774 733 805 fol.
747 775 788 813 64
801 775 832 805 b.

474 827 570 868 Incip.
589 831 607 844 ‘⁶
622 826 719 857 Racio
736 826 844 856 veneni
861 825 1021 867 potissime
1037 825 1212 856 convenit.”

474 878 512 908 In
528 877 621 915 calce.
639 882 658 894 “
671 876 810 917 Explicit
826 880 983 907 tractatus
1006 876 1044 906 de
1060 875 1184 906 venenis
1201 880 1232 905 et

452 929 518 970 ejus
534 928 709 960 10010(1115.”

346 994 394 1024 13.
412 992 540 1023 Ricardi
556 992 654 1028 Belle,
665 991 826 1021 heremitse
841 991 879 1021 de
896 990 1062 1031 Hampole,
1077 994 1234 1021 tractatus

431 1043 483 1085 qui
500 1047 631 1074 vocatur
644 1042 795 1073 Stiniulus
811 1042 1017 1072 conscientiir.
1041 1041 1091 1071 fol.
1108 1051 1146 1081 74
1159 1041 1187 1071 b.

472 1095 511 1125 In
537 1095 632 1131 calce,
655 1093 824 1135 “Explicit
848 1097 1004 1124 tractatus
1029 1093 1079 1133 qui
1104 1096 1233 1122 vocatur

452 1146 594 1176 stimulus
611 1145 808 1176 conscientiae
825 1144 995 1175 secundum
1012 1143 1202 1185 Hanipolc.''

348 1210 395 1239 14.
414 1208 563 1249 Ejusdem
584 1207 704 1238 libellus
726 1208 764 1238 (10
785 1206 1003 1237 emendatione
1018 1205 1091 1236 vitae
1110 1205 1173 1235 sive
1194 1205 1232 1234 de

430 1260 537 1301 regula
553 1258 689 1289 vivendi.
714 1258 766 1289 fol.
781 1259 819 1288 88
834 1258 863 1288 b.

477 1311 514 1340 In
531 1310 625 1347 calce,
643 1315 660 1326 ‘⁸
674 1309 855 1350 Expliciunt
872 1308 924 1339 xii.
948 1308 1084 1350 capitula
1105 1307 1232 1338 Ricardi

452 1361 603 1391 heremite
628 1361 666 1392 de
690 1361 783 1391 modo
806 1360 925 1391 vivendi
951 1361 981 1391 in
1005 1360 1070 1391 vita
1095 1364 1232 1390 001110111-

453 1412 601 1453 plativa.”

348 1479 395 1507 15.
418 1477 580 1517 [Ejusdem
592 1477 614 1517 Ξ]
641 1476 859 1506 Commentum
890 1475 921 1506 in
951 1476 1046 1514 istud,
1077 1475 1233 1506 ‘Placebo

433 1528 569 1559 Domino
585 1527 616 1557 in
633 1527 758 1568 regione
774 1527 933 1557 vivorum?
956 1527 1005 1557 fol.
1020 1537 1057 1567 95
1072 1527 1104 1558 b.

475 1578 573 1619 Incip.
591 1584 608 1595 ⁴⁴
622 1577 637 1608 I
655 1577 731 1608 shall
751 1577 853 1619 please
874 1588 925 1618 my
943 1577 1044 1608 Lorde
1061 1578 1100 1618 by
1117 1576 1233 1607 worch-

453 1630 506 1671 ing
528 1630 560 1659 in
581 1629 635 1660 the
657 1629 785 1670 regioun
811 1629 845 1659 of
866 1629 953 1660 them
970 1629 1040 1660 that
1056 1629 1094 1659 be
1110 1629 1231 1670 lyvyng.

455 1681 571 1711 Forma
608 1680 749 1721 placendi
788 1679 922 1710 Domino
960 1684 1089 1710 notatur
1126 1679 1234 1709 Michc

455 1733 574 1763 sext0.”

350 1798 397 1828 16.
417 1797 584 1839 [Ejusdem
610 1796 641 1826 in
668 1806 777 1826 novem
803 1795 950 1826 lectiones
977 1799 1172 1826 mortuorum
1200 1794 1235 1824 li-

433 1849 542 1885 bellus,
558 1848 620 1879 sive
638 1848 771 1878 Parvum
788 1847 872 1887 Job.]
900 1847 950 1877 fol.
964 1857 1014 1888 97.

476 1899 575 1940 Incip.
593 1903 610 1915 ‘⁴
624 1898 721 1929 Parce
737 1897 811 1928 mihi
828 1897 969 1934 Domine,
987 1901 1047 1927 etc.

457 1951 540 1981 Lord
557 1950 604 1980 for
620 1949 666 1980 thi
683 1960 785 1990 mcrcy
803 1949 879 1979 thou
895 1959 942 1978 010
959 1959 1058 1989 spare,

457 2001 613 2032 Forsothe
629 2012 679 2042 my
696 2001 790 2041 dayes
806 2004 839 2030 to
856 2005 925 2038 n0t3
944 1999 1018 2030 beth
1034 2000 1109 2030 fare.

456 2054 524 2084 Ista
540 2053 666 2083 fuerunt
681 2053 775 2083 verba
791 2052 875 2082 beati
890 2051 988 2081 Job.”

477 2106 596 2135 Exstat
612 2104 751 2145 impress.
767 2104 872 2135 Colon.
888 2105 978 2144 1536.

353 2171 398 2202 17.
417 2169 585 2200 Tractatus
611 2168 751 2209 magistri
776 2168 930 2198 Johannis
956 2168 1070 2209 Eyton,
1094 2167 1234 2198 canonici

433 2222 470 2252 dc
492 2221 676 2262 Repindano
699 2221 763 2251 sive
788 2221 825 2251 de
848 2220 1036 2262 Repington,
1050 2221 1100 2263 ‘de
1127 2230 1232 2255 usura,

434 2278 548 2314 ‘quem
574 2272 749 2313 composuit
774 2283 856 2303 anno
884 2272 1011 2302 Domini
1043 2274 1130 2313 1387,
1159 2276 1233 2302 tunc

433 2335 543 2366 regens
571 2324 702 2355 Oxoniae
731 2324 761 2353 in
791 2323 970 2365 theologia‚'
993 2334 1063 2354 cum
1093 2322 1232 2364 prologo.

433 2376 484 2406 sol.
501 2386 569 2416 113.

476 2426 575 2467 Incip.
619 2425 696 2467 prol.

454 2477 560 2508 mundi
577 2476 698 2518 1111jus.”

478 2529 576 2570 Incip.
595 2528 645 2559 lib.
665 2534 682 2545 “
698 2528 785 2559 Sicut
805 2528 872 2568 ejus
888 2527 978 2569 'quod
1000 2530 1049 2558 est
1071 2526 1104 2557 in
1127 2537 1159 2556 50
1182 2526 1233 2556 (10-

455 2580 588 2611 001·11111.”

742 2432 759 2442 “
776 2425 1059 2467 Apprepinquante
1100 2425 1233 2456 termino

476 2631 514 2662 In
530 2632 612 2662 calce
629 2631 731 2662 excisa
747 2636 819 2662 sunt
836 2631 908 2661 folia
924 2630 994 2661 tria.

479 2683 593 2713 Deficit
616 2683 692 2713 liber
715 2683 745 2712 in
762 2682 863 2713 verbis
884 2693 952 2723 cap.
966 2681 1015 2712 vii.
1034 2684 1053 2697 “
1065 2680 1233 2711 secundum

457 2733 664 2764 l‘arisicnscm
701 2738 900 2774 comparatur
937 2732 1097 2764 usurarius
1134 2731 1233 2772 cujus-

457 2784 527 2815 dam
616 2787 643 2815 .’'

1286 254 1336 284 18.
1353 253 1551 287 Quaestiones
1574 264 1651 294 quas
1673 256 1778 284 movet
1796 253 1901 295 [GuLJ
1917 253 2119 297 Notyngham
2140 256 2173 287 in

1371 305 1487 347 scripto
1511 316 1566 336 suo
1589 315 1682 345 super
1703 304 1872 346 evangelia,
1894 309 2044 337 extractae
2065 318 2172 338 secun-

1371 357 1444 387 dum
1459 357 1599 387 ordinem
1615 355 1774 396 alphabeti
1790 367 1846 397 per
1857 356 2041 398 magistrum
2052 358 2073 388 J
2077 359 2173 390 ohan-

1373 418 1442 438 nem
1460 407 1629 448 WVykham.
1654 406 1705 436 fol.
1722 415 1790 436 121.

1415 459 1511 499 Incip.
1531 463 1551 476 “
1566 458 1646 488 Abel
1663 458 1804 498 queritur
1819 469 1911 499 super
1927 459 2028 499 primo
2044 460 2158 490 dict0.”

1416 508 1564 549 Sequitur
1590 507 1699 538 tabula
1728 507 1896 539 lectionum
1925 510 2173 551 evangelicarum

1394 571 1450 601 pcr
1475 559 1549 590 anni
1575 559 1733 596 circulum,
1756 563 1789 590 ct
1814 560 1847 590 in
1869 560 1940 597 fine,
1957 565 1976 578 “
1992 561 2172 602 Expliciunt

1394 609 1571 650 questiones
1589 609 1792 651 Notynghani
1809 621 1902 651 super
1916 612 2107 653 evangelia.'’

1292 667 1337 698 19.
1356 664 1482 695 Ricarsli
1506 663 1624 701 Butler,
1645 664 1711 694 ord.
1736 664 1815 694 Min.
1840 664 1959 695 libellus
1984 671 2094 698 contra
2117 667 2173 697 SS.

1373 716 1606 757 Scripturarum
1619 715 1858 746 translationem
1870 716 2077 757 Anglicanam
2088 730 2096 753 ;
2119 718 2174 748 ini-

1373 768 1418 798 tio
1433 767 1531 798 mutil.
1558 767 1610 798 fol.
1627 777 1697 798 202.

1416 819 1514 859 Incip.
1540 819 1571 849 in
1594 819 1696 850 verbis
1721 820 1897 861 argumenti
1924 820 2027 861 primi,
2055 825 2073 837 “
2085 821 2175 852 intel-

1393 870 1504 901 lexisse
1521 870 1708 912 scripturam
1729 882 1849 902 sacrani
1866 875 1898 902 et
1914 883 1983 902 eam
1998 872 2074 903 false
2090 884 2171 903 com-

1394 922 1561 961 posuissc.”

1416 973 1522 1004 Desin.
1556 978 1574 990 ‘⁶
1592 974 1664 1004 Meo
1699 973 1828 1004 nimium
1858 975 2028 1006 excedente
2057 975 2174 1016 absque

1393 1026 1618 1067 inpactivorum
1649 1026 1815 1056 verborum
1849 1027 1962 1058 misera
1991 1027 2173 1059 Christiani-

1394 1077 1490 1108 tate.”

1416 1129 1451 1159 In
1470 1128 1565 1163 calce,
1585 1132 1602 1145 ‘⁶
1616 1128 1753 1170 Explicit
1770 1129 1993 1160 determinacio
2014 1130 2120 1160 fratris
2142 1134 2173 1161 et

1393 1180 1535 1222 magistri
1549 1180 1699 1210 Willelmi
1713 1180 1859 1217 Buttiler,
1876 1181 1993 1212 ordinis
2010 1181 2173 1216 minorum,

1393 1231 1530 1272 regentis
1541 1231 1661 1262 Oxonie
1674 1242 1756 1262 anno
1767 1232 1895 1263 Domini
1908 1243 2028 1263 111.οο00.
2045 1232 2174 1274 ρ11100.”

1287 1296 1339 1325 ΩΟ.
1357 1294 1522 1335 Augustini
1549 1293 1722 1335 Triumphi,
1751 1295 1955 1332 Anconitani,
1985 1296 2174 1337 quaestiones

1373 1357 1466 1387 super
1502 1346 1666 1377 Canticum
1708 1345 1866 1387 Deiparae,
1904 1347 2025 1388 praeviis
2063 1347 2172 1378 titulis.

1373 1397 1424 1427 sol.
1440 1406 1512 1437 205.

1416 1448 1478 1479 Tit.
1492 1453 1510 1465 ‘⁶
1526 1448 1640 1493 Incipit
1656 1452 1813 1479 tractatus
1828 1448 1936 1479 fratris
1952 1449 2120 1491 Augustini
2137 1450 2175 1480 de

1395 1500 1549 1530 Anchona
1579 1511 1666 1530 sacre
1695 1499 1807 1541 pagine
1840 1500 2023 1541 professoris
2058 1501 2176 1531 ordinis

1395 1551 1527 1581 fratrum
1565 1551 1788 1582 heremitarum
1825 1551 1855 1582 S.
1878 1551 2048 1593 Augustini
2083 1562 2175 1593 super

1395 1602 1605 1642 niagnificat.”

1417 1655 1555 1686 Exstant
1572 1655 1710 1696 1111111055.
1731 1655 1855 1686 Matrit.
1872 1655 1961 1694 1648.

1418 1706 1454 1737 In
1471 1707 1566 1742 calce,
1578 1711 1597 1724 “
1612 1706 1749 1748 Explicit
1762 1711 1917 1738 tractatus
1933 1707 2040 1738 fratris
2051 1708 2175 1748 Augus-

1396 1759 1453 1789 tini
1470 1759 1508 1789 dc
1526 1759 1708 1795 Anchonas'
1720 1764 1778 1790 etc.
1796 1764 1830 1790 ut
1847 1770 1951 1800 supra.

1289 1824 1340 1853 21.
1360 1823 1495 1854 Libellus
1512 1824 1549 1854 de
1567 1823 1776 1854 ecclesiastica
1788 1823 1962 1854 hierarchia
1974 1834 2012 1854 ex
2026 1823 2175 1864 Dionysio

1374 1875 1571 1915 Areopagita
1587 1875 1757 1905 confectus.
1782 1875 1834 1905 sol.
1850 1885 1919 1911 224.

1418 1934 1515 1975 Incip.
1537 1939 1556 1951 ⁴*
1570 1934 1727 1975 Numquid
1757 1934 1838 1965 nosti
1865 1934 2005 1964 ordinem
2029 1933 2097 1970 celi,
2114 1938 2173 1964 etc.

1396 1985 1572 2016 Secundum
1585 1986 1711 2016 beatum
1725 1985 1903 2016 Dionisium
1915 1986 1953 2016 de
1966 1985 2174 2016 ecclesiastica

1394 2037 1556 2078 gerarchia
1572 2038 1718 2068 ordinata
1733 2042 1782 2068 est
1798 2038 1838 2068 ad
1854 2037 1985 2068 instar.”

1419 2088 1456 2118 In
1473 2089 1566 2125 calce,
1578 2094 1596 2105 ⁴·
1611 2088 1746 2129 Explicit
1762 2092 1919 2119 tractatus
1934 2089 1972 2119 de
1983 2087 2174 2129 Angelorum

1395 2141 1564 2170 secundum
1580 2139 1707 2170 beatum
1720 2139 1930 2170 Dionisiun1.”

1288 2206 1339 2234 22.
1355 2203 1377 2233 J
1380 2203 1510 2234 ohannis
1545 2202 1695 2243 Wa1dby‚
1733 2203 1798 2233 ord.
1833 2202 2002 2243 Augustin.
2038 2202 2172 2242 archiep.

1374 2253 1584 2289 Dublinensis„
1598 2253 1799 2284 Itinerarium
1813 2253 1932 2288 salutis,
1946 2253 2009 2283 sive
2022 2263 2174 2283 commen-

1373 2305 1472 2336 tarius
1488 2315 1581 2345 super
1597 2304 1771 2335 orationem
1784 2304 1991 2334 Dominicam.
2015 2303 2066 2334 fol.
2082 2313 2150 2343 229.

1419 2361 1515 2401 Incip.
1530 2365 1548 2377 ’Β
1562 2360 1684 2401 Septies
1702 2361 1732 2390 in
1748 2360 1797 2391 die
1814 2360 1936 2390 laudem
1955 2360 2018 2390 dixi
2035 2359 2103 2395 tibi,
2122 2359 2173 2389 Ps.

1541 2411 1695 2442 Scribitur
1721 2411 1804 2442 Eecl.
1831 2411 1935 2441 xxxiii.
1982 2411 2034 2441 Sic
2065 2416 2173 2441 eontra

1395 2462 1511 2492 malum
1527 2462 1642 2492 bonum
1658 2461 1737 2492 051.”

1417 2512 1523 2543 Desin.
1540 2516 1558 2529 ‘⁵
1574 2512 1625 2552 qui
1643 2511 1752 2542 dilexit
1768 2521 1825 2541 nos
1840 2514 1872 2541 et
1890 2510 1965 2541 lavit
1985 2520 2042 2540 nos
2064 2520 2083 2540 a
2106 2519 2172 2550 pec-

1394 2564 1473 2594 catis
1484 2563 1599 2594 nostris
1609 2563 1641 2593 in
1651 2562 1801 2604 sanguine
1812 2573 1867 2592 suo
1874 2574 1882 2598 3
1900 2561 1965 2601 Ipsi
1975 2560 2103 2602 gloria‚⁹'
2113 2564 2172 2590 etc.

1395 2412 1493 2442 cxviii.

1288 2630 1340 2660 23.
1358 2629 1394 2670 Ej
1400 2629 1507 2659 usdem
1517 2627 1684 2663 Johannis,
1696 2627 1831 2668 quinque
1842 2625 1975 2656 homiliae
1986 2635 2078 2666 super
2088 2623 2173 2665 quin-

1300 2677 1302 2680 ’
1374 2692 1432 2722 quc
1448 2681 1543 2711 verba
1558 2679 1756 2710 salutationis
1771 2678 1928 2719 angelicae.
1952 2677 2003 2707 fol.
2019 2686 2087 2718 257.

1417 2732 1514 2773 Incip.
1533 2736 1553 2750 “
1566 2731 1635 2762 Vas
1654 2730 1812 2762 electionis
1830 2729 1947 2761 Paulus
1969 2729 2079 2760 doctor
2100 2738 2171 2769 gen-

1375 2784 1455 2815 cium
1472 2783 1616 2825 egregius
1631 2782 1799 2814 scribens.”
