2254 3117
604 133 843 169 COLLEGII
871 135 1269 175 UNIVERSITATIS.

121 232 265 273 armigeri
288 231 386 262 nostri
406 236 437 262 et
461 231 625 262 conciliarii
641 231 775 262 &Valteri
799 233 916 274 Ogilwy

120 284 158 314 de
176 283 298 324 Boyne:
324 283 389 314 dat.
406 282 576 324 Edinburg.
595 291 631 318 27
651 282 732 313 Mar.
748 293 838 324 1491.

163 339 228 371 Ult.
243 343 300 376 est,
315 344 332 356 “
346 338 591 369 Instrumentum
602 337 821 379 resignacionis
834 349 914 369 com—

119 391 255 422 munium
276 390 443 422 croftarum
466 400 534 420 cum
555 389 709 425 maneriis,
725 390 867 421 domibus
882 394 914 421 et

119 442 226 478 hortis,
247 453 362 473 necnon
386 452 490 472 annuo
512 441 635 471 redditu
656 440 786 471 duorum
802 441 913 472 solido-

118 504 194 527 rum,
211 498 268 524 otc.
280 493 309 528 ;”
324 493 389 523 dat.
407 502 443 534 23
462 491 539 523 Mai.
564 501 650 532 ¹543·

423 613 522 647 CIX.

32 683 150 717 Codex
169 682 459 723 membranaceus,
478 684 512 716 in
528 683 610 716 folio
629 684 761 724 minori.
781 684 814 718 ff.
830 687 909 725 152,

56 752 121 773 sec.
141 751 207 779 XV„
225 739 313 773 binis
327 739 496 773 columnis
514 746 694 781 exaratus3
720 741 801 775 olim
820 742 910 775 Tho-

55 809 122 831 mae
137 797 284 842 Raynes,
303 802 423 842 postea
438 798 575 832 Ricardi
591 798 770 839 Gosmore,
785 800 909 834 deinde

55 855 197 888 Thomae
219 854 365 888 Browne
392 860 427 889 et
456 856 605 900 denique
630 856 707 890 coll.
734 857 837 891 Univ.
865 869 909 892 ex

55 914 143 946 douo
161 912 300 946 Thomae
319 912 477 953 Walke1·‚
497 915 662 960 magistri.

74 978 100 1006 1.
125 976 247 1018 [Jacobi
273 977 311 1008 de
333 976 502 1019 voragine.
527 978 546 1008 J
549 978 717 1019 anueusis.]
745 979 908 1010 Sermones

134 1028 427 1069 quadragesimales.
451 1040 481 1070 p.
500 1039 523 1060 1.

175 1078 272 1120 Incip.
301 1084 317 1096 ‘⁵
342 1079 444 1111 Dicite
468 1080 529 1111 filie
557 1080 639 1122 Syon
650 1081 678 1116 ;”
709 1085 744 1112 ut
770 1081 802 1112 in
832 1081 907 1113 edit.

154 1131 290 1171 impress.
308 1130 434 1167 Brixiae,
454 1132 542 1172 1483.

176 1181 212 1211 In
228 1181 319 1218 ealce,
337 1186 354 1198 ‘⁴
371 1182 550 1223 Expliciunt
569 1193 725 1213 sermones
741 1183 760 1213 J
763 1184 907 1214 anuensis

154 1243 245 1273 super
260 1243 337 1273 opus
353 1233 646 1274 1-1uadragesimale.”

175 1283 322 1324 Sequitur
337 1284 444 1314 tabula
459 1284 663 1325 alphabetica.

70 1339 98 1368 9..
117 1338 147 1368 S.
169 1338 379 1379 Chrysostomi
407 1339 444 1369 de
471 1339 706 1380 compunctione
736 1340 836 1371 cordis
866 1340 906 1371 ad

132 1389 327 1421 Demetrium
342 1390 411 1421 libri
428 1391 497 1427 duo,
517 1391 703 1433 [interprete
715 1391 818 1422 forsan
830 1391 905 1422 Am-

130 1441 232 1472 brosio
248 1441 502 1483 Canialdulensi.]
528 1454 556 1482 p.
574 1452 642 1482 177.

173 1492 268 1534 Incip.
287 1498 304 1510 ‘⁵
317 1492 397 1523 Cum
414 1498 445 1524 te
461 1493 612 1524 intueor.'⁷

68 1548 96 1577 3.
115 1546 277 1588 [Ejusdem
293 1547 331 1578 de
347 1548 543 1589 reparatione
558 1548 636 1589 lapsi
651 1547 781 1583 libellus,
798 1549 905 1579 eodem

130 1598 306 1640 interprete.
330 1610 360 1640 p.
376 1609 412 1640 19
415 1599 456 1640 5.]

171 1649 268 1691 Incip.
287 1654 304 1666 “
318 1650 393 1689 Quis
408 1649 495 1681 dabit
511 1650 636 1691 capitis*

171 1701 216 1732 Cf.
231 1701 343 1732 Mehus
355 1701 475 1742 praefat.
488 1702 528 1732 ad
541 1702 687 1732 Ambros.
700 1702 778 1743 Epp.
791 1714 820 1743 p.
831 1712 903 1744 390.

68 1758 96 1786 4.
113 1756 260 1797 Ejusdem
290 1768 400 1794 sermo,
425 1757 507 1799 quod
534 1768 624 1788 nemo
652 1758 776 1789 laeditur
802 1759 859 1790 nisi
885 1770 904 1790 a

130 1808 236 1849 seipso.
263 1819 293 1850 p.
308 1818 377 1847 214.

171 1859 267 1901 Incip.
285 1864 302 1876 ‘²
315 1859 384 1890 Scio
400 1860 482 1901 quod
498 1860 731 1891 crassioribus.”

66 1923 94 1942 a.
111 1913 239 1945 Roberti
262 1915 419 1952 Grostete,
444 1927 490 1957 ep.
510 1915 742 1953 Lincolniensis,
766 1915 844 1946 liber
866 1916 904 1946 de

128 1965 326 1996 confessione.
351 1978 379 2007 p.
396 1976 464 2006 227.

170 2016 269 2056 Incip.
287 2022 305 2034 ⁴⁶
318 2017 470 2056 Quoniam
486 2017 637 2059 cogitacio
653 2018 812 2048 hominis*

171 2067 209 2098 In
221 2067 314 2105 calce,
325 2072 342 2085 ‘⁶
356 2068 493 2109 Explicit
510 2074 667 2100 tractatus
681 2069 903 2100 Lincolniensis

150 2118 189 2148 do
205 2119 408 2155 confessionffi
432 2121 512 2160 quod
531 2120 585 2151 S.⁷’

65 2170 92 2201 6.
111 2171 203 2201 Liber
219 2172 337 2203 Aurelii
354 2174 521 2216 Augustini
538 2175 577 2205 de
597 2186 669 2206 vera
691 2180 723 2205 ct
746 2175 822 2206 falsa
838 2186 901 2216 pce-

128 2222 259 2253 nitentia
275 2223 401 2256 libellus.
427 2237 456 2267 p.
472 2236 541 2267 235.

171 2274 267 2316 Incip.
282 2280 299 2292 “
312 2276 469 2314 Quantum
485 2278 525 2308 sit
541 2279 716 2319 appetenda
727 2278 754 2312 ;”
771 2282 806 2309 ut
822 2278 901 2309 inter

148 2336 218 2367 opp.
236 2331 310 2356 tom.
327 2327 364 2357 vi.
382 2328 464 2369 App.
481 2329 535 2358 col.
555 2339 623 2371 231.

170 2376 207 2407 In
223 2377 305 2408 calce
321 2388 424 2409 versus
440 2384 512 2410 sunt
528 2384 665 2421 septem;
691 2379 782 2421 incip.

25 2433 41 2443 ⁴*
55 2426 115 2458 Hic
128 2428 321 2469 Augustinus
333 2429 405 2459 mihi
419 2441 461 2466 se,
474 2430 549 2460 mihi
564 2441 622 2467 me,
638 2431 713 2461 mihi
729 2431 898 2468 Christum,

55 2478 169 2509 Pandit
180 2484 211 2509 et
221 2480 368 2516 ostendit,
380 2481 453 2521 quid
467 2486 541 2522 agat
551 2482 603 2523 qui
616 2483 717 2513 tendit
727 2483 758 2513 in
772 2483 899 2524 ipsum.''

66 2534 92 2564 Τ.
111 2532 204 2564 Liber
228 2533 266 2563 de
289 2538 409 2574 septem
431 2537 566 2576 peccatis
591 2537 784 2575 mortalibus,
809 2542 841 2569 et
861 2539 899 2568 dc

127 2584 261 2625 quinque
276 2585 434 2621 seusibus;
459 2586 490 2616 in
510 2591 615 2628 partes
631 2599 738 2619 novem
754 2589 899 2620 distribu-

127 2639 186 2666 tus.
210 2647 238 2676 p.
254 2645 323 2676 247.

169 2686 265 2728 Incip.
282 2687 313 2717 in
329 2687 428 2718 verbis
444 2692 525 2729 part.
542 2688 561 2719 i.
578 2700 644 2730 cap.
662 2699 689 2721 2.
707 2695 725 2707 “
741 2691 813 2721 dum
829 2702 897 2732 pro-

146 2737 229 2768 tinus
244 2738 382 2769 invidens
397 2738 523 2776 homini,
541 2750 632 2780 quam
649 2743 860 2783 concepe1·at.”

1798 148 1842 180 33

1095 236 1201 268 Desin.
1219 243 1237 255 ‘⁴
1250 238 1344 269 nolite
1360 242 1495 280 tangere.
1534 239 1576 270 Et
1592 238 1646 269 hcc
1659 240 1696 270 dc
1712 241 1844 282 quinque

1074 287 1212 318 sensibus
1227 288 1311 319 dieta
1327 289 1507 320 sufficiant.”

1095 337 1131 367 In
1148 339 1216 375 fine,
1235 347 1251 356 ‘⁵
1266 340 1401 381 Explicit
1417 351 1536 371 summa
1552 340 1682 371 Justicie
1699 342 1779 382 quod
1796 342 1844 372 S.''

1094 389 1144 419 Ad
1171 390 1285 420 calcem
1312 391 1423 421 codicis
1453 396 1613 428 notantur,
1639 396 1657 408 “
1679 391 1771 422 Liber
1799 393 1842 423 M.

1072 437 1190 469 Thome
1211 439 1334 480 Rayncs
1356 445 1477 482 emptus
1498 453 1517 472 a
1533 442 1682 483 magistro
1698 442 1843 483 Vaghan,

1072 499 1152 529 prec.
1169 490 1232 520 xiii.
1245 502 1267 520 s.
1285 491 1337 531 iiij.
1350 492 1378 522 d.
1426 492 1518 523 Liber
1541 493 1666 523 Ricardi
1693 493 1844 525 Gosmore

1071 539 1258 571 deliberatus
1273 542 1371 573 eidem
1389 553 1444 582 per
1462 548 1641 575 executores
1664 544 1708 575 M.
1726 545 1844 576 Thome

1072 590 1224 632 Raynys.”

1364 686 1441 720 CX.

964 753 1083 787 Codex
1102 755 1393 793 membranaceus.
1409 758 1442 790 in
1458 760 1527 797 Alte,
1543 759 1575 792 ff.
1588 762 1608 793 5
1624 765 1659 793 et
1678 762 1758 800 134,
1774 772 1838 795 sec.

988 823 1054 851 xv„
1074 824 1178 846 manu
1198 812 1251 846 M.
1265 814 1298 847 J.
1312 814 1436 854 Goold,
1451 822 1629 857 exaratus3
1658 817 1739 851 olim
1758 818 1840 852 Gal-

988 870 1065 903 fridi
1085 870 1247 911 Burdon;
1274 872 1427 905 mutilus.

1005 930 1157 962 Johannis
1181 932 1268 963 Duns
1292 932 1377 963 Scoti
1403 933 1594 972 Quaestiones
1618 936 1838 976 quodlibetales

1026 993 1153 1013 numero
1169 983 1277 1024 viginti
1293 995 1362 1014 una.
1388 984 1439 1015 fol.
1458 996 1482 1014 1.

1069 1034 1132 1065 Inc.
1148 1040 1165 1051 ‘⁴
1179 1035 1297 1066 Cuncte
1313 1046 1361 1066 res
1377 1035 1514 1066 difficiles
1525 1037 1553 1071 ;”
1576 1041 1610 1067 ut
1622 1037 1652 1067 in
1665 1037 1736 1068 edit.
1749 1038 1836 1079 impr.

1068 1085 1309 1116 Praemittuntur
1345 1086 1458 1128 regulae
1495 1086 1620 1128 optimae
1649 1088 1754 1118 decem
1783 1100 1838 1129 pro

1046 1136 1250 1175 Quodlibetis,
1264 1137 1354 1178 incip.
1373 1142 1390 1154 ‘⁴
1407 1137 1459 1168 Da
1474 1149 1568 1168 vacue
1591 1139 1686 1169 menti
1708 1150 1768 1180 quo
1788 1143 1836 1170 tu-

1045 1192 1135 1218 eatur
1159 1188 1263 1229 opus.”
1308 1193 1325 1205 “
1343 1188 1380 1218 In
1396 1189 1505 1219 divinis
1529 1190 1703 1230 repperitur
1725 1190 1835 1231 triplex

1044 1249 1141 1278 genus
1157 1239 1388 1270 terminorum.”

1068 1289 1105 1319 In
1133 1289 1224 1326 calce,
1256 1295 1274 1307 ‘⁸
1298 1290 1477 1332 Expliciunt
1506 1290 1622 1331 optime
1651 1291 1753 1332 regule
1783 1302 1837 1332 pro

1045 1339 1247 1378 Quodlibetis‚
1265 1340 1378 1382 scripte
1393 1352 1448 1382 per
1462 1352 1572 1371 manus
1590 1341 1634 1371 M.
1648 1340 1677 1371 J.
1691 1340 1838 1372 Goolde.”

1066 1391 1117 1421 Ad
1147 1391 1239 1422 finem
1265 1392 1376 1433 operis,
1405 1396 1422 1409 ‘⁵
1444 1392 1624 1434 Expliciunt
1653 1392 1838 1432 Quodlibeta

1044 1442 1180 1473 doctoris
1197 1443 1324 1474 Subtilis
1341 1455 1395 1485 per
1410 1455 1519 1474 manus
1536 1444 1582 1474 M.
1596 1444 1628 1474 J.
1642 1443 1771 1474 Goold.”

1065 1493 1213 1535 Sequitur
1228 1495 1335 1525 tabula
1352 1495 1567 1536 quaestionum,
1584 1495 1673 1536 incip.
1691 1500 1708 1512 “
1721 1496 1837 1526 Utrum

1044 1544 1074 1574 in
1091 1545 1200 1575 divinis
1215 1546 1428 1576 essencialia.”

1065 1596 1274 1627 Praemittitur
1289 1597 1385 1628 codici
1401 1597 1593 1639 epitaphium
1609 1597 1703 1635 Scoti,
1719 1598 1810 1639 incip.

1002 1652 1019 1665 “
1033 1647 1095 1679 Hic
1111 1648 1207 1679 lector
1223 1648 1333 1679 Scotus
1348 1649 1469 1680 subtilis
1484 1648 1526 1679 sic
1543 1649 1619 1679 bene
1635 1649 1754 1679 notus.”

1349 1756 1447 1790 CXI.

958 1825 1176 1863 Chartaeeus,
1195 1827 1229 1860 in
1248 1826 1339 1865 folio,
1358 1826 1391 1860 ff.
1410 1826 1487 1866 106,
1507 1838 1572 1861 sec.
1591 1827 1672 1860 xvii.

1000 1886 1142 1928 Systema
1159 1886 1315 1928 Logicum,
1332 1886 1363 1917 in
1379 1887 1473 1917 libros
1489 1891 1553 1918 tres
1569 1887 1758 1919 distinctum.

1063 1937 1125 1968 Tit.
1140 1938 1159 1968 i.
1185 1942 1202 1955 “
1216 1938 1400 1979 Systematis
1422 1938 1510 1980 logici
1535 1938 1611 1969 liber
1635 1939 1768 1980 primus3
1802 1938 1832 1969 in

1041 2001 1101 2030 quo
1117 2000 1189 2030 pars
1203 1989 1314 2031 prima,
1330 2000 1398 2031 quae
1414 1994 1462 2020 est
1477 1989 1626 2020 directrix
1642 1990 1832 2031 simplicium.

1042 2041 1144 2072 Sectio
1160 2041 1245 2082 prior
1261 2041 1298 2071 de
1315 2041 1454 2072 terminis
1470 2041 1656 2082 simplicibus
1672 2041 1807 2082 primis.”

1064 2092 1158 2133 Incip.
1176 2097 1193 2109 “
1208 2092 1322 2134 Logica
1337 2097 1384 2123 est
1404 2104 1455 2123 ars
1471 2093 1621 2134 dirigendi
1642 2097 1775 2124 mentem
1800 2092 1830 2123 in

1040 2143 1215 2183 cognitione
1231 2154 1343 2173 rerum.
1378 2143 1415 2173 In
1432 2143 1489 2174 hac
1504 2143 1680 2174 definitione
1695 2143 1831 2174 notanda

1038 2195 1141 2225 sunt.”

1061 2245 1168 2275 Desin.
1185 2245 1237 2276 lib.
1251 2245 1292 2276 iii.
1310 2249 1326 2263 “
1339 2245 1468 2286 gratias,
1484 2250 1518 2276 ut
1535 2246 1687 2278 debemus.
1699 2245 1827 2276 devotis-

1040 2295 1133 2326 simas
1148 2296 1267 2337 agimus
1283 2307 1463 2337 semperque
1478 2296 1630 2337 agemus.”

1060 2347 1097 2377 In
1113 2347 1206 2384 calce,
1223 2352 1240 2364 “
1254 2347 1340 2378 Finis
1357 2347 1540 2388 Systematis
1559 2346 1691 2387 Logici.''

1060 2398 1206 2439 Sequitur
1221 2410 1320 2429 sermo
1337 2399 1367 2428 in
1385 2398 1457 2429 Luc.
1474 2398 1514 2428 iii.
1530 2408 1579 2434 22,
1594 2408 1628 2438 23
1642 2410 1649 2432 ;
1672 2396 1802 2437 Ansllz'ce.

1081 2453 1181 2484 Verso
1196 2454 1355 2487 volumine.

929 2522 931 2531 ι
973 2516 1000 2535 a.
1018 2505 1211 2544 Quaestiones
1227 2505 1413 2541 dialecticae;
1437 2504 1524 2546 incip.
1542 2504 1618 2534 “An
1631 2514 1725 2544 genus
1741 2507 1823 2534 recte

1036 2556 1232 2587 definiatu1·.'’

973 2611 1001 2641 b.
1020 2610 1183 2641 Sermones
1213 2611 1251 2642 de
1281 2610 1503 2651 Redemptionc
1529 2613 1560 2639 et
1590 2608 1823 2639 Resurrectione

1035 2661 1115 2696 duo;
1140 2662 1285 2703 Anylice;
1310 2661 1399 2702 incip.
1416 2666 1435 2678 “
1450 2659 1585 2690 Beloued
1605 2659 1635 2690 in
1656 2659 1709 2690 the
1731 2659 1821 2697 Lord,

1034 2725 1078 2744 we
1093 2725 1146 2745 are
1161 2718 1195 2745 at
1210 2714 1274 2745 this
1289 2714 1363 2745 time
1378 2718 1411 2744 to
1426 2711 1592 2743 consider?

1095 2805 1116 2828 F
