2254 3117
296 179 341 209 42
936 167 1236 203 CATALOGUS
1263 164 1496 201 CODICUM
1524 164 1632 198 MSS.

339 272 463 303 Thomae
492 268 657 310 Aquinatis
687 278 778 308 super
808 266 920 296 librum
946 266 1075 297 tertium
1099 266 1173 297 Sen-

360 322 527 354 tentiarum
542 320 699 360 scriptum,
718 318 780 348 sive
795 318 1046 348 commentarius.

405 379 442 408 In
458 377 550 411 calce,
567 381 584 390 “
598 373 734 413 Explicit
749 373 863 404 tercius
878 373 985 403 fratris
1001 373 1119 403 Thome
1135 373 1173 402 de

382 429 514 470 Aquino,
531 425 646 457 ordinis
664 425 932 454 predicatorum?

642 552 820 587 CXVIII.

298 618 414 650 Codex
444 616 733 653 membranaceus,
763 615 795 646 in
828 613 920 652 folio,
947 613 980 645 ff.
1000 615 1082 651 279,
1107 624 1172 645 sec.

322 675 400 713 xiv„
419 674 506 707 binis
524 673 692 706 columnis
710 676 891 709 exaratus;
917 670 999 703 olim
1014 669 1111 703 Will.
1131 670 1173 702 de

328 732 551 776 Faryngtone,
573 730 607 764 S.
615 730 652 763 T.
662 730 700 763 P.

340 799 470 829 Thomae
494 798 662 838 Aquinatis
684 808 776 838 super
799 797 911 830 librum
931 799 1075 836 quartum
1099 795 1172 825 Scu-

361 850 528 881 tentiarum
544 850 702 890 scriptum.

405 906 441 935 In
469 905 560 939 calce,
588 910 606 919 ‘¹
620 904 755 944 Explicit
783 908 912 944 quartus
943 901 1173 933 Sententiarum

382 956 547 986 secundum
572 956 700 985 fratrem
717 955 867 985 Thomam
885 955 922 984 de
938 954 1074 994 Aquino,
1091 952 1172 982 ordi-

383 1007 429 1037 nis
447 1006 710 1037 Predicatorum.”

404 1062 550 1101 Sequitur
573 1061 680 1091 tabula
703 1061 919 1101 capitulorum,
942 1060 972 1089 in
996 1059 1081 1099 cujus
1102 1058 1171 1093 fine,

384 1120 400 1128 ¹¹
416 1113 593 1153 Expliciunt
609 1112 744 1153 capitula
760 1112 861 1152 quarti
879 1112 983 1142 fratris
999 1110 1146 1141 Thomcf'

407 1170 444 1198 In
467 1168 604 1209 margine
628 1168 678 1198 fol.
696 1179 720 1198 1.
741 1168 884 1203 infcriori,
909 1167 1034 1197 “Liber
1057 1165 1173 1206 collegii

384 1220 496 1249 Sancte
510 1219 611 1248 Mario
628 1218 766 1258 NVyuton
784 1218 813 1247 in
827 1218 926 1247 Oxou.
940 1217 1059 1257 legatus
1075 1216 1173 1246 eidem

382 1282 436 1312 per
446 1271 628 1311 magistrum
638 1270 827 1300 IVillclmum
838 1270 875 1299 de
889 1269 1079 1309 Faryngton,
1088 1279 1173 1297 sacre

384 1321 536 1362 theologie
557 1321 761 1362 professorem
784 1325 815 1351 ct
836 1320 907 1350 olim
924 1320 1039 1350 socium
1055 1319 1172 1359 collegii

383 1372 532 1402 antedicti
547 1373 633 1413 cujus
649 1372 748 1402 anime
765 1371 953 1413 propicietur
969 1370 1082 1400 Deus.”

407 1427 442 1457 In
459 1427 540 1457 calce
557 1428 678 1462 codicis,
698 1433 715 1442 “
729 1426 764 1457 C.
784 1427 827 1456 M.
845 1427 963 1456 Thome
981 1426 1173 1466 Ilewkyston

385 1479 526 1519 exposita
541 1478 571 1508 iu
587 1478 664 1508 cista
681 1478 796 1508 Scbton
813 1478 842 1507 in
859 1479 937 1507 sesto
954 1476 1076 1517 Georgi,
1093 1487 1174 1506 anuo

387 1529 509 1559 Domini
527 1536 683 1559 111.·'cccc.⁰
695 1536 739 1559 x.0
755 1540 810 1569 pro
826 1529 957 1558 sedecim
974 1528 1106 1558 solidiss'

303 1714 598 1751 Membrauaceus,
619 1714 651 1746 in
671 1713 763 1752 folio,
779 1713 811 1747 ff.
827 1716 908 1753 280,
923 1725 989 1747 sec.
1005 1725 1071 1752 xv„
1086 1713 1174 1745 binis

325 1772 492 1805 columnis
511 1776 680 1804 exaratus.

343 1842 372 1870 1.
390 1840 517 1870 Roberti
541 1840 695 1874 Grostete,
720 1840 852 1880 episcopi
883 1839 1111 1876 Lincolniensis‚
1137 1840 1174 1870 de

406 1891 509 1931 lingua
524 1895 554 1921 et
576 1891 666 1921 corde
689 1891 775 1927 liber,
791 1892 957 1921 secundum
978 1891 1116 1922 ordinem
1132 1891 1175 1922 al-

406 1941 541 1981 phabeti.
567 1942 615 1971 fol.
634 1952 657 1971 1.

450 1997 546 2038 Iucip.
565 2003 581 2011 ¹¹
596 1997 748 2027 Adulacio
761 2002 808 2027 cst
821 1997 888 2027 Deo
905 1997 1108 2034 detestabilis,
1119 1998 1175 2028 hoc

426 2048 600 2079 ostenditur
628 2053 740 2079 natura
767 2054 797 2079 et
824 2054 892 2078 arte
919 2049 984 2079 sine
1010 2049 1174 2093 scriptura,

426 2101 524 2141 primo
541 2106 653 2131 natura
669 2100 834 2130 secundum
852 2100 1048 2137 Ilugonemff'

449 2154 550 2184 Desin.
577 2154 687 2184 “sicut
714 2159 801 2194 patet-
827 2166 864 2184 ex
892 2154 943 2184 illa
968 2155 1116 2195 parabola
1139 2155 1176 2185 dc

429 2206 542 2235 semino
559 2206 650 2239 verbi,
668 2206 747 2235 Mat.
765 2216 811 2246 13,
824 2206 861 2235 (le
878 2205 991 2246 lingua,
1005 2211 1094 2246 parti¹
1110 2216 1128 2246 5
1143 2207 1175 2237 Ο.

429 2257 566 2287 ultimo.'‘

451 2309 487 2338 In
505 2308 597 2343 calce,
615 2308 781 2348 “Explicit
797 2304 940 2338 extracta
958 2307 1176 2338 Liucolniensis

429 2360 466 2390 «le
489 2360 592 2399 lingua
615 2365 646 2390 et
669 2361 759 2389 corde
783 2360 949 2390 secundum
973 2359 1111 2389 ordinem
1133 2359 1175 2389 al-

429 2411 588 2451 pliabeti.”

449 2461 594 2501 Sequitur
610 2461 718 2491 tabula
733 2461 938 2502 alpllabctica.

346 2526 372 2551 Q.
395 2524 547 2554 Francisci
567 2525 736 2565 Mayronis,
754 2536 806 2554 scu
823 2525 861 2554 <le
876 2525 1088 2564 Mayronibus,
1103 2525 1177 2554 Ord.

410 2574 576 2609 Minoi-um,
594 2576 746 2616 expositio
763 2576 792 2605 in
810 2571 955 2616 quartum
974 2575 1084 2605 librum
1102 2577 1176 2605 Scu-

410 2626 593 2659 t‹:ntiarun1;
619 2637 687 2656 cum
705 2626 810 2656 tabula
827 2626 1016 2667 posthabita.
1042 2626 1092 2656 fol.
1108 2627 1156 2664 So.

454 2679 547 2719 liu-ip.
567 2686 584 2694 “
600 2680 813 2710 Samaritanus
833 2681 1053 2710 uuvulneratus
1068 2691 1177 2720 appro-

432 2728 534 2767 prians
557 2730 745 2759 curationem
770 2731 835 2770 ejus
858 2735 1121 2760 sacramentormn
1137 2730 1178 2759 al-

433 2778 587 2818 legaturus
602 2780 778 2811 adhibitis-5⁸

1374 263 1480 294 Desin.
1506 262 1620 303 “quod
1650 265 1741 292 erunt
1771 260 1889 292 infinite
1916 261 2104 302 cogitatione

1351 316 1382 346 in
1402 314 1556 345 infinit-um
1579 313 1631 342 sed
1656 323 1813 353 nunquam
1837 317 1927 343 erunt
1947 316 2020 343 actu
2039 312 2104 342 infi-

1352 366 1425 401 nite,
1443 366 1522 395 ctc.¹⁷

1375 417 1409 446 ln
1432 416 1514 446 calce
1538 413 1662 450 tabulae,
1686 419 1703 428 “
1719 413 1855 454 Explicit
1878 419 2008 454 quartus
2030 414 2107 444 liber

1353 467 1587 498 Sentenciarum
1611 465 1751 505 magistri
1776 466 1801 495 F
1806 465 1933 496 rancisci
1955 465 2105 501 Meronis‚

1353 529 1422 549 cum
1439 517 1558 548 Tabula
1574 516 1741 556 ejllsdem.”

1269 584 1298 613 53.
1316 582 1468 613 Johannis
1493 581 1532 611 de
1559 580 1668 617 Bulba,
1691 579 1869 616 Januensis‚
1895 579 2015 610 Tabula
2044 579 2106 610 sive

1333 632 1557 663 Distinctiones
1582 631 1749 661 secundum
1774 630 1912 661 ordinem
1938 631 2107 671 alphabeti.

1332 683 1383 713 fol.
1399 693 1470 713 201.

1376 734 1472 774 Incip.
1500 739 1518 747 “
1534 732 1738 763 Abstinencia
1762 743 1833 763 caro
1858 733 2003 763 domatur
2027 732 2108 763 unde

1353 784 1453 825 prima
1471 784 1541 815 Cor.
1556 795 1584 824 9.
1602 784 1730 825 Castigo
1746 795 1857 825 corpus
1873 784 2002 814 nieum.”

1374 835 1480 865 Desin.
1498 841 1515 850 ‘¹
1529 835 1658 871 Judeos,
1668 835 1807 866 illusores
1822 834 1937 866 Christi
1953 834 2108 865 sevissime

1354 887 1559 921 laniaverunt,
1588 890 1623 916 ut
1653 890 1741 926 patet
1771 887 1801 916 in
1832 885 1963 917 Cronica
1988 885 2110 916 celestis

1353 938 1431 968 libro
1447 949 1477 977 4,
1495 938 1630 979 capitulo
1645 939 1698 975 4.”

1378 990 1414 1019 In
1431 989 1523 1023 calce,
1542 995 1559 1003 ‘¹
1576 989 1712 1029 Explicit
1736 989 1843 1019 tabula
1859 988 1921 1019 sive
1937 987 2107 1018 distinctio-

1354 1052 1407 1071 nes
1423 1040 1620 1071 sanaem-is?

1612 1141 1729 1175 (XX.

1227 1205 1347 1239 Codex
1373 1205 1667 1244 membranaceus,
1696 1204 1728 1236 in
1759 1203 1850 1241 folio,
1879 1203 1913 1236 ff.
1935 1201 2014 1240 146,
2042 1213 2108 1235 sec.

1252 1264 1343 1303 xiv.;
1388 1263 1469 1295 olim
1504 1263 1644 1295 Thomzr
1677 1261 1838 1300 Trillock‚
1869 1273 1921 1306 ep.
1957 1260 2109 1294 Roffens.

1252 1327 1372 1365 postea
1391 1320 1490 1353 Will.
1511 1320 1618 1359 Rced,
1637 1331 1690 1364 cp.
1710 1319 1853 1353 Cicestr.

1271 1389 1404 1419 Thomae
1437 1388 1616 1429 Aquinatis,
1649 1387 1712 1418 sive
1742 1388 1780 1418 de
1807 1386 1941 1428 Aquino,
1975 1387 2110 1417 Summae

1292 1440 1488 1481 Theologiczr
1505 1450 1577 1480 pars
1592 1439 1703 1480 prima.

1335 1492 1401 1522 Tit.
1421 1497 1438 1506 “
1455 1491 1569 1531 Incipit
1589 1490 1688 1531 prima
1711 1501 1783 1531 pars
1804 1500 1921 1520 summe
1937 1488 2055 1519 Thome
2073 1488 2111 1518 de

1313 1544 1466 1585 Aquinoff'

1336 1596 1372 1624 In
1392 1594 1482 1629 ealce,
1502 1600 1519 1608 ‘¹
1536 1593 1670 1634 Explicit
1693 1593 1770 1623 liber
1786 1592 1902 1633 primus
1918 1603 2035 1622 summe
2050 1593 2110 1622 fra-

1313 1646 1370 1676 tris
1392 1646 1511 1676 'shome
1534 1645 1573 1675 de
1594 1644 1721 1685 Aquino
1744 1644 1860 1674 ordinis
1884 1643 2017 1674 fratrum
2039 1654 2109 1684 pre-

1313 1697 1485 1727 dicatorum
1502 1696 1642 1736 magistri
1660 1696 1689 1725 in
1706 1695 1893 1735 tlicologia.”

1336 1749 1523 1789 Sequuntur,
1552 1747 1696 1777 Rubricae
1723 1757 1851 1776 summae
1877 1747 1915 1776 de
1942 1745 2110 1786 Theologia

1314 1799 1419 1830 fratris
1443 1799 1570 1828 Thomae
1594 1798 1632 1827 de
1656 1797 1780 1838 Aquino
1807 1796 1938 1827 fratrum
1962 1795 2110 1837 praedica-

1313 1855 1425 1885 torum,
1443 1860 1570 1880 numero
1586 1849 1665 1879 cxix.

1337 1901 1375 1930 In
1391 1901 1493 1931 fronte
1509 1900 1622 1930 codicis
1638 1900 1757 1930 notitiae
1773 1904 1844 1930 sunt
1860 1904 2032 1940 sequentes,

1271 1964 1298 1982 a.
1318 1958 1334 1968 “⁵
1347 1951 1440 1982 Liber
1457 1952 1502 1982 M.
1524 1951 1670 1982 Willelmi
1688 1951 1782 1986 Recd,
1800 1951 1934 1992 episcopi
1950 1950 2106 1985 Cicestrie,

1336 2015 1425 2044 quem
1441 2003 1515 2034 emit
1531 2015 1550 2033 a
1563 2002 1728 2033 venerabili
1744 2008 1834 2044 patre
1850 2002 1974 2032 domino
1988 2001 2108 2032 Thoma

1337 2054 1468 2091 Trillek,
1484 2055 1627 2095 episcopo
1645 2054 1798 2088 Roffensi;
1824 2053 1920 2084 oretis
1939 2053 2033 2094 igitur
2053 2063 2110 2094 pro

1336 2107 1498 2146 utroque.''

1271 2158 1298 2187 b.
1318 2164 1335 2172 “
1350 2157 1442 2187 Liber
1454 2157 1570 2198 collegii
1585 2157 1675 2187 beate
1690 2156 1790 2186 Mario
1804 2155 1954 2196 IVynton.
1968 2155 1998 2185 in
2011 2154 2108 2185 Oxon.

1337 2210 1365 2239 in
1382 2209 1536 2239 communi
1559 2208 1684 2238 libraria
1705 2214 1736 2238 et
1753 2208 1792 2238 ad
1814 2218 1903 2237 usum
1918 2217 2110 2237 communem

1337 2259 1498 2289 scolarium
1529 2259 1666 2299 ejusdem
1697 2264 1728 2289 ct
1762 2259 1895 2289 maxime
1925 2259 1962 2288 de
1997 2258 2111 2288 diocesi

1327 2311 1482 2356 ⁴Cicestrie
1509 2311 1547 2340 de
1578 2310 1771 2351 benignitate
1797 2309 1931 2350 episcopi
1958 2309 2110 2350 Wynton.

1337 2363 1367 2392 iu
1405 2367 1562 2403 posterum
1601 2362 1853 2392 assumendorum
1886 2360 2109 2390 cathenandus.

1338 2414 1385 2444 Ex
1403 2415 1483 2444 dono
1500 2413 1682 2444 venerabilis
1698 2413 1797 2454 patris
1818 2412 1932 2442 domini
1948 2412 2109 2447 willelmi,

1811 2462 1916 2493 Oretis
1940 2461 2035 2503 igitur
2057 2472 2111 2502 pro

1337 2515 1444 2545 codem
1461 2519 1492 2545 et
1508 2514 1756 2544 boneffictoribus
1772 2513 1908 2554 ejusdem
1924 2523 1959 2542 ac
1974 2512 2110 2542 fidelium

1337 2566 1498 2596 animabus
1514 2577 1532 2595 a
1548 2565 1728 2606 purgatorio
1743 2563 1938 2595 libe1·andis.”

1337 2464 1424 2495 tercii
1447 2464 1581 2504 episcopi
1604 2463 1764 2494 Cicestrie.

1603 2658 1740 2692 CXXI.

1235 2720 1531 2757 anbranaceus,
1558 2721 1590 2752 in
1619 2719 1700 2752 folio
1727 2720 1856 2763 majori,
1883 2719 1914 2752 ff.
1937 2721 2022 2766 3⁰7⁵.
2042 2730 2110 2751 sec.

1258 2778 1337 2817 xiv„
1356 2779 1444 2811 binis
1465 2777 1634 2811 columnis
1652 2782 1823 2810 exaratus.
