2254 3117
523 269 669 311 Sequitur
688 269 726 299 de
745 266 836 297 xxvii.
853 265 945 297 variis
968 264 1139 296 carminum
1161 275 1250 306 gene-

499 321 585 352 ribus
607 331 675 361 quae
695 330 715 349 a
735 317 869 348 Boethio
889 316 921 347 in
941 317 1027 347 libris
1049 317 1087 347 de
1108 315 1251 347 Consola-

500 372 584 402 tione
597 367 804 410 Philosophiae
816 370 1016 408 usurpantur,
1030 366 1119 408 incip.
1134 365 1252 405 “Quin-

500 433 559 463 que
574 419 698 451 libros.”

416 477 444 508 6.
462 475 637 507 Orthodoxi
660 477 769 504 contra
790 472 1019 504 Luciferianum
1040 472 1211 512 disputatio
1234 483 1253 502 a

480 528 515 557 B.
531 526 724 567 Hieronymo
739 525 901 555 translata.
926 524 976 554 fol.
995 525 1059 554 126.

524 577 622 618 Incip.
640 581 658 593 ‘⁶
673 576 818 606 Proxime
839 575 952 606 accidit
972 580 1007 606 ut
1023 575 1147 615 quidam
1166 573 1253 603 Luci-

500 629 556 659 feri
569 627 595 665 ;”
618 627 701 658 inter
716 638 785 668 opp.
802 630 877 657 tom.
894 626 923 656 ii.
941 626 997 656 col.
1015 635 1081 666 171.

524 679 562 709 In
573 678 655 710 calce
668 689 791 709 carmen
802 682 849 708 est
861 678 899 708 de
909 676 1253 708 transubstantiatione.
1285 675 1287 706 ἱ

504 730 642 761 versibus
658 730 790 760 sedecim
805 729 1071 771 comprehensum,
1087 728 1177 768 incip.

440 789 457 799 *⁵
470 783 603 813 Constat
619 783 650 812 in
665 781 757 812 altari
773 792 897 812 carmen
913 781 950 811 de
967 791 1045 821 pane
1061 779 1170 815 creari,

470 833 529 872 Qui
545 836 639 873 negat
655 832 714 862 hoe
729 843 799 862 reus
815 836 863 862 est
878 831 937 862 iste
953 832 1037 862 cibus
1054 831 1140 861 Deus
1155 834 1211 865 est,

473 883 567 913 Panis
583 887 734 919 mutatur,
749 883 850 924 specie
866 880 1044 912 remanente
1061 881 1173 922 priore,

471 935 514 966 Et
531 946 591 965 non
607 940 654 966 est
671 935 751 971 talia
768 935 867 975 qualis
883 934 1017 964 sentitur
1032 933 1062 963 in
1079 934 1163 963 ore.”

526 986 563 1016 In
586 986 646 1016 fine
671 985 785 1016 codicis
811 986 940 1016 inseruit
964 985 1156 1026 bibliopegus
1181 983 1257 1013 Mis-

506 1037 579 1068 salis
609 1038 817 1079 fragmentum
849 1037 979 1078 hymnos
1012 1035 1186 1066 exhibentis
1218 1035 1257 1064 ad

505 1089 605 1119 officia
632 1089 663 1119 S.
685 1089 861 1124 Clementis,
890 1088 919 1117 S.
939 1087 1067 1123 Oeeiliae,
1092 1091 1148 1117 etc.
1177 1086 1258 1116 notis

506 1140 704 1171 musicalibus
720 1140 897 1170 instructos.

786 1245 853 1279 Xl.

380 1317 500 1350 Codex
528 1315 819 1353 membranaceus,
847 1316 880 1347 in
909 1315 1001 1353 folio,
1030 1314 1063 1347 ff.
1083 1317 1164 1354 323,
1193 1325 1258 1347 sec.

405 1376 473 1408 xiv,
500 1374 660 1410 ineuntis,
688 1373 779 1406 haud
810 1384 879 1406 una
909 1384 1011 1406 manu
1043 1384 1107 1406 nec
1135 1373 1259 1406 eodem

405 1440 562 1478 tempore
596 1437 779 1470 exaratus;
819 1432 901 1465 olim
937 1432 1023 1465 liber
1045 1459 1051 1465 .
1072 1458 1078 1464 .
1099 1458 1105 1464 .
1127 1458 1132 1463 .
1157 1443 1257 1476 quem

406 1492 492 1525 emit
518 1503 538 1524 a
564 1490 728 1535 magistro
754 1489 934 1523 Willelmo
959 1489 1144 1535 Tayntrell,
1171 1501 1260 1522 anno

408 1550 559 1587 Domini,
577 1549 761 1582 m.cccc.vi.
780 1560 841 1593 pro
857 1575 863 1581 .
882 1575 889 1581 .
908 1574 914 1582 .
933 1574 939 1580 .

424 1621 449 1649 1.
470 1618 616 1653 Britonis,
638 1617 704 1647 ord.
721 1617 846 1648 Cisterc.
868 1617 1093 1648 Dictionarium
1117 1617 1260 1657 alphabe-

489 1669 584 1700 ticum
600 1669 638 1698 de
654 1668 778 1708 scriptis
794 1672 970 1698 sanctorum
988 1668 1127 1698 l'atrum.
1152 1668 1201 1698 fol.
1215 1680 1246 1705 4.
1291 1697 1293 1714 =

532 1719 741 1750 Praemittitur
757 1720 901 1761 prologus
917 1720 1072 1755 metricus,
1091 1720 1178 1760 incip.

385 1780 400 1789 ¹*
415 1772 559 1802 Difficiles
575 1772 685 1802 studeo
701 1777 806 1812 partes
823 1784 898 1812 quas
914 1773 1008 1802 biblia
1023 1776 1127 1813 gestat

419 1824 559 1854 Pandere
576 1824 628 1853 sed
643 1835 697 1853 noc
712 1848 716 1851 .
729 1847 734 1852 .
749 1847 753 1853 .
766 1823 903 1854 latebras
918 1824 975 1854 nisi
988 1824 1039 1864 qui
1056 1824 1262 1854 iiiaiiil'estat.”

534 1874 629 1915 Incip.
644 1875 716 1904 dict.
733 1879 749 1891 ⁴⁸
758 1874 788 1904 A
800 1875 906 1905 littera
918 1875 996 1906 sicut
1009 1875 1084 1905 dicit
1096 1874 1261 1905 Isid‹›1·us.'‘

534 1925 571 1955 In
588 1925 669 1956 calce
685 1925 823 1966 epilogus
839 1930 886 1955 cst
902 1925 1058 1962 metricus,
1077 1925 1166 1966 incip.

425 1983 441 1993 ‘⁸
455 1977 516 2007 Hic
531 1988 588 2018 ego
604 1976 777 2007 Doctorum
793 1976 931 2017 compegi
947 1977 1061 2017 scripta
1077 1976 1264 2011 sacrorum‚”

514 2039 604 2069 quem
620 2039 682 2058 una
697 2039 766 2058 cum
782 2028 909 2069 prologo
925 2028 1079 2069 evulgavit
1096 2028 1265 2058 Bandinius

513 2080 543 2109 in
559 2079 691 2120 catalog.
708 2078 807 2109 Codd.
828 2078 911 2109 Latt.
930 2083 1006 2109 tom.
1024 2078 1061 2108 iv.
1080 2078 1136 2108 col.
1153 2089 1220 2119 213.

429 2135 457 2163 Q.
476 2134 563 2165 Petri
576 2134 764 2165 Comostoris
778 2134 921 2164 Historia
934 2134 1134 2170 Scholastica,
1152 2134 1266 2175 praevia

493 2185 624 2226 epistola
641 2185 681 2215 ad
695 2185 881 2215 Willelmum
898 2185 1033 2226 archiep.
1048 2185 1266 2221 Senoneusem,

494 2247 611 2266 necnon
628 2235 735 2266 tabula
751 2236 963 2277 capitulorum.
988 2237 1038 2266 fol.
1058 2246 1111 2267 122
1126 2237 1156 2266 b.

537 2287 600 2318 Tit.
617 2292 633 2303 ‘⁴
646 2287 759 2327 Incipit
775 2287 904 2318 historia
920 2288 1109 2318 scolastica.”

539 2339 576 2368 In
592 2338 685 2374 calce,
702 2344 719 2354 ‘⁵
733 2337 869 2379 Explicit
885 2339 1015 2369 historia
1032 2340 1167 2369 Actuum
1185 2340 1266 2379 Apo-

517 2390 667 2420 stolorum
697 2390 862 2419 secundum
896 2390 1078 2430 magistrum
1109 2389 1266 2420 Comesto-
1298 2402 1299 2409 ¹

516 2441 608 2471 re1n.”

540 2492 576 2521 In
590 2496 722 2532 utroque
735 2492 794 2521 fine
809 2491 922 2532 legitur
934 2492 1141 2533 fragmentum
1156 2493 1268 2523 codicis

518 2543 700 2579 Justiniani,
718 2543 771 2573 sed
787 2554 824 2573 ex
842 2543 944 2573 MStis
961 2543 1098 2579 diversis,
1115 2555 1190 2574 secc.
1205 2544 1268 2574 scil.

519 2595 569 2624 xii.
586 2594 738 2634 exeuntis,
756 2599 787 2625 et
804 2594 865 2623 xiii.

789 2701 876 2735 XII.

398 2764 693 2803 Mcmbranaceus,
716 2765 749 2797 in
777 2763 858 2797 folio
886 2765 1017 2808 majori,
1042 2765 1129 2797 bene
1154 2776 1271 2798 exara-

926 165 1226 201 CATALOGUS
1252 165 1486 200 CODICUM
1514 165 1622 200 MSS.

1328 270 1383 299 tus
1403 266 1461 299 sed
1480 266 1635 302 mutilus.
1650 265 1758 299 literis
1776 265 1899 299 scilicit
1916 266 2104 300 initialibus
2123 278 2182 300 ex-

1329 324 1424 362 cisis;
1451 335 1495 356 ex
1513 324 1603 356 dono
1619 322 1678 355 W.
1694 322 1796 367 Gray,
1815 334 1867 367 ep.
1888 322 2043 358 Eliensis.

1348 385 1375 413 1.
1398 383 1525 424 Josephi
1553 383 1789 423 Antiquitatum
1815 383 2019 414 Judaiearum
2046 384 2115 415 libri
2142 385 2182 415 vi-

1411 435 1500 475 giuti.

1350 487 1377 515 2.
1395 485 1540 525 Ejusdem
1558 485 1595 514 de
1611 484 1692 515 bello
1707 484 1841 515 Judaico
1857 485 1927 515 libri
1943 491 2069 526 septem.

1458 535 1577 575 [Hodie
1592 535 1808 575 desideratur.]

1696 638 1803 672 XIII.

1308 701 1428 734 Codex
1452 701 1746 739 membranaceus,
1770 702 1804 734 in
1823 705 1894 741 4to,
1919 701 1951 734 ff.
1967 705 2022 740 73,
2043 713 2108 735 see.
2129 703 2188 741 xii,

1334 760 1422 792 bene
1457 764 1618 792 exaratus
1654 764 1689 792 et
1725 764 1888 798 servatus,
1917 759 1999 792 olim
2036 759 2122 793 liber
2153 759 2188 793 S.

1336 816 1458 850 Maria}
1477 816 1519 849 de
1540 816 1800 850 Humbrestein.

1352 879 1378 907 1.
1397 877 1427 907 S.
1441 877 1583 918 Gregorii
1601 888 1687 918 papae
1702 877 1725 907 Ι.
1742 882 1945 918 cognomento
1964 877 2080 918 Magni,
2099 888 2190 918 expo-

1416 929 1487 959 sitio
1503 929 1534 958 in
1550 928 1680 959 Cantica
1696 927 1906 958 Cantieorum.
1931 928 1981 958 fol.
2002 939 2026 958 1.

1459 980 1520 1009 Tit.
1540 985 1546 995 ⁸
1561 979 1718 1019 Incipiunt
1734 978 1863 1010 Cantica
1878 979 2106 1010 Canticorums'

1458 1031 1573 1061 Exstat
1590 1030 1671 1060 inter
1686 1041 1791 1071 opera,
1807 1036 1881 1060 tom.
1899 1030 1939 1060 iii.
1956 1031 2014 1060 col.
2031 1040 2102 1071 397.

1353 1084 1381 1112 2.
1403 1082 1510 1112 Sermo
1537 1082 1567 1112 in
1592 1082 1684 1118 istud,
1710 1081 1845 1112 ‘Venite
1869 1082 1909 1112 ad
1936 1093 1984 1112 me
2012 1093 2118 1112 omnes
2141 1082 2192 1122 qui

1390 1124 1394 1128 .
1415 1133 1547 1163 laborati
1564 1137 1594 1163 et
1612 1133 1732 1163 onerati
1749 1133 1845 1163 estis?
1867 1133 1917 1163 fol.
1932 1135 1970 1174 63
1985 1134 2016 1164 b.

1462 1184 1557 1225 Incip.
1583 1190 1600 1200 ‘⁸
1615 1184 1742 1221 Audite,
1769 1184 1880 1215 fratres
1908 1184 2074 1221 karissimi,
2099 1196 2192 1225 quan-

1439 1235 1535 1265 tum.”

1354 1289 1382 1317 53.
1403 1287 1510 1317 Sermo
1533 1287 1562 1317 in
1584 1287 1676 1321 istud,
1701 1292 1707 1303 ‘
1721 1287 1798 1317 Cum
1819 1287 1918 1318 exiret
1937 1287 2034 1328 Jepte
2057 1288 2096 1318 ad
2120 1299 2194 1328 pug-

1418 1340 1510 1374 na1u‚’
1523 1339 1560 1368 de
1576 1343 1694 1378 septem
1710 1338 1845 1379 peccatis
1860 1339 2052 1369 mortalibus.
2075 1339 2094 1369 f.
2110 1340 2151 1378 64
2165 1340 2192 1369 b.

1463 1389 1558 1429 Incip.
1577 1394 1594 1406 “
1608 1389 1639 1419 Si
1657 1389 1743 1420 fuero
1761 1389 1790 1419 in
1807 1389 1910 1430 pacesq

1358 1442 1383 1470 4.
1405 1440 1513 1470 Sermo
1536 1441 1566 1470 in
1590 1441 1681 1473 istud.
1707 1447 1713 1457 ⁴
1729 1440 1842 1476 Simile,
1868 1445 1925 1471 etc.
1953 1440 2005 1481 qui
2032 1441 2194 1471 seminavit

1420 1493 1532 1522 bonum
1549 1503 1652 1522 semen
1668 1492 1697 1522 in
1715 1503 1790 1533 agro
1806 1493 1883 1522 suo.'
1907 1492 1958 1522 fol.
1975 1501 2022 1532 72.

1463 1543 1560 1583 Incip.
1584 1550 1600 1560 ⁸·
1614 1544 1766 1574 Dominus
1790 1543 1882 1574 Jcsus
1905 1544 2058 1579 Christus,
2081 1544 2194 1574 fratres

1441 1595 1608 1631 karissimi,
1625 1595 1706 1625 inter
1720 1593 1860 1624 homines
1876 1594 2053 1624 habitans.’'

1464 1646 1500 1676 In
1517 1646 1566 1676 fol.
1584 1656 1610 1676 1.
1633 1650 1650 1662 ‘⁵
1665 1645 1725 1675 Hic
1749 1649 1797 1676 est
1816 1645 1893 1675 liber
1909 1645 2023 1675 Sancte
2041 1644 2141 1675 Marie
2157 1645 2195 1674 de

1443 1697 1687 1731 Hulnbrestein3
1718 1696 1749 1726 Si
1772 1696 1840 1736 quis
1863 1696 1944 1726 enim
1968 1696 2195 1736 absportaverit

1396 1738 1399 1741 ‚
1443 1748 1487 1778 vel
1505 1748 1626 1778 sumtus
1643 1748 1746 1783 fuerit,
1762 1747 1929 1778 anatliema
1945 1747 2016 1777 sit.''

1705 1850 1810 1884 XIV.

1293 1930 1295 1948 ι
1319 1913 1613 1949 Membrauaceus.
1640 1913 1673 1945 in
1702 1913 1783 1945 folio
1810 1913 1943 1949 minori,
1970 1913 2002 1945 ff.
2022 1913 2102 1949 236.
2129 1924 2195 1946 sec.

1342 1983 1396 2004 xv.
1414 1971 1574 2009 ineuntis,
1594 1971 1682 2004 binis
1700 1970 1868 2003 columnis
1888 1970 1996 2004 nitide
2015 1977 2196 2010 exaratus;

1343 2041 1385 2062 ex
1413 2029 1502 2062 dono
1526 2028 1623 2061 Will.
1644 2028 1751 2067 Rede,
1778 2029 1889 2061 vicarii
1918 2028 1957 2061 B.
1980 2028 2030 2061 M.
2050 2028 2198 2074 Magda-

1295 2075 1297 2092 ἐ
1343 2088 1436 2126 lenae,
1456 2088 1489 2119 in
1509 2086 1622 2120 Oxou.
1646 2087 1779 2130 [postea
1797 2098 1850 2130 ep.
1869 2086 2117 2128 Cicestrensis.]

1362 2153 1389 2181 l.
1410 2152 1551 2192 Hugonis
1572 2151 1609 2181 de
1631 2151 1661 2181 S.
1679 2151 1759 2181 Caro
1777 2150 1962 2181 Viennensis
1982 2162 2073 2192 super
2092 2151 2126 2181 B.
2143 2150 2198 2181 Jo—

1425 2203 1534 2232 hannis
1547 2202 1765 2242 Apocalypsini
1781 2202 2031 2238 commentarius⁷
2044 2213 2113 2232 cum
2129 2213 2197 2242 pro-

1426 2255 1502 2295 logo.
1527 2254 1577 2284 fol.
1591 2264 1620 2295 3.

1470 2305 1565 2346 lncip.
1589 2310 1609 2322 “
1625 2305 1713 2335 Vidit
1736 2305 1837 2335 Jacob
1864 2305 1977 2336 scalam
2001 2310 2058 2336 etc.
2107 2306 2199 2336 Liber

1447 2357 1504 2386 iste
1515 2358 1546 2390 ;”
1566 2362 1602 2386 ut
1618 2356 1648 2386 in
1664 2357 1738 2386 edit.
1754 2357 1892 2397 impress.
1907 2361 1986 2397 part.
2001 2356 2038 2386 vi.
2061 2356 2081 2386 f.
2094 2367 2157 2397 334
2169 2357 2196 2386 b.

1363 2413 1390 2440 Q.
1409 2411 1439 2441 S.
1451 2411 1591 2451 Gregorii
1606 2411 1713 2451 Magni
1731 2422 1822 2452 super
1836 2411 2025 2441 Ezechielem
2042 2411 2111 2441 libri
2126 2412 2196 2447 duo,

1427 2462 1567 2492 homilias
1582 2462 1688 2502 viginti
1710 2462 2013 2502 comprehendentes,
2030 2463 2142 2503 praevio
2158 2463 2198 2493 ad

1428 2512 1653 2543 Maximianum
1670 2514 1846 2554 episcopum
1862 2514 1998 2554 prologo.
2022 2513 2072 2544 fol.
2088 2524 2155 2545 122.

1471 2563 1607 2594 Exstant
1623 2564 1703 2594 inter
1719 2576 1824 2606 opera,
1840 2570 1914 2595 tom.
1930 2565 1948 2595 i.
1966 2565 2021 2596 col.
2040 2575 2128 2606 1173.

1471 2614 1507 2644 In
1531 2615 1624 2651 calce,
1642 2620 1658 2632 ⁴⁴
1672 2616 1807 2657 Explicit
1828 2616 1995 2657 Gregorius
2018 2627 2109 2657 super
2126 2617 2199 2647 Eze—

1449 2667 1609 2703 chielem‚”
1625 2667 1671 2698 cui
1689 2668 1826 2698 succedit
1842 2667 1949 2698 tabula
1963 2667 2167 2708 alphabetica.

1472 2718 1680 2749 Praemittitur
1692 2718 1799 2755 codici,
1815 2723 1832 2735 ⁴⁸
1843 2718 1943 2749 Istum
1959 2718 2070 2749 librum
2086 2719 2199 2760 legavit

1450 2769 1597 2810 magister
1610 2769 1784 2800 willelmus
1799 2769 1885 2800 Rede
1901 2770 2056 2810 quondam
2069 2770 2200 2801 vicarius
