2254 3117
360 180 404 210 22
915 171 1043 207 CATA
1051 172 1216 207 LOGUS
1242 172 1476 207 CODICUM
1503 172 1611 207 MSS.

401 277 430 305 5.
447 274 485 305 In
497 277 664 314 martyrem
681 272 701 303 J
703 272 837 303 ulittam.
861 271 915 302 fol.
932 282 987 303 121
1002 273 1031 302 b.

507 325 568 355 Tit.
595 327 645 354 τοῦ
670 324 756 354 αὐτοῦ
780 325 820 355 εἷς
845 323 897 361 τὴν
916 325 1045 363 μαρτύρα
1064 323 1234 359 Ἰουλίτταν,

486 376 531 405 καὶ
548 376 588 406 εἷς
603 377 637 405 τὰ
653 375 822 412 λειπόμενα,
841 388 864 404 κ.
876 378 904 404 λ.

507 426 586 456 Ibid.
603 430 676 456 tom.
693 425 713 455 i.
731 436 759 465 p.
776 427 847 465 367.

402 489 431 520 6.
449 490 485 519 In
502 489 585 523 illud,
604 489 693 526 Quod
710 488 797 518 Dous
813 499 874 518 non
890 491 938 518 est
953 492 1064 519 auctor
1079 487 1160 518 mali.
1184 487 1235 518 fol.

468 549 525 580 134
536 540 565 569 b.

486 591 563 621 Ibid.
582 595 656 621 tom.
674 591 691 621 i.
711 602 740 633 p.
757 600 829 629 420.

400 656 427 686 7.
446 654 492 685 De
508 654 564 684 ira.
588 654 637 684 fol.
656 656 722 692 148.

506 705 586 735 Ibid.
603 710 676 736 tom.
694 705 714 735 i.
732 717 762 746 p.
779 715 850 746 434.

398 771 426 799 8.
445 768 492 799 De
508 768 632 799 invidia.
657 768 707 799 fol.
727 770 792 809 158.

506 820 587 851 Ibid.
604 825 679 851 tom.
696 821 714 851 i.
731 832 760 861 p.
777 830 849 861 445.

398 886 427 917 9.
447 885 485 914 In
500 884 574 914 illud
593 890 599 899 ‘
612 884 780 915 Destruam
796 884 908 915 horrea
923 884 1012 920 mea,³
1028 888 1086 914 cte.
1102 883 1236 925 itemque

462 935 500 966 de
516 935 656 966 avaritia.
681 935 731 965 fol.
746 936 813 965 166.

506 986 587 1016 Ibid.
604 991 677 1016 tom.
694 986 713 1016 i.
731 997 759 1027 p.
776 988 847 1027 383.

378 1051 427 1080 10.
446 1050 480 1080 ln
495 1050 690 1081 ditescentos.
714 1050 766 1080 fol.
787 1059 853 1090 175.

507 1101 584 1131 Ibid.
602 1106 676 1132 tom.
693 1101 711 1131 i.
729 1113 758 1142 p.
777 1112 848 1143 393.

378 1167 425 1195 11.
445 1166 483 1195 In
500 1165 612 1196 famem
629 1170 659 1196 et
676 1165 854 1195 siccitatem.
879 1165 930 1195 fol.
948 1166 1015 1195 183.

505 1216 569 1246 Tit.
590 1217 689 1254 ὁμιλία
703 1217 825 1255 ῥηθεῑσα
840 1218 872 1246 ἐν
888 1218 960 1257 λιμῷ
979 1217 1024 1246 καὶ
1040 1216 1152 1257 αὐχμῷ.

507 1267 588 1297 Ibid.
606 1274 681 1297 tom.
698 1267 716 1297 i.
734 1279 763 1308 p.
779 1276 851 1305 407.

378 1331 427 1360 12.
446 1330 483 1360 In
498 1329 682 1371 principium
700 1330 947 1361 Proverbiorum.
972 1330 1021 1360 sol.
1038 1340 1107 1361 200.

508 1379 585 1410 Ibid.
604 1388 677 1410 tom.
695 1381 713 1410 i.
730 1392 760 1421 p.
777 1391 849 1421 454.

508 1431 622 1461 Deficit
645 1431 676 1460 in
703 1431 812 1466 verbis,
837 1432 889 1469 τὴν
915 1433 1014 1462 πίστιν
1039 1430 1235 1471 ἐναυάγησαν,

485 1485 559 1512 tom.
577 1482 596 1511 i.
613 1493 642 1522 p.
658 1492 730 1523 473,
747 1482 789 1512 D.
805 1493 835 1520 4.

380 1545 429 1575 13.
451 1544 611 1585 [Homiliae
648 1545 686 1574 (le
722 1544 858 1575 humana
891 1544 1006 1575 Christi
1039 1545 1237 1585 generatione

464 1596 696 1637 fragmentum]
722 1596 775 1626 fol.
795 1597 864 1626 218.

510 1648 608 1688 Incip.
632 1649 668 1680 ὡς
692 1649 798 1678 ἐπίπαν
822 1649 905 1680 εἰσὶν.
932 1648 962 1678 in
983 1648 1056 1679 edit.
1076 1654 1150 1678 tom.
1167 1648 1186 1678 i.
1206 1660 1236 1689 p.

485 1708 559 1739 592,
576 1699 614 1729 D.
631 1710 660 1738 4.

382 1762 431 1792 14.
450 1761 640 1793 Exhortatio
655 1763 694 1792 ad
711 1763 908 1803 baptismum.
934 1763 983 1793 fol.
1000 1771 1058 1803 219
1072 1763 1099 1792 b.

509 1814 589 1844 Ibid.
611 1818 685 1845 tom.
702 1814 720 1844 i.
738 1826 765 1855 p.
784 1824 856 1854 475.

382 1879 429 1908 15.
448 1878 485 1908 In
501 1878 684 1908 ebrietatem
702 1882 732 1908 et
749 1878 863 1908 luxum.
888 1878 939 1907 fol.
956 1887 1023 1918 231.

509 1930 590 1960 Ibid.
608 1934 682 1960 tom.
699 1930 717 1959 i.
734 1941 763 1970 p.
780 1932 851 1968 487.

382 1992 431 2022 16.
451 1992 498 2022 De
514 1992 585 2023 fide.
611 1993 660 2022 fol.
679 1993 780 2031 240b.

508 2044 624 2074 Deficit
646 2044 677 2074 in
699 2043 810 2080 verbis,
833 2044 884 2082 τὴν
900 2045 1029 2082 ἀταξίαν,
1046 2044 1077 2074 in
1093 2043 1165 2074 odit.
1183 2043 1235 2074 cit.

485 2099 560 2126 tom.
577 2096 597 2125 i.
615 2107 643 2136 p.
660 2106 731 2136 499.
750 2095 787 2125 Β.
803 2104 832 2135 5.

570 2241 579 2252 ί
714 2202 886 2235 LXXIV.

360 2263 479 2297 Codex
506 2264 797 2300 membranaceus.
816 2263 851 2296 in
866 2263 949 2296 folio
964 2263 1092 2307 majori,
1108 2262 1141 2295 ff.
1155 2265 1236 2302 272,

384 2333 450 2354 see.
468 2322 536 2361 xii..
556 2321 645 2355 binis
662 2321 831 2355 columnis
850 2321 937 2355 bene
956 2325 1126 2354 exaratus.

403 2389 432 2419 S.
446 2389 467 2419 J
471 2389 601 2420 ohannis
617 2389 831 2431 Chrysostomi
851 2389 1143 2420 connnentariorum
1159 2390 1188 2419 in
1205 2389 1236 2420 S.

424 2441 572 2472 Matthaei
606 2440 797 2482 evangelium
829 2444 932 2471 tomus
968 2440 1063 2482 prior,
1100 2440 1239 2470 homilias

423 2493 631 2534 quadraginta
647 2496 780 2534 quatuor
796 2492 1026 2541 complectens.⁸

467 2543 528 2574 Tit.
546 2544 564 2574 i.
587 2547 637 2575 τοῦ
660 2545 691 2574 ἐν
710 2545 804 2583 ἁγίοις
823 2543 928 2583 πατρὸς
944 2544 1022 2581 ἡμῶν
1036 2542 1174 2573 Ἰωάννου
1191 2543 1238 2582 ἁρ-

446 2596 637 2634 χιεπισκόπου
654 2595 991 2625 Κωνσταντινουπόλίως
1006 2595 1056 2623 τοῦ
1072 2594 1239 2631 Χρυσοστό-

444 2659 498 2683 μου
510 2647 663 2684 ὑπόμνημα
676 2647 715 2678 εἰς
727 2645 778 2676 τὸν
791 2645 875 2684 ἅγιον
888 2646 1043 2674 Ματθαῖον
1055 2643 1106 2673 τὸν
1119 2643 1239 2682 εὐαγγε-

446 2697 558 2734 λιστήν.

468 2748 604 2779 Exstant
621 2749 757 2790 impress.
771 2748 852 2779 inter
867 2757 962 2788 opera
977 2745 1051 2776 edit.
1065 2745 1239 2776 Montfauc.

446 2803 518 2829 tom.
536 2799 583 2829 vii.
600 2811 650 2841 pp.
672 2809 802 2840 1—475.

1396 271 1550 302 Praemisit
1570 283 1680 302 manus
1697 271 1889 314 aliquantum
1904 275 2057 306 recentior
2072 277 2159 308 tabu-

1373 323 1444 358 lam,
1461 323 1524 353 sivc
1544 323 1743 353 summarium
1759 325 1943 365 argumenti,
1960 325 2159 366 homiliarum,

1373 385 1443 405 cum
1458 374 1640 415 praefatione
1653 387 1661 409 ς
1680 375 1766 416 cujus

1396 425 1458 456 Tit.
1480 428 1528 455 τοῦ
1546 426 1578 455 ἐν
1593 426 1685 464 ἁγίοις
1700 426 1808 465 πατρὸς
1823 427 1902 465 ἡμῶν
1916 427 2053 459 Ἰωάννου
2069 430 2160 470 ἀρχιε-

1373 478 1515 507 πισκόπου
1538 479 1874 511 Κωνσταντινουπόλεως
1888 482 1938 510 τοῦ
1956 482 2161 520 Χρυσοστόμου

1375 529 1507 567 ἑρμηνεία
1533 529 1572 559 εἰς
1598 527 1629 557 τὸ
1654 530 1726 558 κατὰ
1749 531 1902 559 Ματθαῖον
1925 530 2097 569 εὐαγγέλιον
2119 534 2162 564 καὶ

1373 582 1430 609 τῶν
1444 580 1550 616 ἠθικῶν
1565 580 1682 617 δύναμις
1698 580 1730 609 ἐν
1746 581 1888 621 συντόμῳ.

1395 629 1492 670 Incip.
1518 630 1601 670 praef.
1628 629 1724 667 ἐπειδὴ
1752 630 1815 662 ἔθος
1839 630 1874 668 ἣν
1898 632 1935 672 τῷ
1962 633 2161 675 μακαριωτάτῳ

1373 680 1492 719 Ἰωάννῃ
1508 683 1545 722 τῷ
1570 682 1767 721 Χρυσοστόμῳ
1789 683 1862 719 μετὰ
1884 682 1917 712 τὸ
1940 683 2112 721 ἑρμηνεῦσαι
2131 685 2161 715 τὸ

1374 732 1439 771 παρ’
1457 733 1543 763 αὐτοῦ
1559 733 1708 772 προτεθέν.

1398 784 1433 814 In
1477 784 1559 814 ealce
1595 795 1700 814 versus
1737 784 1870 825 quinque
1907 785 2029 816 iambici
2066 785 2097 816 in
2132 786 2160 818 S.

1382 835 1592 871 Matthaeum3
1612 835 1701 876 incip.

1396 887 1410 916 ὁ
1426 887 1493 925 πρὶν
1508 887 1635 923 τελώνης
1652 887 1697 916 καὶ
1714 885 1868 926 σχολάζων
1884 890 1944 919 τοῖς
1959 888 2068 927 φόροις.

1652 986 1808 1020 LXXV.

1290 1048 1410 1083 Codex
1429 1049 1721 1088 membranaceus
1737 1049 1771 1082 in
1790 1048 1870 1082 folio
1889 1051 2019 1095 majori,
2038 1051 2071 1084 ff.
2086 1054 2162 1093 302,

1314 1119 1381 1140 sec.
1410 1108 1466 1145 xi..
1497 1107 1585 1141 binis
1620 1107 1789 1140 columnis
1825 1108 1913 1142 bene
1944 1115 2101 1144 exaratus
2131 1111 2174 1145 et'
2221 1101 2224 1107 ¹

1315 1171 1481 1199 servatus.

1333 1234 1529 1265 S.J011annis
1552 1234 1765 1275 Chrysostomi
1789 1234 1819 1264 in
1842 1235 1942 1266 Actus
1961 1235 2016 1266 SS.
2034 1236 2162 1277 Aposto-

1354 1285 1453 1315 lorum
1475 1285 1765 1315 commentariorum
1787 1289 1890 1316 tomus
1910 1286 2006 1327 prior,
2029 1286 2163 1318 homilias

1353 1336 1460 1377 viginti
1477 1342 1596 1378 septem
1612 1336 1777 1366 includens.

1397 1388 1459 1418 Tit.
1476 1388 1494 1418 i.
1516 1391 1566 1418 τοῦ
1588 1389 1620 1418 ἐν
1641 1389 1733 1426 ἁγίοις
1752 1388 1860 1426 πατρὸς
1875 1389 1954 1426 ἡμῶν
1968 1388 2104 1420 Ἰωάννου
2119 1391 2163 1429 ἆρ-

1375 1440 1566 1478 χιεπισκόπου
1584 1440 1919 1470 Κωνσταντινουπόλεως
1938 1441 1988 1468 τοῦ
2003 1441 2163 1478 Χρυσοστό-

1374 1503 1428 1527 μυυ
1452 1491 1604 1527 ὑπόμνημα
1627 1490 1667 1520 εἰς
1690 1490 1740 1520 τὰς
1766 1488 1882 1528 πράξεις
1909 1492 1966 1520 τῶν
1989 1490 2078 1529 ἁγίων
2099 1491 2164 1522 ἀπο-

1376 1543 1500 1571 στόλων.

1398 1592 1534 1622 Exstant
1555 1592 1636 1622 inter
1659 1603 1763 1632 opera,
1780 1592 1833 1622 sed
1857 1591 1906 1622 hic
1925 1591 1985 1622 illic
2004 1592 2164 1630 variantes,

1337 1641 1341 1644 ’
1377 1643 1450 1674 edit.
1468 1643 1641 1674 Moutfauc.
1660 1648 1734 1674 tom.
1751 1643 1792 1673 ix.
1809 1654 1860 1683 pp.
1881 1652 2011 1674 1—220.

1647 1747 1822 1782 LXXVI.

1293 1811 1588 1850 Membranaceus,
1613 1811 1647 1844 in
1675 1810 1757 1843 folio
1783 1809 1913 1854 majori,
1941 1808 1974 1842 ff.
1995 1811 2076 1849 273,
2101 1820 2162 1843 sec.

1315 1869 1371 1905 xi..
1388 1868 1475 1901 binis
1493 1867 1660 1901 columnis
1679 1867 1767 1900 bene
1785 1870 1956 1900 exaratus.

1335 1937 1365 1966 S.
1379 1936 1400 1966 J
1404 1936 1533 1966 ohannis
1552 1935 1764 1976 Chrysostomi
1784 1935 1814 1964 in
1832 1935 1932 1965 Actus
1947 1933 2164 1975 Apostolorum

1354 1987 1645 2018 commentariorum
1669 1991 1772 2017 tomus
1794 1985 1884 2023 alter,
1907 1979 2048 2016 homilias
2069 1995 2164 2015 xxvm

1356 2050 1444 2069 -ιν,
1461 2039 1606 2069 inclusive
1622 2038 1837 2079 complectens.

1400 2089 1536 2120 Exstant
1553 2090 1633 2120 inter
1649 2099 1752 2130 opera,
1769 2088 1842 2119 edit.
1860 2087 1911 2118 cit.
1927 2099 1956 2129 p.
1976 2097 2045 2125 220,
2061 2098 2131 2129 seqq.

1398 2142 1436 2171 In
1452 2141 1540 2172 initio
1557 2145 1588 2171 et
1610 2141 1670 2171 fine
1693 2140 1806 2170 codicis
1829 2139 1957 2170 inseruit
1980 2139 2164 2180 bibliopegus
2214 2153 2216 2166 :

1375 2192 1448 2223 folia.
1471 2196 1604 2233 quatuor
1630 2192 1838 2226 membranea,
1861 2201 1919 2221 sec.
1945 2190 2004 2220 xiv.
2029 2193 2161 2226 exarata,

1377 2244 1501 2275 Senecae
1517 2243 1680 2285 tragoediae
1693 2243 1766 2273 dict.
1781 2241 1946 2283 Hippolyti
1962 2241 2164 2283 fragmentum

1376 2295 1576 2329 continentia,
1592 2293 1734 2336 glossulis
1750 2293 1921 2324 illustratae.

1636 2393 1830 2428 LXXVII.

1293 2458 1592 2495 Membranaccus,
1619 2457 1654 2489 in
1681 2455 1762 2489 folio
1789 2454 1921 2498 majori,
1948 2453 1980 2486 ff.
2000 2451 2082 2492 256,
2101 2462 2162 2485 sec.
2211 2454 2213 2460 ⁴

1317 2517 1430 2550 forsan
1466 2516 1524 2549 xii.
1560 2514 1720 2553 ineuntis,
1761 2512 1849 2546 binis
1886 2510 2054 2544 columnis
2088 2519 2166 2543 exa·

1316 2578 1420 2607 ratus.

1336 2644 1366 2673 S.
1379 2642 1534 2673 Johannis
1557 2639 1768 2682 Chrysostomi
1792 2639 1821 2669 in
1847 2638 1877 2668 S.
1890 2636 1978 2668 Pauli
2001 2637 2041 2667 ad
2064 2635 2166 2667 Corin-

1355 2693 1438 2724 thios
1453 2693 1614 2734 epistolam
1630 2692 1761 2733 primam
1783 2688 1995 2720 commentarii
2008 2700 2016 2724 ;
2038 2685 2167 2717 homiliis

1356 2744 1564 2786 quadraginta
1580 2747 1714 2784 quatuor
1729 2739 1950 2783 comprehensi.

1398 2795 1459 2826 Tit.
1475 2796 1613 2826 ὑπόθεσις
1628 2796 1676 2831 τῆς
1691 2793 1761 2833 πρὸς
1777 2793 1945 2831 Κορινθίους
1961 2789 2124 2826 ἐπιστολῆς.
