2254 3117
675 161 914 196 COLLEGII
943 162 1316 200 MERTONENSIS.
1860 173 1906 203 53

100 259 128 288 2.
147 257 303 289 Johannis
315 257 432 299 Eyton,
446 258 484 289 dc
498 258 706 299 Repingduna
721 260 871 296 canonici,
886 264 967 291 trac-

164 312 250 340 tatus
267 310 305 340 dc
321 321 426 346 usura,
444 321 535 351 quem
551 310 725 351 composuit
741 322 823 341 anno
841 311 966 342 Domini

167 361 257 401 1387.
279 365 346 392 tum
369 372 479 402 regens
499 361 628 392 Oxoniae
651 361 683 391 in
706 362 875 403 theologia,
896 374 966 393 cum

163 412 302 453 prologo.
326 412 376 442 sol.
391 415 441 453 65.

214 463 312 504 Incip.
353 464 431 505 prol.
471 468 488 480 “
505 463 789 505 Appropinquante
831 465 966 496 termino

183 515 291 545 mundi
307 515 426 556 hujus.”

206 566 305 607 Incip.
332 570 489 597 tractatus
512 570 531 583 “
546 566 634 597 Sicut
660 567 727 608 ejus
751 568 834 608 quod
859 572 907 598 cst
934 568 966 598 in

183 628 216 647 se
232 617 407 648 decorum.”

206 669 245 698 In
261 668 355 705 calce,
373 673 391 685 ‘⁴'
402 668 540 709 Explicit
556 673 714 700 tractatus
730 670 768 700 de
785 671 909 700 usura.”

98 724 127 754 3.
145 723 369 764 Compendium
380 723 509 754 literalis
519 734 627 754 sensus
638 724 739 755 tocius
750 725 859 755 divinae
871 725 966 766 scrip-

160 778 240 805 turae
264 775 382 805 editum
405 786 425 806 a
447 775 545 806 fratre
568 775 666 806 Petro
682 776 825 813 Aureoli,
849 777 966 808 ordinis

160 826 292 857 fratrum
309 827 473 858 minorum.
499 827 550 857 fol.
567 836 615 866 71.

202 876 321 908 Exstat
337 878 477 919 impress.
496 878 596 908 Paris.
618 879 707 919 1508,
723 882 756 909 et
771 879 854 910 alibi.

205 929 241 959 In
258 929 341 960 calce
357 929 492 960 occurrit
508 941 623 965 versus,

182 984 203 998 ‘⁶
220 980 358 1021 Explicit
390 981 448 1012 iste
478 981 556 1012 liber
574 1005 580 1011 .
598 981 732 1023 scriptor
767 982 808 1013 sit
838 982 966 1013 crimine

182 1031 290 1062 liber.”

99 1087 127 1116 4.
145 1086 264 1117 Nicolai
303 1087 341 1118 de
381 1086 464 1128 Lyra
499 1087 722 1118 determinatio
759 1089 797 1119 de
829 1089 965 1120 adventu

160 1137 280 1168 Christi
296 1149 352 1179 per
368 1138 540 1179 scripturas
556 1139 577 1168 J
583 1140 752 1169 udaeorum.
778 1140 830 1169 fol.
852 1151 857 1170 1
866 1150 916 1181 33.

202 1189 319 1221 Exstat
334 1190 476 1231 impress.
493 1191 523 1220 in
542 1191 609 1221 Svo.
628 1191 771 1222 Francos.
791 1194 879 1222 1601.

96 1247 125 1275 5.
142 1244 375 1276 Determinatio
391 1247 528 1287 ejusdem
545 1258 639 1288 super
654 1247 728 1278 illud
743 1248 843 1284 Isaiae,
863 1255 870 1265 ⁸
884 1249 964 1279 Ecce

158 1297 244 1338 virgo
260 1297 413 1338 concipiet
429 1302 461 1328 et
477 1298 578 1339 pariet
596 1299 732 1335 Filium‚'
743 1304 802 1330 etc.
826 1300 878 1329 fol.
897 1310 963 1341 ¹39-

202 1348 300 1390 Incip.
317 1353 337 1366 “
351 1348 482 1383 Questio
507 1355 555 1380 est
579 1350 617 1380 de
642 1351 844 1391 conceptione
864 1351 963 1382 Verbi

180 1400 334 1431 incarnati
346 1402 376 1437 3⁹³
400 1407 435 1432 ut
451 1401 525 1432 ibid.

95 1457 123 1487 6.
141 1456 298 1497 Anonymi
310 1456 469 1497 cujusdam
481 1468 637 1487 sermones
648 1457 858 1489 Dominieales
872 1470 964 1500 super

158 1507 305 1548 epistolas
331 1512 363 1539 et
389 1508 559 1549 evangelia,
581 1520 650 1550 quae
682 1509 712 1539 in
744 1510 873 1540 ecclesia
903 1510 963 1552 legi

160 1558 269 1589 solent.
294 1559 345 1590 fol.
363 1569 430 1598 140.

201 1610 300 1652 Incip.
317 1611 337 1641 i.
362 1616 382 1629 ‘⁶
397 1611 473 1642 Dies
500 1612 785 1653 appropinquabit3
815 1614 892 1644 Dies
919 1626 964 1645 se·

179 1661 315 1692 cundum
344 1662 562 1703 philosophum
588 1667 636 1693 est
662 1663 742 1694 lacio
771 1664 844 1694 solis
871 1676 964 1706 super

180 1715 329 1743 terram.”

204 1765 271 1796 Ult.
288 1770 336 1796 est
360 1765 391 1796 in
414 1766 497 1796 istud
518 1766 592 1796 Joh.
611 1770 618 1782 ⁴
634 1766 695 1797 Hic
723 1771 771 1798 est
796 1779 866 1798 vere
894 1779 963 1809 pro-

181 1817 298 1858 pheta:
314 1822 346 1848 et
362 1817 454 1858 incip.
467 1822 486 1835 “
501 1817 538 1848 In
554 1818 613 1848 hiis
629 1819 730 1849 verbis
747 1820 784 1849 ‹le
801 1819 965 1851 Salvatore

182 1872 290 1899 nostro
307 1868 427 1899 dietisf*

204 1921 243 1951 In
277 1921 372 1957 calce,
405 1926 423 1937 ‘⁶
438 1921 665 1952 Benedicamus
696 1922 831 1953 Domino
849 1935 854 1952 :

182 1973 337 2014 gracias.'¹

443 2038 584 2072 CXIII.

77 2099 195 2133 Codex
227 2100 521 2139 membranaceus,
550 2102 583 2134 in
617 2101 710 2140 folio,
734 2101 767 2135 ff.
784 2105 867 2143 233,
897 2114 964 2136 sec.

101 2158 170 2190 xiv.
183 2158 343 2195 ineuntis
356 2158 445 2192 binis
464 2157 634 2191 columnis
650 2158 741 2191 haud
762 2170 830 2192 una
848 2170 964 2199 manu,

102 2221 283 2256 exaratus3
311 2227 355 2249 ex
391 2216 507 2261 legato
535 2215 616 2249 Joh.
650 2216 848 2261 Ryseborw,
884 2217 963 2251 coll.

102 2273 208 2307 Mert.
227 2275 320 2308 socii.

121 2336 148 2364 1.
167 2334 298 2366 Roberti
326 2334 442 2365 Holcot
473 2334 662 2375 quaestiones
692 2334 754 2364 sive
784 2335 965 2375 quodlibeta

183 2397 275 2426 super
290 2385 385 2416 libros
402 2386 639 2416 sententiarum.
664 2385 714 2415 fol.
733 2395 757 2415 1.

226 2437 294 2468 Tit.
312 2442 333 2454 “
348 2437 462 2467 Holcot
479 2448 572 2477 super
589 2436 795 2466 sentencias.”

225 2488 363 2519 Exstant
380 2489 520 2529 impress.
542 2487 639 2528 Lugd.
662 2497 752 2527 1497,
767 2492 799 2518 et
815 2487 897 2518 alibi.

118 2545 146 2573 2.
164 2544 314 2583 Quaestio,
340 2544 390 2585 [an
418 2544 581 2584 ejusdem}
600 2543 717 2573 Utrum
743 2544 905 2583 przrscitus
931 2548 963 2575 et

182 2596 425 2636 praedestinatus
448 2595 563 2625 faciens
587 2595 706 2626 fructus
723 2595 821 2626 bonos
836 2600 962 2627 aeterna]

182 2647 255 2677 vita·
271 2646 447 2676 meritorios
463 2646 561 2687 possit
580 2646 729 2677 decedere
745 2646 881 2678 finaliter
893 2659 962 2678 cum

181 2697 307 2728 eisdem.
331 2697 382 2727 fol.
402 2707 466 2735 ¹07·

224 2747 322 2788 Incip.
344 2753 362 2763 ⁴⁸
376 2747 465 2777 istud
483 2746 662 2776 dubitatum
687 2747 748 2777 duo
770 2748 882 2790 tangit,
900 2749 961 2790 pri-

200 2809 296 2837 mum,
313 2800 366 2828 An
382 2798 483 2829 facere
498 2798 618 2828 fructus
634 2798 763 2829 bonos.”

897 1923 965 1954 Deo
996 1911 998 1968 ἦ

997 1969 998 1979 1

1042 263 1071 292 3.
1089 261 1182 293 Alani
1199 263 1237 293 de
1251 263 1364 294 Insulis
1380 264 1417 294 (10
1433 264 1630 305 complanctu
1646 268 1778 303 naturae,
1791 266 1906 306 partim

1106 313 1208 344 soluta
1218 315 1332 355 partim
1345 315 1442 356 ligata
1454 316 1595 346 oratione
1608 316 1752 357 scriptus.
1776 317 1826 347 fol.
1839 327 1847 347 1
1862 328 1904 356 17.

1151 365 1287 396 Exstant
1310 366 1448 397 carmina
1470 367 1500 397 in
1517 367 1679 408 l'olycarp.
1698 368 1825 409 Leyseri
1847 369 1906 399 liis-

1128 415 1209 446 toria
1225 417 1263 447 dc
1279 417 1379 457 poetis
1395 419 1474 448 med.
1490 430 1546 450 ων.
1563 430 1591 460 p.
1610 428 1698 460 1045.

1152 466 1249 508 Incip.
1267 478 1370 508 prosa,
1387 474 1405 485 ⁴⁴
1419 470 1496 500 Cum
1520 470 1577 500 hac
1598 470 1733 511 elegiaca
1755 471 1905 502 lamenta-

1127 517 1181 547 bili
1196 518 1395 558 epilacione.”

1151 567 1188 598 In
1204 568 1298 604 calce,
1316 573 1337 587 ‘⁶
1353 570 1492 611 Explicit
1517 572 1708 602 enchiridion
1732 573 1827 603 Alani
1852 573 1906 603 mi-

1128 618 1203 649 nimi
1220 620 1336 661 capelle
1352 621 1390 651 dc
1406 623 1626 662 conquestione
1639 623 1779 654 nature.”

1043 759 1071 788 4.
1091 758 1186 789 Liber
1201 759 1253 800 qui
1274 759 1389 790 dicitur
1405 760 1641 799 Acccntuarius,
1658 763 1720 793 sive
1743 763 1782 793 de
1796 774 1905 793 accen-

1106 810 1249 841 tuatione
1264 810 1453 851 syllabarum
1473 812 1714 853 penultimarum
1737 818 1769 845 et
1791 815 1907 845 media—

1106 873 1184 892 rum.
1208 862 1259 893 sol.
1277 873 1344 903 ¹29·

1152 913 1250 954 Incip.
1265 918 1282 930 ‘⁵
1296 913 1376 953 Quia
1392 913 1473 944 inter
1489 914 1667 945 sillabarum
1684 922 1827 946 accentus
1843 927 1907 946 ma-

1129 964 1211 994 xime
1223 964 1346 995 videtur
1362 975 1418 1005 pro
1434 975 1521 995 sacre
1537 965 1688 1006 scripture
1701 977 1837 1006 congrua
1853 977 1906 996 seu

1128 1015 1236 1046 debita
1251 1015 1483 1056 cxpressione.”

1152 1067 1191 1097 In
1222 1066 1317 1103 calce⁷
1345 1071 1363 1083 “
1382 1066 1521 1107 Explicit
1550 1067 1745 1098 accentarius
1775 1067 1908 1108 scriptus

1127 1129 1210 1149 anno
1227 1118 1353 1149 Domini
1369 1118 1582 1148 m.cec.lxxvii.
1606 1119 1720 1149 Gades*

1150 1171 1298 1212 Sequitur
1314 1171 1428 1202 notitia
1441 1171 1480 1201 de
1491 1170 1634 1209 Tessem,
1648 1171 1678 1201 in
1695 1182 1756 1212 qua
1772 1172 1909 1202 citantur

1129 1222 1255 1263 Papias,
1274 1222 1381 1263 Hug0‚
1399 1227 1430 1252 et
1448 1222 1546 1252 Brito.

1041 1353 1070 1382 5.
1088 1351 1214 1382 Ricardi
1233 1350 1490 1392 Filii-Radulphi,
1507 1350 1713 1387 Armachani,
1726 1350 1764 1380 dc
1780 1361 1910 1391 pauper-

1105 1407 1171 1433 tate
1188 1402 1303 1434 Christi
1327 1402 1398 1432 libri
1422 1406 1552 1443 septem,
1569 1412 1639 1432 cum
1656 1401 1785 1443 prologo
1801 1401 1841 1431 ad
1860 1401 1909 1431 In-

1104 1454 1282 1485 nocentium
1298 1454 1418 1495 Papam
1436 1454 1501 1489 VI..
1519 1457 1551 1484 et
1572 1453 1682 1484 tabula
1703 1453 1909 1494 capitulorum

1105 1507 1215 1547 cuique
1231 1506 1310 1536 libro
1327 1506 1450 1547 praevia.
1472 1506 1522 1536 fol.
1539 1516 1608 1546 143.

1150 1558 1248 1599 Incip.
1266 1558 1344 1598 prol.
1363 1562 1380 1574 “
1394 1557 1548 1588 Dominus
1564 1557 1706 1588 Clemens
1722 1554 1782 1587 VI.
1802 1557 1847 1587 sui
1864 1568 1909 1587 re-

1126 1609 1284 1651 ginlinis.''

1148 1669 1209 1700 Tit.
1234 1669 1285 1699 lib.
1313 1672 1331 1685 “
1346 1668 1462 1709 Incipit
1489 1668 1567 1699 liber
1593 1667 1730 1703 Ricamli,
1760 1667 1910 1708 arehiepi-

1127 1720 1211 1761 scopi
1227 1720 1427 1755 Armaehani.
1444 1719 1595 1750 Hibernie
1611 1719 1764 1760 primatis,
1782 1719 1820 1749 de
1836 1730 1910 1760 pau-

1127 1772 1211 1813 perie
1228 1772 1429 1803 Salvat01·is.”

1150 1824 1247 1864 Incip.
1263 1829 1282 1842 “
1295 1824 1479 1858 Johannos;
1506 1823 1587 1861 Quia
1602 1823 1684 1853 circa
1700 1834 1802 1853 rerum
1820 1834 1909 1863 prop-

1128 1880 1177 1906 ter
1192 1875 1379 1905 hominem.'’

1150 1926 1256 1957 Desin.
1271 1931 1288 1943 ‘⁴
1301 1926 1438 1957 retinens
1455 1926 1537 1967 quod
1551 1925 1698 1961 delectat,
1715 1925 1772 1963 Qui
1790 1935 1910 1964 semper

1128 1978 1308 2008 benedictus
1325 1978 1356 2008 in
1373 1978 1476 2008 secula
1492 1977 1678 2012 seculorum⁷
1696 1975 1829 2005 Amenf'

1149 2028 1297 2069 Sequitur
1312 2028 1422 2059 tabula
1439 2031 1668 2058 contentorum.

1042 2091 1071 2122 6.
1088 2092 1247 2133 Anonymi
1261 2092 1449 2132 quzestioncs
1462 2092 1500 2122 de
1511 2091 1675 2122 dilectione
1690 2091 1758 2121 Dei.
1776 2090 1795 2120 f.
1809 2090 1866 2120 218
1880 2090 1908 2119 b.

1149 2143 1245 2184 Incip.
1271 2147 1291 2160 “
1308 2143 1424 2174 Utrum
1452 2143 1535 2174 solus
1559 2143 1645 2173 Deus
1669 2154 1689 2173 a
1715 2153 1908 2184 quacumque

1128 2194 1273 2225 rationali
1292 2199 1437 2225 creatura
1454 2205 1547 2235 super
1567 2194 1670 2224 onmia
1686 2204 1827 2234 supreme
1844 2192 1909 2222 ‹lili-

1126 2246 1265 2287 gendus;
1289 2246 1379 2286 Quod
1397 2257 1477 2282 non;
1504 2246 1592 2285 Quod
1610 2243 1803 2275 dilectione?

1393 2355 1531 2390 CXIV.

1021 2418 1141 2452 Codex
1173 2418 1469 2457 membranaceus,
1498 2419 1532 2450 in
1565 2417 1656 2455 folio,
1684 2416 1813 2452 111109,
1841 2427 1906 2447 <ee

1044 2477 1125 2517 xiv„
1144 2477 1233 2511 binis
1251 2476 1421 2510 columnis
1440 2479 1611 2514 exaratus,
1624 2480 1642 2491 ‘⁶
1657 2485 1701 2506 ex
1720 2473 1906 2506 traditione

1045 2535 1212 2569 Bernardi
1232 2547 1292 2580 pro
1312 2533 1551 2580 Hugutioue.’'

1063 2596 1302 2631 Bonaventurae,
1334 2593 1516 2629 Cardinalis,
1553 2602 1644 2632 super
1681 2589 1905 2621 sententiarum

1083 2647 1195 2677 librum
1212 2647 1344 2688 primum
1362 2645 1522 2685 scriptum.

1126 2697 1163 2727 In
1186 2697 1279 2734 calce,
1298 2703 1315 2713 ⁶·
1329 2695 1511 2736 Completus
1535 2697 1583 2724 est
1606 2692 1683 2722 liber
1700 2691 1726 2721 I.
1745 2691 1906 2722 1301111101]-

1104 2749 1202 2779 tures*

1146 2799 1295 2840 Sequitur
1322 2797 1429 2829 tabula
1455 2795 1702 2832 distinctionum,
1722 2799 1753 2825 et
1781 2793 1812 2824 iu
1836 2793 1906 2830 fine.
