2254 3117
323 168 367 197 10

406 261 490 302 gitur
519 259 597 289 libro
627 257 665 287 de
695 255 784 286 donis
807 253 899 284 titulo
921 263 952 292 4,
976 253 1075 294 prime
1104 251 1203 293 partis

407 310 544 352 capitulo
561 309 607 339 8st

430 361 534 392 Desin.
553 364 570 377 ‘⁶
583 357 733 390 confessio
749 357 787 387 de
803 367 859 386 ave
875 354 1084 391 nidificante,”
1100 357 1157 384 etc.

429 411 576 452 Sequitur
591 409 714 444 notitia,
732 412 749 423 “
763 407 785 437 J
788 406 925 436 ohannes
942 405 1083 445 Latbury
1096 404 1205 434 doctor

409 464 446 493 de
462 462 569 492 ordine
590 461 723 490 fratrum
744 457 908 493 minorum,
930 456 981 497 qui
1012 455 1085 486 fecit
1111 455 1204 485 lectu-

407 525 474 543 ram
490 523 581 553 super
596 511 707 541 librum
721 509 906 544 Trenorum,
917 507 1094 548 compilavit
1112 506 1205 536 istum

408 568 590 599 tractatum,
606 562 673 592 Deo
688 560 836 601 gracias.”

685 645 851 681 XXVII.

326 712 443 745 Codex
480 710 773 748 membranaceus,
800 708 834 740 iu
862 707 954 743 folio,
979 705 1012 739 ff.
1032 708 1114 745 253,
1141 716 1206 737 see.

350 782 416 805 xv..
435 769 523 803 binis
541 767 709 801 columnis
727 771 896 799 exaratus.

368 828 523 859 Johannis
558 827 729 867 Lathbury,
757 823 967 859 Franciscani‚
995 821 1207 853 commentarii

390 881 421 910 in
439 879 602 909 Hieremiae
620 878 771 913 Thronos,
786 887 855 906 cum
872 874 1031 917 prooemio.

434 931 497 960 Tit.
515 938 532 946 ⁵·
546 928 661 969 Incipit
685 927 762 957 liber
788 927 903 957 lecture
929 925 1091 955 moralium
1118 934 1209 963 super

413 982 474 1011 duo
491 980 627 1021 capitula
643 979 814 1009 Trenorum
830 977 965 1007 Jeremie
984 976 1135 1017 prophete
1156 984 1210 1014 per

415 1033 543 1062 fratrem
560 1031 579 1061 J
583 1031 734 1061 ohannem
754 1029 932 1068 Lathebury
948 1026 1158 1067 compilatusf*

439 1082 553 1111 Exstat
569 1080 707 1121 inipress.
724 1079 754 1109 in
772 1079 822 1109 sol.
839 1080 925 1116 1482.

438 1132 585 1173 Sequitur
600 1130 707 1161 tabula
723 1133 940 1160 contentorum
956 1127 1160 1168 alphabetica.

685 1220 869 1254 XXVIII.

335 1285 634 1321 Membranaceus,
662 1283 695 1315 iu
724 1282 806 1315 folio
835 1282 964 1325 majori,
988 1280 1119 1318 ffi307‚
1146 1290 1211 1312 sec.

358 1344 437 1382 xiv.,
457 1343 545 1376 binis
572 1341 741 1375 columnis
770 1345 938 1378 exaratus,
958 1344 965 1356 ‘
980 1343 1117 1382 emptus
1141 1348 1213 1370 sco-

358 1400 484 1434 laribus
513 1399 555 1432 de
583 1398 764 1443 Stapleton
793 1397 886 1436 Hall,
913 1408 988 1429 euin
1018 1396 1115 1429 bonis
1144 1406 1214 1428 lna-

358 1460 541 1504 gistrorum
576 1457 719 1490 IIenrici
750 1455 945 1489 Whitefeld
981 1459 1016 1487 et
1046 1454 1214 1486 Johannis

360 1518 553 1562 Landreyn.
606 1516 722 1550 Oretis
740 1515 845 1561 igitur
863 1526 922 1559 pro
942 1515 1109 1557 utroque]

378 1580 406 1608 1.
431 1577 576 1608 Gulielmi
608 1575 767 1616 Whetely.
798 1574 932 1615 Angliei‚
964 1573 994 1603 in
1025 1572 1147 1603 Boethii
1177 1572 1215 1602 de
1244 1563 1246 1583 ³

441 1628 600 1668 disciplina
632 1626 886 1656 scholasticorum
917 1625 1010 1655 libros
1041 1628 1105 1654 tres
1135 1634 1214 1653 com-

441 1677 622 1712 mentarius,
639 1688 707 1707 cum
724 1676 914 1717 praesatione.
939 1675 988 1705 fol.
1008 1684 1034 1705 2.

486 1729 583 1769 Incip.
598 1734 615 1745 ‘⁵
629 1728 798 1758 Hominum
816 1732 927 1757 natura
943 1726 1153 1767 multipliciter
1168 1730 1215 1756 est

464 1791 560 1810 serva.
613 1779 678 1809 Ista
702 1778 869 1819 propositio
893 1778 1008 1818 scripta
1035 1782 1082 1807 est
1106 1788 1124 1806 a
1150 1776 1215 1817 phi-

464 1830 619 1871 losopho.”

487 1881 584 1921 Incip.
599 1884 761 1911 comment.
776 1886 794 1896 ‘⁴
810 1879 914 1909 Primo
931 1891 999 1910 cum
1015 1880 1072 1909 istc
1089 1879 1165 1908 liber
1178 1878 1217 1908 sit

468 1933 505 1963 de
521 1931 681 1972 disciplina
697 1931 887 1961 scolariu111.”

488 1983 594 2014 Desin.
608 1988 625 1999 ‘⁵
637 1986 668 2013 et
678 1982 850 2023 fragrancie
866 1982 895 2011 in
908 1981 1010 2011 onmia
1022 1981 1124 2011 secula
1136 1991 1219 2011 secu-

468 2034 578 2064 lorum.
603 2033 733 2063 Αι11611.”

490 2085 528 2115 111
544 2084 634 2120 calce,
653 2088 670 2101 “
687 2083 823 2125 Explicit
847 2083 923 2113 liber
948 2083 1050 2113 Boetii
1073 2083 1111 2113 de
1134 2082 1219 2112 disci-

468 2136 551 2177 plina
567 2135 729 2165 scolarium
753 2135 782 2164 in
806 2135 886 2164 hunc
911 2135 1035 2164 modum
1060 2134 1221 2164 ordinatus
1251 2153 1252 2157 =

468 2199 504 2218 ac
520 2186 703 2227 compilatus
722 2197 776 2225 per
792 2186 944 2227 quendam
961 2186 1154 2227 magistrum,
1170 2184 1221 2225 qui

470 2238 552 2269 rexit
575 2237 672 2268 scolas
697 2237 884 2268 Stamfordie
910 2248 991 2267 anno
1017 2238 1056 2267 ab
1084 2237 1222 2267 incarna-

471 2289 557 2320 cione
574 2288 698 2318 Domini
722 2287 882 2317 millesimo
902 2287 1111 2318 tricentesimo
1132 2298 1222 2317 nono.

474 2340 546 2381 Ipso
568 2339 733 2379 incipiente
753 2338 801 2368 die
817 2338 886 2368 lune
903 2343 973 2379 post
989 2339 1101 2369 festum
1118 2338 1223 2369 Sancti

473 2390 603 2421 Martini
630 2390 660 2420 in
683 2400 770 2430 yeme
797 2393 828 2419 et
853 2389 1040 2420 terminante
1068 2390 1099 2419 in
1124 2389 1225 2430 vigilia

474 2441 643 2483 palmarum
661 2439 802 2480 proxima
818 2441 990 2480 seque1ite.”

391 2494 419 2521 2.
437 2491 585 2533 Ejusdem
608 2489 639 2519 in
660 2488 784 2520 Boethii
807 2489 845 2518 de
865 2489 1074 2520 consolatione
1095 2489 1225 2530 philoso-
1256 2524 1257 2532 ἵ

453 2543 534 2585 phiae
550 2542 644 2572 libros
660 2541 794 2582 quinque
810 2541 1058 2572 commentarius.
1082 2541 1132 2571 fol.
1145 2542 1183 2571 68
1196 2541 1226 2571 b.

498 2593 560 2624 Tit.
578 2592 722 2633 “Incipit
740 2592 816 2622 liber
839 2591 939 2622 Boetii
961 2593 998 2623 de
1018 2592 1227 2623 consolatione
1257 2603 1258 2613 ³

477 2643 701 2686 philosophie.''

500 2695 595 2736 Incip.
611 2699 628 2711 “
642 2692 837 2734 Philosophie
853 2693 978 2730 servias,
988 2698 1023 2725 ut
1039 2695 1096 2725 tibi
1112 2694 1229 2725 contin-
1259 2679 1260 2713 i

828 2744 895 2776 Ista
920 2745 1090 2786 propositio
1115 2746 1232 2787 scripta
1260 2766 1261 2789 i

477 2749 532 2787 gat
547 2756 620 2776 vera
642 2745 777 2775 libertas.

481 2800 527 2826 est
543 2807 561 2826 a
579 2796 723 2826 Seneca.”

881 153 1179 190 CATALOGUS
1205 149 1438 187 CODICUM
1465 147 1574 182 MSS.

1402 246 1509 277 Desin.
1534 248 1552 261 “
1568 242 1686 273 Judicis
1703 241 1854 272 cernentis
1870 246 1990 279 cuncta,
2009 242 2068 281 Qui
2084 246 2131 273 est

1381 296 1532 328 Dominus
1548 294 1633 324 Deus
1651 293 1776 328 Pater?
1790 295 1848 323 etc.

1404 348 1441 378 In
1458 346 1550 381 calce,
1579 349 1595 361 “
1612 343 1712 374 Anitii
1737 343 1846 373 Manlii
1872 343 2008 373 Severini
2032 343 2132 374 Boetii

1382 397 1553 429 exconsulis
1566 394 1713 426 ordinarii
1727 393 1852 424 Pan—itii
1863 393 2054 435 philosophie
2064 405 2134 424 con-

1383 447 1543 480 solationis
1558 446 1635 476 liber
1650 445 1778 476 ultimus
1794 445 1947 486 explieit.”

1405 501 1583 540 Sequuntur
1605 497 1741 538 capitula
1761 500 1854 538 atque
1875 496 2082 527 conclusiones
2103 497 2137 526 li-

1383 553 1509 581 brorum
1525 550 1606 580 unde
1622 559 1724 589 supra.

1299 607 1326 635 5.
1346 602 1500 643 Anonymi
1517 601 1676 642 cujusdam
1693 599 1881 640 quaestiones
1893 599 1922 629 in
1935 599 2029 629 libros
2045 610 2137 640 supra

1342 658 1539 685 memoratos.
1565 651 1614 681 fol.
1631 652 1701 681 206.

1400 706 1465 735 Ine.
1479 702 1646 733 “Carmina
1657 702 1707 743 qui
1719 701 1863 737 condam;
1874 704 1932 731 etc.
1949 700 2028 739 Quia
2038 700 2068 730 in
2079 701 2138 731 isto

1384 757 1471 791 libro.
1486 754 1538 796 qui
1555 758 1601 784 est
1618 753 1695 783 liber
1711 752 1815 783 Boecii
1828 752 1865 782 de
1878 751 2118 782 eonsolacione.”

1407 806 1515 837 Desin.
1533 810 1550 822 “
1563 809 1738 845 temporum
1754 803 1944 833 successione
1963 806 2010 833 set
2032 813 2139 833 earun-

1386 859 1455 888 dem
1472 856 1650 891 si1nilitate3
1676 855 1809 885 Amen.’'

1410 909 1444 938 In
1473 907 1564 943 calce,
1594 913 1611 923 ‘⁵
1635 906 1814 945 Explieiunt
1844 904 2020 945 questiones
2049 916 2141 946 super

1387 960 1529 1001 quintum
1546 959 1658 988 librum
1675 957 1777 987 Boecii
1794 957 1832 986 de
1848 956 2059 986 consolacione
2075 956 2140 997 phi<

1387 1010 1533 1051 losophie.

1347 1063 1465 1094 Mando
1482 1061 1589 1092 lectori
1607 1086 1612 1091 .
1630 1065 1701 1101 post
1717 1064 1847 1090 mortem
1863 1059 1977 1100 gaudia
1992 1059 2057 1091 celi.

1348 1113 1394 1143 Ut
1409 1113 1462 1142 det
1475 1110 1617 1152 scriptori
1634 1134 1640 1140 .
1654 1114 1740 1151 roget
1755 1109 1857 1139 Deum
1870 1120 1922 1139 ore
1935 1109 2016 1139 fideli
2028 1122 2035 1144 ;
2062 1109 2141 1150 quod

1390 1164 1441 1193 Sol
1456 1188 1462 1193 .
1475 1164 1579 1193 reue.’'

1412 1214 1567 1255 Sequitur,
1584 1224 1675 1243 manu
1696 1217 1801 1242 recent.
1819 1216 1825 1228 ‘
1840 1211 1998 1242 Confessio
2017 1222 2143 1252 genera-

1390 1266 1426 1296 lis
1453 1266 1487 1296 B.
1512 1263 1680 1305 Augustini
1695 1265 1714 1300 ς’
1738 1263 1829 1304 incip.
1848 1268 1867 1280 “
1885 1262 2042 1293 Confiteor
2065 1262 2143 1294 Tibi.

1393 1318 1501 1354 Pater,
1517 1315 1676 1347 Oreat0r.”

1308 1372 1335 1400 4.
1353 1370 1516 1400 Sermones
1533 1368 1563 1397 in
1585 1366 1743 1407 evangelia
1759 1376 1827 1406 quae
1849 1365 1907 1406 legi
1931 1365 2031 1396 solent
2053 1366 2084 1396 in
2100 1377 2145 1396 ec-

1371 1420 1472 1456 clesia,
1502 1430 1570 1449 eum
1602 1417 1783 1459 praefatione
1811 1417 1850 1447 ad
1876 1416 1929 1446 W.
1948 1416 1984 1446 N.
2013 1417 2145 1447 eeclesia=

1372 1471 1630 1511 dispensatorem,
1643 1473 1770 1499 auctore
1784 1473 1790 1484 ‘
1804 1468 1883 1498 Filio
1896 1468 2029 1498 Matris.'
2044 1467 2063 1498 f.
2077 1478 2145 1509 250.

1415 1521 1511 1562 Incip.
1540 1520 1623 1561 praef.
1650 1524 1667 1536 “
1685 1519 1838 1558 Quoniam
1862 1519 2023 1550 nonnullos
2049 1519 2146 1550 nostri

1394 1571 1575 1613 teinporis.”

1416 1623 1515 1664 Incip.
1530 1632 1618 1652 serm.
1633 1621 1650 1651 i.
1666 1625 1683 1637 “
1699 1620 1962 1662 Appropinquans
1978 1619 2147 1658 Dominus3

1394 1674 1463 1704 Non
1480 1673 1545 1703 sine
1561 1671 1665 1713 magni
1681 1682 1775 1702 eausa
1791 1671 1949 1701 niisterii.”

1414 1726 1451 1755 In
1469 1724 1562 1759 ealce,
1580 1730 1597 1740 ‘⁵
1612 1723 1748 1764 Explicit
1772 1726 1927 1754 tractatus
1949 1723 2074 1763 quidam
2098 1724 2148 1764 qui

1395 1781 1522 1807 vocatur
1536 1776 1633 1806 Filius
1650 1775 1774 1811 Matris,
1792 1786 1860 1805 cum
1877 1774 2061 1815 quibusdam
2082 1786 2149 1816 pre—

1395 1828 1604 1859 dicacionibus
1621 1838 1714 1868 super
1730 1830 1864 1867 quatuor
1881 1826 2125 1867 Evangelistas.”

1418 1879 1548 1915 Deinde,

1312 1936 1331 1950 “
1344 1932 1421 1963 Cum
1438 1936 1468 1962 te
1486 1929 1613 1960 formavi
1633 1954 1638 1958 .
1657 1940 1716 1959 non
1733 1929 1763 1959 in
1779 1928 1837 1958 hac
1852 1932 1884 1959 te
1900 1928 1971 1959 sede
1986 1928 2093 1965 locavi,

1344 1983 1381 2013 In
1398 1993 1467 2013 mea
1483 1992 1579 2023 regna
1595 1980 1660 2010 redi
1677 2004 1683 2010 .
1699 1980 1771 2020 quia
1786 1984 1818 2010 te
1834 1979 1992 2010 moriendo
2008 1980 2150 2010 redeini.”

1313 2037 1340 2065 5.
1360 2034 1454 2064 Liber
1470 2033 1500 2063 S.
1514 2031 1681 2073 Augustini
1695 2031 1732 2061 de
1748 2031 2021 2072 praedestinatione
2036 2035 2069 2062 et
2083 2042 2152 2072 gra-

1377 2085 1422 2116 tia
1439 2084 1508 2119 Dei.
1523 2090 1540 2100 ‘⁸
1550 2088 1582 2114 et
1598 2087 1645 2113 est
1658 2082 1784 2123 quintus
1798 2082 1880 2112 inter
1892 2082 1957 2123 ejus
1970 2083 2153 2113 sermones.”

1380 2136 1431 2167 fol.
1452 2136 1521 2176 285.

1423 2186 1520 2227 Incip.
1538 2190 1558 2203 ‘⁶
1572 2184 1653 2215 Cum
1669 2184 1698 2214 in
1715 2194 1871 2214 sacrarum
1885 2183 2089 2215 voluminibus
2104 2185 2152 2215 lit-

1400 2242 1537 2268 terarum
1546 2238 1575 2272 ;’'
1589 2241 1623 2266 ut
1634 2236 1715 2266 inter
1724 2246 1827 2276 opera,
1835 2238 1909 2265 tom.
1916 2246 1945 2266 x.
1953 2235 2151 2277 col.49‚App.

1272 2324 1279 2330 Α
1317 2289 1346 2320 6.
1362 2289 1470 2319 Sermo
1486 2287 1624 2328 ejusdem
1639 2291 1646 2303 ‘
1662 2286 1699 2316 de
1717 2285 1867 2326 patientia
1883 2285 1967 2315 xlix!
1990 2285 2041 2316 fol.
2059 2286 2129 2325 289.

1423 2338 1520 2379 Incip.
1537 2342 1555 2355 ‘⁶
1569 2337 1681 2368 Virtus
1704 2336 1797 2367 animi
1817 2348 1875 2377 que
1897 2336 2097 2377 paciencia;”
2120 2342 2155 2367 ut

1402 2390 1475 2420 ibid.
1492 2394 1567 2420 toni.
1581 2389 1620 2419 vi.
1637 2388 1691 2419 eol.
1706 2396 1777 2429 533.

1320 2443 1347 2473 Τ.
1365 2441 1512 2482 Ejusdem
1528 2451 1629 2471 sermo
1651 2440 1683 2470 in
1705 2439 1802 2470 natali
1830 2439 1862 2470 S.
1883 2439 1994 2471 Mariae
2021 2440 2153 2481 Magda-

1383 2492 1467 2522 lenae.
1492 2491 1542 2521 fol.
1561 2500 1631 2531 293.

1405 2542 1501 2583 Incip.
1518 2546 1538 2560 “
1554 2541 1757 2583 Evangelium
1772 2552 1841 2572 cum
1856 2540 2037 2582 legeretur.”

1321 2596 1351 2625 8.
1370 2593 1504 2624 Libellus
1527 2593 1642 2623 domini
1665 2592 1795 2623 Roberti
1812 2592 2017 2628 Grosseteste,
2036 2591 2154 2622 Lineol-

1385 2644 1498 2675 niensis
1514 2644 1660 2686 episcopi,
1676 2644 1714 2674 de
1730 2643 1869 2674 veritate.
1893 2642 1943 2672 fol.
1959 2652 2018 2681 294
2034 2642 2063 2672 b.

1408 2695 1507 2735 Incip.
1526 2700 1543 2711 “
1557 2695 1625 2736 Ego
1641 2705 1708 2725 sum
1724 2694 1784 2730 via,
1800 2694 1946 2730 veritas‚”
1962 2696 2019 2723 eto.
2066 2696 2083 2708 ‘⁴
2097 2692 2157 2722 Hic

1387 2747 1454 2787 ipsa
1470 2746 1585 2776 veritas
1601 2745 1675 2776 dicit
1691 2755 1723 2775 se
1739 2755 1805 2775 esse
1817 2743 1978 2775 veritatem
1990 2742 2016 2779 3³⁸
2031 2746 2066 2774 ut
2077 2743 2158 2774 inter

1389 2797 1544 2838 opuscula,
1561 2796 1674 2827 Venet.
1690 2806 1780 2837 1514.
