2254 3117
581 635 1007 696 CODICES
1068 635 1272 694 MSS.

191 829 746 897 COLLEGII
833 827 1668 894 BALLIOLENSIS.

458 1149 484 1183 I.

34 1215 159 1249 Connx
186 1213 502 1251 MEMBRANACEUS‚
529 1212 564 1245 in
591 1211 684 1251 folio,
712 1212 801 1245 foliis
832 1223 912 1245 con·
942 1243 943 1260 i

58 1279 150 1307 stans
176 1272 309 1316 seriptis
331 1273 411 1310 392,
436 1282 503 1304 see..
523 1270 604 1309 xiii„
629 1270 718 1304 binis
743 1270 912 1304 columnis
942 1282 944 1290 ⁴

59 1332 145 1365 bene
174 1335 334 1364 exaratus
361 1334 396 1362 et
423 1333 598 1367 servatus;
630 1328 750 1362 “liber
776 1327 913 1373 collegii

59 1389 102 1421 de
133 1386 279 1420 Balliolo
310 1397 353 1419 ex
388 1386 477 1419 dono
509 1385 649 1431 Georgii
682 1385 845 1420 Holland.
878 1385 912 1418 in
943 1397 945 1403 ¹

1071 1148 1272 1178 Testamento
1283 1145 1374 1175 Novo
1391 1144 1557 1175 succedunt
1570 1143 1839 1184 interpretationes

1049 1199 1208 1229 nominum
1224 1197 1461 1231 Hebraicoruni,
1478 1200 1513 1226 ut
1529 1206 1631 1236 supra.

942 1268 944 1281 ι
1072 1251 1219 1291 Sequitur
1245 1249 1357 1280 notitia
1387 1247 1477 1278 hodie
1508 1257 1594 1288 paene
1621 1245 1722 1276 deleta
1750 1245 1838 1285 incip.

942 1300 944 1360 ἰ
1052 1308 1069 1319 “
1084 1301 1322 1332 Memorandum
1344 1299 1408 1330 xxii
1431 1298 1480 1329 die
1494 1298 1582 1334 Julii,
1599 1298 1639 1327 A.
1653 1297 1691 1327 D.
1710 1307 1748 1326 m.
1762 1307 1839 1326 cecc.

943 1361 945 1392 i
1050 1353 1163 1383 lxxxvi.
1187 1363 1244 1394 ego
1267 1352 1363 1393 Hugo
1386 1350 1503 1392 Lynke,
1526 1348 1672 1385 medicus,
1697 1351 1842 1378 executor

944 1421 945 1436 i
1052 1404 1254 1441 Testamenti,
1272 1414 1310 1434 m.
1327 1428 1332 1433 .
1347 1428 1352 1432 .
1368 1428 1373 1433 .
1392 1402 1456 1443 Py.
1469 1401 1556 1442 hley”
1644 1425 1649 1429 .

59 1446 187 1480 artibus
205 1444 357 1490 magistri
377 1448 411 1477 et
431 1443 603 1488 quondam
626 1444 705 1477 socii
727 1443 827 1487 hujus
845 1443 914 1476 col·
944 1439 945 1445 ¹

60 1505 149 1549 legii,
168 1516 258 1537 anno
278 1503 419 1536 Domini
439 1502 565 1540 1596.’'

78 1569 178 1599 Biblia
209 1568 313 1605 Sacra,
344 1567 498 1598 Psalterio
529 1572 667 1608 excepto,
695 1568 845 1602 universa.
877 1577 915 1597 ex

98 1620 233 1650 editione
251 1619 400 1660 Vulgata,
421 1620 451 1648 S.
470 1618 653 1659 Hieronymi
677 1618 811 1660 prologis
834 1617 915 1648 illus-

98 1676 191 1702 trata.

140 1723 387 1757 Praemittuntur,
411 1732 439 1752 a.
457 1721 542 1752 Ordo
561 1721 681 1762 legendi
704 1721 862 1762 evangelia
884 1726 915 1752 et
945 1734 947 1741 ⁴

119 1774 265 1815 epistolas
291 1784 346 1814 per
368 1773 440 1803 anni
468 1772 636 1809 ci1·culum,·
664 1784 752 1803 mana
777 1773 915 1803 secunda.

120 1825 148 1854 b.
173 1824 204 1854 S.
224 1823 407 1865 Hieronymi
435 1824 566 1865 epistola
593 1824 634 1854 ad
661 1823 836 1854 Paulinum.
891 1834 916 1853 c.

121 1875 269 1916 Ejusdem
286 1875 411 1916 Prologi
433 1875 464 1905 in
483 1875 618 1916 singulos
639 1874 803 1905 bibliorum
824 1875 917 1905 libros

121 1927 151 1956 in
167 1937 262 1957 unuin
278 1926 407 1957 collecti.

143 1978 194 2007 Ad
214 1978 306 2008 finem
324 1989 455 2008 annexae
476 1982 549 2008 sunt
570 1978 845 2018 interpretationes
866 1989 918 2008 no·

121 2029 237 2059 minum
259 2028 489 2060 Hebraieorum

122 2132 327 2172 alphabetico.

41 2274 340 2313 Menibranaceus,
365 2276 401 2308 in
426 2275 517 2314 folio,
537 2276 571 2309 ff.
587 2279 669 2315 523,
688 2288 754 2310 sec.
770 2277 841 2309 xiii.
861 2288 919 2309 ex-

64 2333 196 2371 euntis;
225 2332 313 2365 binis
340 2332 509 2367 columnis
536 2335 666 2379 optime
691 2339 861 2373 exaratus,
885 2339 919 2367 et

65 2391 175 2435 quoad
202 2390 318 2423 literas
345 2391 493 2424 initiales
519 2392 636 2437 figuris
662 2398 697 2425 et
721 2404 804 2426 auro
831 2393 920 2425 bene
952 2401 953 2410 ¹

65 2449 177 2492 pictus
206 2454 241 2481 et
269 2454 430 2488 ornatus;
469 2448 514 2483 A.
534 2449 578 2484 D.
600 2450 693 2487 1677
722 2456 798 2484 “ex
831 2450 920 2483 dono
952 2485 953 2491 ¹

66 2505 228 2539 Richardi
245 2505 399 2551 Colinge‚
416 2507 584 2552 armigeri,
599 2520 618 2541 a
636 2509 776 2541 secretis
791 2508 920 2541 domini

66 2562 252 2596 camerarii
272 2562 425 2607 Hospitii
444 2563 574 2597 domini
598 2566 697 2609 regis,
716 2565 798 2598 olim
821 2565 921 2609 hujus

66 2621 201 2667 collegii
219 2621 380 2655 alumni.''

86 2685 185 2716 Biblia
209 2687 304 2717 Sacra
327 2686 478 2722 universa,
503 2698 540 2717 ex
564 2687 701 2718 versione
720 2687 866 2729 Vulgata,
889 2688 920 2717 S.

108 2736 289 2778 Hieronymi
307 2737 441 2778 prologis
456 2737 620 2769 illustrata.

514 2036 530 2046 ⁸*
544 2030 712 2060 secundum
730 2029 919 2059 Ysidoruns
948 2029 949 2039 ¹

125 2080 242 2121 [potius
258 2080 432 2121 Remigium
449 2081 755 2111 Autissiodorensein
768 2082 788 2121 Ξ]
812 2081 919 2110 ordine

1375 1511 1441 1545 ΙΙΙ.

945 1583 946 1622 i
969 1578 1088 1612 Codex
1116 1577 1408 1614 membranaceus,
1436 1575 1471 1606 in
1501 1573 1592 1607 folio.
1619 1572 1652 1605 ff.
1674 1570 1750 1610 169,
1778 1581 1842 1603 see.

945 1641 947 1680 i
994 1637 1063 1669 xiii.
1091 1635 1251 1674 ineuntis,
1278 1633 1366 1666 binis
1397 1631 1564 1666 columnis
1591 1630 1699 1663 nitide
1728 1639 1845 1662 exara-

945 1696 947 1728 }
993 1699 1071 1733 tus3
1099 1704 1143 1726 ex
1167 1693 1257 1726 dono
1275 1690 1447 1724 Willelmi
1471 1689 1573 1734 Gray,
1599 1688 1748 1733 episcopi
1775 1685 1845 1719 Eli-

945 1743 947 1786 l
994 1753 1091 1786 ensis.

1012 1821 1039 1851 1.
1065 1820 1095 1851 S.
1113 1819 1281 1861 Augustini
1304 1819 1342 1849 de
1368 1818 1541 1860 cognitione
1564 1827 1642 1847 verae
1666 1815 1736 1846 vitae
1760 1814 1843 1844 liber.

1075 1883 1144 1902 cum
1159 1871 1297 1912 prologo.
1320 1870 1370 1900 fol.
1386 1879 1412 1900 Ζ,

947 1927 949 1970 ξ
1115 1923 1175 1953 Tit.
1194 1928 1212 1939 ‘⁴
1224 1921 1419 1963 Augustinus
1434 1921 1472 1950 de
1488 1919 1660 1961 cognitione
1674 1928 1743 1947 vere
1756 1916 1846 1946 vites*

1118 1974 1231 2004 Exstat
1260 1973 1398 2014 impr-ess.
1425 1972 1506 2002 inter
1531 1981 1633 2011 opera,
1659 1969 1705 1999 ed.
1729 1967 1843 1998 Bened.

1097 2030 1172 2056 toni.
1187 2036 1212 2055 v.
1231 2025 1286 2055 col.
1304 2026 1367 2064 169.

1014 2079 1042 2107 Q.
1062 2077 1209 2117 Ejusdem
1226 2077 1264 2106 (le
1284 2075 1398 2117 gaudio
1414 2075 1580 2105 electorum
1599 2078 1630 2103 et
1649 2073 1686 2102 dc
1701 2072 1845 2101 damnan-

1078 2128 1187 2158 dorum
1204 2127 1352 2168 supplicio
1368 2127 1454 2156 liber.
1477 2125 1528 2155 fol.
1548 2135 1591 2165 15.

1120 2178 1236 2209 Exstat
1253 2178 1326 2208 ibid.
1344 2183 1418 2208 toni.
1433 2177 1470 2206 vi.
1488 2177 1569 2217 App.
1586 2175 1641 2205 col.
1661 2184 1723 2215 159.

1014 2231 1043 2259 3.
1061 2228 1191 2259 Roberti
1208 2228 1375 2268 Kilwarby.
1393 2227 1454 2257 sive
1476 2227 1691 2267 cujuscumque
1706 2224 1754 2259 sit,
1772 2223 1846 2252 liber

1079 2280 1308 2321 philosophicus
1331 2279 1369 2309 de
1392 2278 1502 2309 animae
1524 2276 1729 2311 facultatibus.
1752 2274 1846 2304 inaxi-

1079 2341 1163 2360 1nu1n
1186 2330 1224 2360 de
1249 2329 1457 2370 iinaginativa,
1482 2328 1512 2357 in
1536 2338 1595 2368 quo
1622 2325 1785 2366 saepissiinc
1808 2324 1845 2353 ci-

1080 2385 1167 2411 tatur
1184 2382 1214 2411 S.
1229 2380 1434 2422 Augustinus.
1457 2379 1506 2409 fol.
1526 2380 1569 2408 13.

1124 2432 1221 2473 Incip.
1240 2436 1258 2448 ‘⁶
1269 2432 1345 2462 Cum
1362 2432 1392 2461 in
1408 2431 1510 2461 anima
1526 2430 1658 2459 humana
1674 2437 1766 2467 supra
1782 2436 1846 2456 sen-

1102 2494 1168 2513 sum
1184 2483 1297 2524 duplex
1314 2483 1354 2513 sit
1370 2481 1555 2523 cognitiva.”

952 2538 953 2551 ¹
1124 2534 1230 2564 Desin.
1257 2538 1274 2550 ⁴⁶
1289 2533 1331 2564 Et
1352 2533 1407 2563 hec
1430 2532 1469 2562 ad
1492 2541 1613 2571 presens
1636 2529 1673 2558 de
1696 2529 1753 2558 hae
1776 2528 1847 2557 inci-

1102 2585 1217 2615 dentali
1235 2584 1395 2625 questione
1411 2580 1588 2613 sufficiant.''

1018 2640 1046 2667 4.
1060 2637 1209 2678 Ejusdem
1221 2635 1350 2666 Roberti
1361 2635 1398 2665 dc
1408 2633 1553 2664 divisione
1565 2631 1759 2662 scientiarum
1773 2630 1849 2660 liber

952 2692 953 2709 ¹
1081 2688 1224 2729 capitulis
1254 2686 1415 2727 sexaginta
1444 2688 1561 2724 septem
1590 2682 1827 2722 comprehensus
1840 2694 1847 2717 3

1081 2739 1196 2780 praevia
1211 2738 1346 2779 capitum
1363 2735 1476 2766 tabula.
1500 2734 1529 2764 ff.
1545 2734 1646 2773 47—69
1657 2733 1685 2769 b,
1705 2741 1837 2771 72—117.

1125 2801 1145 2824 B
