2254 3117
348 163 393 196 16

393 259 421 288 (1.
446 256 576 287 Roberti
607 256 644 285 de
672 252 885 288 WVinchelsea,
911 256 919 270 ‘
935 251 982 282 vel
1013 251 1164 293 Stephani
1189 251 1227 282 de

456 308 600 348 Langton
626 305 707 346 apud
735 304 862 334 Merton
894 302 984 334 editae
1016 303 1054 333 de
1079 302 1226 339 decimis,’

455 363 512 388 etc.
535 358 622 391 1260.
649 355 767 397 [potius
787 353 891 395 1305]
916 353 967 382 fol.
982 354 1038 393 187
1055 352 1084 382 b.

497 408 576 438 Ibid.
593 411 668 437 tom.
684 406 714 436 ii.
730 417 759 446 p.
779 413 847 444 279.

393 472 417 490 e.
435 457 584 499 Stephani
600 457 638 487 de
656 456 811 497 Langton,
830 461 836 472 ⁸
850 460 881 485 et
897 455 927 485 in
944 455 1126 496 quibusdam
1142 453 1227 484 libris

456 511 513 540 iste
543 507 781 539 constitutiones
815 506 1041 547 pretenduntur
1070 505 1227 536 Constitu·
1258 524 1259 527 =

455 561 555 591 tiones
579 559 616 589 de
643 559 770 589 Merton
795 558 833 588 de
857 558 949 587 modo
975 557 1068 588 dandi
1092 559 1227 586 mortua-

456 612 556 641 rium?
579 610 630 641 fol.
649 610 704 640 188
721 609 751 640 b.

498 662 593 703 Incip.
611 667 628 678 ‘⁴
643 662 806 692 Statutum
830 660 926 691 felicis
947 658 1169 689 recordationis
1190 657 1227 687 R.

477 713 701 755 predecessoris
728 712 825 742 nostri
838 713 867 749 ;”
899 710 946 741 cui
972 710 1108 741 succedit
1131 720 1229 739 canon

477 770 484 780 ⁸
498 764 544 795 Ne
556 764 632 794 fiant
648 763 784 794 scotallae
796 764 816 797 ;’
840 766 875 792 ut
892 761 964 792 ibid.
977 765 1052 792 tom.
1070 761 1099 791 ii.
1116 772 1145 801 p.
1159 769 1173 798 7
1184 770 1228 799 19.

393 817 412 845 f.
437 815 570 845 Simonis
595 814 753 855 Mepham,
785 813 868 854 apud
901 812 1040 843 London.
1066 822 1115 842 an.
1141 820 1228 851 1327.

456 867 506 897 fol.
528 867 597 905 189.

500 917 578 947 Ibid.
595 921 670 948 tom.
687 916 716 947 ii.
733 927 762 957 p.
775 925 850 956 552.

392 982 421 1011 g.
441 975 447 986 ⁴
461 969 611 1010 Stephani
630 968 789 1009 Mepham‚
805 967 890 1008 apud
908 966 1064 996 Lambeth
1085 965 1122 995 de
1143 976 1230 995 orna-

456 1020 569 1051 mentis
585 1019 726 1053 altaris2’
750 1024 808 1049 etc.
832 1018 882 1048 sol.
903 1028 959 1056 190
976 1018 1005 1047 b.

500 1071 579 1101 Ibid.
598 1070 743 1101 Waltero
770 1069 926 1110 Reynolds
951 1068 1086 1103 tributae,
1109 1073 1183 1098 tom.
1200 1067 1229 1096 ii.
1262 1069 1264 1109 ζ

479 1133 591 1165 1)·513·

395 1180 423 1209 h.
440 1179 492 1209 Jo.
515 1177 685 1214 Stmtford,
712 1177 794 1217 apud
825 1176 963 1206 London.
993 1185 1028 1205 10
1051 1175 1120 1204 Oct.
1146 1182 1230 1214 1342.

459 1230 510 1260 fol.
527 1239 578 1269 191
600 1229 630 1258 b.

504 1281 581 1311 Ibid.
599 1284 673 1311 tom.
686 1279 716 1309 ii.
733 1290 763 1320 p.
780 1280 849 1317 696.

396 1335 412 1364 i.
439 1340 445 1349 ⁸
461 1333 658 1363 Celebratum
689 1330 848 1361 consilium
874 1330 957 1370 apud
984 1329 1231 1359 westmonaste-

458 1383 537 1413 rium
554 1386 692 1423 tempore
708 1381 845 1417 Ricardi,
861 1380 993 1420 archiep.
1011 1380 1160 1410 Cantuar.
1180 1390 1229 1409 an.
1262 1376 1264 1412 ξ

463 1435 551 1475 1065,
578 1434 616 1463 (10
646 1433 762 1463 clericis
792 1432 1045 1463 contrahentibus
1075 1431 1231 1461 matrimo-

458 1486 562 1515 nium.⁷
586 1484 637 1514 fol.
656 1485 712 1523 198
729 1484 759 1513 b.

503 1535 598 1576 Incip.
626 1540 643 1551 ⁴⁴
661 1534 693 1565 Si
721 1535 788 1575 quis
810 1534 953 1564 sacerdos
978 1533 1023 1564 vel
1048 1533 1174 1564 clericus
1202 1533 1232 1562 in

482 1586 576 1617 sacris
593 1586 779 1616 ordinibus.”

504 1637 607 1667 Hasce
637 1637 875 1667 constitutiones
903 1636 1015 1676 excipit
1046 1640 1054 1652 ‘
1075 1635 1172 1666 Casus
1203 1635 1232 1665 in

483 1688 593 1728 quibus
623 1687 719 1728 judex
750 1686 975 1717 ecclesiasticus
1004 1690 1116 1727 potest,
1148 1686 1233 1727 regia

483 1739 690 1780 prohibitione
711 1749 772 1768 non
792 1738 946 1774 obstante,
963 1737 1157 1768 concessione
1180 1748 1234 1778 per

484 1795 603 1821 cartam
613 1790 729 1831 regiam
742 1791 759 1825 ;’
771 1790 833 1820 dat.
849 1789 942 1819 Ebor.
956 1799 995 1827 24
1006 1788 1082 1819 Nov.
1099 1798 1135 1827 14
1148 1788 1232 1818 Edw.

487 1842 542 1883 [10
558 1841 644 1871 Edw.
659 1841 702 1871 ΙΙ.
720 1845 754 1871 111
768 1841 850 1882 apud
862 1840 1008 1877 wilkins,
1025 1845 1047 1870 t.
1060 1840 1089 1870 ii.
1105 1851 1134 1881 p.
1145 1839 1232 1881 460]

401 1898 429 1927 k.
448 1897 478 1927 S.
492 1897 648 1927 Edmundi
674 1896 780 1932 Richc,
806 1902 813 1914 ⁶
828 1896 878 1937 qui
903 1902 973 1926 sunt
998 1896 1180 1937 irregulares
1203 1900 1234 1926 et

464 1949 601 1990 suspensi
617 1959 701 1979 mero
713 1948 801 1989 jure.q
824 1948 872 1978 fol.
892 1958 960 1978 200.

507 2000 586 2030 Ibid.
602 2004 677 2031 tom.
693 1999 711 2030 i.
728 2011 757 2040 p.
772 2000 843 2041 635.

401 2053 420 2082 1.
445 2052 578 2082 Simonis
602 2051 682 2092 Islep
699 2056 706 2068 ‘
723 2051 889 2082 secundum
915 2051 1063 2092 quosdam
1088 2051 1181 2080 libros
1205 2055 1236 2081 et

464 2104 631 2135 secundum
656 2103 733 2133 alios
759 2103 815 2133 hec
838 2107 885 2133 cst
909 2102 965 2133 Ro.
989 2102 1027 2132 de
1043 2102 1234 2143 lVynchilse,

465 2155 538 2196 quid
555 2153 742 2185 Parochiani
765 2153 899 2184 invenire
915 2153 1048 2184 debeant
1063 2153 1095 2183 in
1111 2153 1237 2183 ecclesia

465 2210 496 2237 ct
513 2206 585 2246 quid
602 2206 759 2236 rectores.’
782 2205 832 2235 sol.
851 2213 909 2234 202
925 2205 955 2234 b.

508 2257 587 2287 Ibid.
603 2260 677 2287 tom.
694 2256 724 2286 ii.
740 2267 768 2297 p.
790 2256 860 2293 280,
876 2259 907 2286 ct
922 2260 987 2286 tom
1002 2255 1044 2285 iii.
1061 2266 1089 2296 p.
1106 2265 1129 2285 1.

401 2324 441 2343 m.
453 2313 600 2354 Ejusdem
617 2310 799 2342 constitutio
815 2311 854 2341 ad
872 2310 1042 2341 Robertum
1058 2322 1103 2351 ep.
1117 2310 1236 2340 Sarum.
1266 2325 1275 2335 ν

466 2364 504 2394 (10
519 2363 606 2394 sestis
624 2366 802 2393 sanctorum
825 2362 1023 2392 observandis
1038 2366 1070 2392 et
1089 2362 1126 2391 de
1150 2372 1238 2403 paro-

466 2414 583 2445 chianis
599 2418 634 2445 ut
649 2413 794 2444 intersint
809 2412 892 2443 horis
908 2412 1063 2443 canonicis
1084 2423 1138 2453 per
1158 2413 1237 2443 ordi-

466 2466 569 2497 narios
584 2465 688 2496 debite
703 2464 923 2495 exhortandos.
947 2464 998 2494 fol.
1018 2473 1075 2505 ²03
1093 2464 1121 2494 b.

508 2517 604 2557 Incip.
623 2520 640 2533 “
653 2515 779 2556 Symon,
796 2519 853 2545 etc.
900 2514 949 2543 Ex
969 2513 1128 2554 scripturis
1145 2514 1239 2544 sacris

488 2567 650 2606 didicimus
682 2565 811 2596 dicimus
840 2564 918 2594 vicia
947 2565 1050 2605 sepe.''

490 2618 658 2660 Maghfeld.
676 2617 724 2647 xvi
742 2616 801 2647 kal.
818 2616 899 2656 Aug.
920 2616 1007 2655 1362.

405 2686 432 2705 n.
450 2674 581 2705 Roberti
592 2673 792 2704 NVinchelsea
802 2671 984 2703 constitutio
996 2671 1081 2702 facta
1093 2682 1141 2701 an.
1155 2681 1240 2712 1305.

468 2725 603 2763 f01.204.

512 2777 589 2807 Ibid.
607 2780 680 2807 tom.
695 2775 724 2806 ii.
741 2787 771 2817 p.
791 2776 860 2806 280.

1095 2564 1159 2594 dat.
1190 2575 1239 2604 ap.

910 153 1208 189 CATALOGUS
1234 152 1467 188 CODICUM
1496 151 1604 185 MSS.

1321 260 1347 280 o.
1365 249 1491 279 Thomae
1507 246 1658 282 Arundel‚
1674 245 1757 286 apud
1770 245 1868 276 Oxon.
1882 256 1932 276 an.
1947 253 2036 285 1407.
2053 245 2072 275 f.
2087 254 2156 283 204.

1426 299 1507 329 Ibid.
1524 302 1599 328 tom.
1616 297 1658 327 iii.
1674 307 1705 337 p.
1719 306 1791 337 314.

1299 357 1327 385 3.
1346 355 1475 385 Statuta
1490 358 1521 384 et
1545 351 1784 382 constitutiones
1804 350 1895 380 editae
1911 351 1994 392 apud
2016 351 2158 381 London.

1363 405 1395 435 in
1411 404 1481 435 eccl.
1505 403 1629 434 cathed.
1653 402 1683 432 S.
1698 401 1799 436 Pauli,
1815 412 1835 432 a
1849 401 2016 432 venerabili
2033 402 2160 438 ottone,

1365 457 1395 487 S.
1414 457 1561 486 Romana:
1578 454 1651 484 eccl.
1662 453 1822 490 cardinali,
1837 453 1867 483 in
1884 453 1955 484 Oct.
1974 453 2005 484 S.
2019 453 2161 489 Martini,

1365 508 1404 537 A.
1420 507 1460 537 D.
1477 516 1565 546 1219.
1589 505 1639 535 fol.
1660 513 1729 544 207.

1303 564 1330 592 4.
1348 560 1517 597 Othoboni,
1540 560 1603 590 sive
1626 559 1789 595 Ottoboni‚
1815 558 1990 596 cardinalis,
2015 559 2163 589 constitu—

1366 613 1466 643 tiones
1481 611 1634 652 legatinze.
1658 610 1710 640 sol.
1727 620 1786 640 210
1803 610 1831 640 b.

1409 668 1545 697 Exstant
1568 666 1707 697 constitt.
1726 666 1910 707 supradictae
1927 665 1957 696 in
1974 665 2045 696 Gul.
2064 665 2164 706 Lynd-

1388 720 1472 750 wode
1491 719 1676 750 Provincial.
1693 719 1783 749 editt.
1801 718 1893 749 variis
1909 722 1940 749 et
1955 718 2037 748 alibi.

1606 812 1610 818 ¹
1659 837 1780 870 xlm.

1284 909 1403 942 Codex
1432 909 1725 947 membranaceus,
1758 909 1793 940 in
1818 907 1909 947 folio,
1938 907 1971 941 ff.
1993 910 2072 947 202,
2099 918 2165 940 sec.

1309 968 1378 1000 xiv.
1398 967 1558 1002 ineuntis.
1577 967 1666 1000 binis
1692 965 1862 999 columnis
1885 971 2066 1005 exaratus3
2092 976 2167 998 mu-

1309 1025 1400 1057 tilus.

1330 1084 1549 1124 Huguccionis,
1566 1083 1612 1113 vel
1637 1083 1851 1124 Huguitionis,
1871 1082 2089 1119 Fermriensis,
2107 1081 2167 1112 De-

1350 1135 1516 1165 rivationes
1551 1134 1614 1164 sive
1650 1134 1895 1175 Etymologicon,
1926 1133 2033 1164 ordine
2061 1133 2167 1174 alpha-

1350 1186 1458 1216 beticO.

1393 1237 1488 1278 Incip.
1513 1237 1543 1266 in
1568 1236 1677 1272 verbis,
1696 1241 1869 1267 “mortuns
1893 1235 1947 1266 sed
1972 1235 2169 1266 exanimatus

1370 1287 1484 1317 (11011111-
1507 1286 1630 1327 proprie
1646 1287 1831 1317 terrefactus
1847 1287 1928 1317 unde
1944 1286 2169 1317 exanimatus'*

1390 1342 1495 1372 Desin.
1527 1346 1548 1358 ‘⁶
1572 1342 1774 1371 Zoroastrmn
1805 1341 1965 1372 minimum
1996 1341 2080 1371 sidus
2107 1345 2166 1377 est,

1370 1393 1533 1426 Zucharia.
1552 1392 1723 1423 Zucliere.’'

1393 1445 1429 1474 In
1459 1444 1551 1480 calce,
1580 1448 1597 1459 ‘⁴
1616 1443 1795 1484 Expliciunt
1820 1453 1930 1484 magne
1962 1442 2170 1474 derivaciones

1370 1496 1537 1527 secundum
1555 1495 1790 1536 Haguicionem.

1392 1550 1546 1581 Dextram
1560 1549 1724 1580 scribentis
1738 1548 1902 1579 benedicat
1914 1548 2019 1589 lingua
2029 1547 2169 1590 legentis,

1391 1601 1449 1640 Qui
1466 1600 1589 1641 scripsit
1606 1611 1729 1631 carmen
1745 1601 1786 1630 sit
1802 1599 1982 1630 benedictus
1996 1611 2002 1636 ;
2034 1599 2169 1630 Amen.”

1393 1652 1602 1683 I'raemittitnr
1618 1652 1710 1682 index
1732 1651 1951 1682 vocabulorum
1966 1661 2036 1681 cum
2051 1651 2169 1681 deriva—

1371 1703 1462 1737 tivis3
1497 1703 1588 1744 incip.
1617 1708 1635 1720 “
1653 1703 1832 1737 Irrito-tas;
1857 1713 1935 1732 reor.
1981 1701 2167 1737 Irritamen;

1371 1756 1467 1786 reor)q

1655 1849 1797 1882 XLIII.

1289 1922 1589 1961 Membranaceus,
1603 1921 1638 1953 in
1657 1920 1749 1959 folio,
1769 1919 1802 1952 ff.
1817 1922 1897 1959 277,
1910 1930 1976 1953 sec.
1989 1919 2068 1959 xiv„
2083 1919 2170 1953 binis

1312 1980 1480 2014 columnis
1495 1984 1655 2013 exaratus
1670 1990 1677 2018 ;
1697 1990 1740 2012 ex
1754 1978 1843 2011 dono
1862 1978 2015 2023 magistri
2030 1977 2170 2011 Thomae

1314 2037 1567 2083 Plymyswode.

1334 2105 1478 2146 [Roberti
1494 2105 1634 2146 Cowton]
1662 2104 1857 2144 Quaestiones
1873 2103 1904 2134 in
1927 2103 2022 2134 libros
2037 2108 2171 2145 quatuor

1354 2156 1594 2188 Sententiarum.

1396 2208 1492 2248 Incip.
1511 2212 1530 2225 ‘⁶
1543 2207 1630 2238 Sicut
1647 2206 1722 2237 dicit
1734 2206 1845 2237 beatus
1857 2205 2041 2236 Ambrosius
2056 2206 2087 2236 in
2102 2217 2171 2248 pro-

1374 2260 1443 2300 logo
1460 2270 1551 2300 super
1566 2257 1713 2300 epistolas
1729 2257 1828 2288 sancti
1846 2257 1969 2288 Pauli.”

1396 2316 1433 2346 In
1450 2315 1543 2352 calce,
1560 2319 1580 2332 ‘²
1594 2313 1731 2355 Explicit
1756 2313 1834 2344 liber
1857 2316 1987 2354 quartus
1997 2312 2026 2347 ;”
2041 2312 2089 2342 cui
2105 2323 2171 2343 suc-

1375 2367 1465 2403 cedit,
1486 2366 1582 2397 Index
1598 2365 1800 2396 materiarum
1815 2363 2038 2406 alphabeticus.

1398 2417 1434 2447 In
1450 2418 1551 2448 fronte
1568 2416 1681 2447 codicis
1696 2419 1835 2451 notatur,
1853 2420 1870 2431 ⁴·
1888 2414 1980 2445 Hunc
1996 2414 2107 2445 librum
2119 2414 2170 2444 de-

1376 2469 1422 2499 dit
1446 2468 1594 2509 magister
1620 2467 1756 2497 Thomas
1781 2465 2019 2507 Aymmyswode
2044 2464 2170 2506 collegio

1377 2521 1438 2550 sive
1462 2520 1530 2550 aule
1546 2520 1584 2550 de
1601 2519 1774 2560 Stapyldon
1789 2517 1870 2548 halle
1886 2518 1986 2547 Oxon.
2003 2517 2044 2547 ad
2067 2516 2170 2547 cathe-

1377 2571 1513 2601 nandum
1529 2570 1560 2600 in
1575 2570 1701 2600 libraria
1716 2569 1839 2599 ibidem.
1885 2568 1989 2599 Oretis
2004 2578 2060 2609 pro
2076 2568 2139 2598 e0.''

1399 2621 1505 2652 Desin.
1521 2626 1540 2638 “
1554 2621 1716 2652 beatitudo
1740 2620 1926 2657 essencialis,
1942 2619 2091 2650 consistat
2115 2618 2171 2648 Ille

1379 2683 1434 2702 nos
1457 2672 1487 2702 in
1510 2672 1614 2703 futuro
1636 2671 1919 2713 experimentaliter
1939 2671 2055 2701 discere
2077 2670 2171 2701 faciat

1378 2723 1437 2762 Qui
1453 2734 1522 2754 cum
1538 2723 1636 2761 Deo,”
1648 2729 1708 2754 etc.
