2254 3117
665 150 904 185 COLLEGII
932 152 1303 192 MERTONENSIS.
1822 167 1890 198 105

226 248 406 289 Sequuntur
422 252 440 265 “
453 247 622 289 Opiniones
634 249 776 290 magistri
791 250 960 282 sententia-

488 300 506 313 ⁷2

203 309 272 330 rum
288 299 482 340 reprobatae;
530 310 608 329 man.
624 310 679 341 seq.

118 350 146 381 6.
164 350 389 381 Kalendarium
414 351 454 381 ad
481 350 697 381 inveniendum
723 361 779 391 per
804 352 959 382 combina-

180 401 281 432 tiones
306 402 438 432 duarum
462 401 631 442 primarum
648 401 798 432 vocalium
814 401 845 432 in
862 402 958 443 quali-

180 453 233 483 bet
249 452 386 483 dictione
401 463 508 483 omnes
523 451 671 482 materias
684 452 722 482 de
735 452 846 493 quibus
862 452 958 494 loqui—

179 508 232 535 tur
260 504 292 534 in
324 504 411 534 novis
440 503 657 540 decretalibus,
683 504 770 545 cujus
800 504 958 536 subtilitas

181 555 315 596 quinque
331 555 469 585 versibus
485 554 745 595 subsequentibus
760 555 854 586 datur
869 555 957 587 intel-

179 605 242 646 ligi.
265 604 316 634 sol.
332 605 401 635 228.

222 655 320 697 Incip.
338 667 416 687 vers.

159 711 177 723 “
191 706 256 737 Sub
272 705 425 736 brevitate
441 705 505 737 stili
521 716 686 748 compages
702 707 929 738 1nateriomm.”

222 757 402 798 Sequuntur
431 757 524 788 index
554 757 780 798 alphabeticus,
813 763 831 775 ‘⁴
848 759 957 789 Abbas

199 809 353 840 conveniri
374 813 479 851 potest
502 809 567 840 sine
590 809 770 846 monachis;
805 810 956 848 Edoceri;

198 870 229 901 3,
248 869 282 890 21
304 859 353 890 bff'

115 957 142 987 7.
161 954 297 985 Pulchra
320 953 511 985 introductio
536 954 608 985 libri
633 954 760 986 Decreti
784 967 854 987 cum
879 956 955 987 divi-

176 1006 261 1036 sione
276 1005 424 1046 ejusdem.
449 1005 500 1036 fol.
517 1008 586 1045 276.

218 1057 315 1098 Incip.
341 1056 514 1087 “Primum
541 1057 641 1088 nostri
667 1068 811 1099 agressus
835 1058 954 1089 stabili-

192 1119 261 1139 mus
276 1107 490 1149 prineipium.‘'

113 1198 140 1225 8.
158 1194 410 1226 Introductiones
425 1194 495 1225 aliae
512 1194 543 1224 in
559 1194 749 1226 Decretales.
774 1195 824 1226 fol.
840 1196 910 1236 278.

216 1246 315 1287 Incip.
328 1246 347 1277 i.
366 1250 384 1262 ‘⁴
398 1245 435 1276 In
454 1245 577 1276 nomine
599 1246 726 1283 Summi,
744 1250 803 1277 etc.
828 1258 953 1289 progre-

194 1298 317 1329 diamur
332 1297 505 1334 exordium,
521 1301 715 1329 sustentetur
730 1298 898 1329 medium.”

214 1349 268 1380 Ad
283 1349 335 1379 fol.
349 1349 407 1390 283
422 1349 453 1386 b,
471 1353 491 1367 “
506 1349 655 1390 Sequitur
679 1349 788 1391 pulcra
811 1350 953 1382 benedic-

194 1400 239 1432 tio
255 1411 314 1442 que
332 1400 503 1441 requiritur
526 1400 558 1431 in
573 1401 703 1432 dacione
726 1401 796 1431 libri
813 1401 952 1433 decreto-

192 1462 261 1482 rum
273 1451 302 1487 ;”
324 1451 416 1492 incip.
436 1454 453 1469 “
468 1451 534 1482 Iste
550 1459 599 1483 est
616 1452 667 1493 qui
684 1453 859 1494 cognovit.''

214 1503 458 1534 Praemittuntur
473 1503 572 1534 codici
588 1504 785 1535 definitiones
801 1504 904 1545 plures
921 1508 952 1535 et

192 1555 254 1586 alia
268 1555 309 1586 ad
321 1555 373 1596 jus
387 1554 474 1586 civile
488 1555 644 1597 praecipue
660 1556 847 1597 spectantia.

395 1666 620 1701 CCLXVII.

69 1729 187 1764 Codex
205 1729 501 1769 membranaceus,
519 1729 555 1762 in
580 1731 642 1763 4to
668 1729 802 1767 minori.
822 1729 855 1763 ff.
871 1732 950 1769 142,

93 1798 178 1822 secc.
193 1787 266 1821 xiii.
286 1791 322 1821 et
340 1787 409 1820 xiv.

110 1853 137 1882 1.
155 1852 389 1893 Correptorium
405 1851 436 1883 S.
448 1852 589 1889 Thomae,
602 1852 665 1883 sive
680 1852 875 1883 abbreviatio
891 1853 952 1894 pri-

171 1914 229 1934 mae
248 1903 347 1944 partis
363 1906 395 1934 et
409 1903 518 1945 primae
535 1903 678 1934 secundae
701 1903 802 1945 partis
824 1915 951 1935 summae

171 1956 203 1986 S.
216 1956 344 1986 Thomae
356 1955 537 1996 Aquinatis‚
551 1955 582 1986 in
598 1955 787 1997 quaestiones
802 1956 951 1997 plurimas

171 2007 319 2038 distincta
334 2018 404 2038 cum
420 2007 682 2048 responsionibus.
706 2007 756 2037 fol.
772 2018 797 2038 1.

213 2059 274 2090 Tit.
299 2063 319 2077 ‘⁶
335 2058 451 2100 Incipit
477 2059 707 2100 corruptorium
730 2069 799 2089 cum
826 2069 950 2099 respon-

188 2109 356 2141 sionibus.”

213 2160 311 2202 Incip.
329 2165 348 2178 “
362 2161 531 2201 Questione
552 2160 606 2201 xij.
629 2161 773 2202 arguitur
794 2164 826 2191 et
850 2161 949 2202 queri-

193 2216 246 2242 tur
260 2216 366 2243 utrum
381 2213 517 2243 essentia
532 2212 654 2243 diversa
669 2212 846 2243 videatur.'’

213 2264 252 2294 In
274 2264 357 2295 calce
380 2268 462 2305 part.
480 2265 500 2295 i.
526 2269 545 2283 “
562 2264 700 2305 Explicit
720 2265 949 2306 corruptorium

835 2317 949 2358 Incipit

192 2319 302 2346 contra
327 2316 459 2357 primam
489 2320 611 2358 partem
641 2327 779 2347 summae.

191 2367 352 2409 corrupcio
368 2372 478 2398 contra
495 2367 627 2408 primam
643 2367 807 2398 secuntle.”

212 2419 311 2461 Incip.
327 2424 347 2437 “
361 2420 400 2450 In
414 2420 515 2461 prima
529 2424 620 2461 parte
636 2420 762 2450 secundi
777 2420 846 2451 libri
860 2431 947 2461 ques—

191 2470 276 2502 tione
290 2481 308 2512 3
326 2471 458 2502 articulo
474 2471 619 2512 quarto.”

213 2522 251 2553 In
266 2522 360 2559 calce,
379 2526 396 2539 ‘⁶
408 2522 545 2563 Explicit
561 2526 594 2553 et
609 2522 789 2563 expliceatf*

108 2575 136 2604 2.
153 2574 310 2616 Anonymi
336 2574 496 2615 cujusdam
518 2573 596 2604 liber
621 2573 661 2604 ad
695 2573 824 2604 fratrem
849 2573 946 2604 Nero-

170 2636 240 2656 nem
253 2626 289 2666 (ἒ)
315 2625 353 2655 (le
376 2624 569 2666 poenitentia,
595 2624 658 2655 sive
684 2624 722 2654 de
746 2624 846 2665 poenis
871 2635 946 2666 quas

171 2676 331 2718 injungere
347 2676 440 2707 debet
456 2676 600 2707 sacerdos
616 2675 774 2706 confessis.
798 2675 849 2706 fol.
864 2676 912 2717 89.

212 2727 276 2759 Tit.
292 2727 312 2758 i.
330 2732 348 2744 “
361 2727 451 2767 Quod
470 2727 572 2769 prima
591 2726 766 2768 penitencia
781 2730 855 2758 ante
870 2727 945 2768 bap-

191 2778 348 2810 tismum.”

1159 253 1256 295 Incip.
1275 258 1292 271 ‘-
1306 254 1433 286 Noverit
1449 267 1523 296 crgo
1539 258 1719 289 fraternitas
1742 263 1797 290 tua
1819 261 1890 300 quia

1138 314 1239 334 rerum
1255 310 1327 336 sunt
1342 306 1511 337 acciones.”

1160 355 1266 386 Desin.
1285 362 1301 373 ⁵*
1315 357 1371 387 nisi
1392 362 1466 388 anto
1489 362 1620 389 mortem
1645 360 1737 391 fuerit
1763 361 1889 392 ecclesie

1137 408 1381 438 reconciliatus.”

1158 458 1304 499 Sequitur
1324 460 1461 502 epilogus
1481 462 1570 503 incip.
1592 468 1609 479 ⁴·
1624 462 1703 493 Eece
1726 464 1766 494 mi
1791 464 1888 495 frater

1136 507 1167 538 in
1195 509 1318 540 Christo
1342 511 1452 542 dilecto
1478 512 1549 543 Ner.
1572 513 1706 544 libellum
1729 515 1769 545 ad
1795 519 1826 545 te
1849 515 1886 545 (le

1136 559 1240 590 (landa
1255 560 1455 600 penitencia*

1051 614 1080 643 3.
1098 613 1297 645 Tractatulns
1310 616 1347 646 de
1362 617 1461 647 modis
1476 618 1666 658 poenitentia·
1682 620 1818 651 diversis.
1836 621 1884 651 fol.

1118 674 1174 704 103
1192 664 1220 695 b.

1158 715 1256 757 Incip.
1275 721 1293 733 “
1307 717 1366 756 Qui
1388 721 1493 748 autem
1516 719 1640 760 implere
1664 722 1779 762 poterit
1804 723 1884 763 quod

1136 766 1167 797 in
1182 768 1378 808 penitenciali
1394 768 1542 810 scriptum
1558 771 1632 801 est.”

1156 817 1194 848 In
1209 818 1292 849 calce
1308 830 1412 849 versus
1428 819 1517 860 incip.

1093 874 1111 886 “
1124 869 1257 900 Deditus
1272 881 1374 909 usure,
1392 871 1507 902 faciens
1523 872 1672 911 incendia,
1690 874 1814 905 falsus.'’

1050 934 1077 963 4.
1095 932 1145 964 De
1158 934 1273 965 virtute
1290 934 1321 965 S.
1332 934 1439 966 Crucis
1451 939 1483 966 et
1495 940 1689 967 sacramento
1702 938 1817 969 altaris.
1834 939 1884 970 fol.

1116 995 1175 1023 104
1191 985 1220 1015 b.

1154 1036 1252 1079 Incip.
1271 1042 1289 1054 ‘⁶
1303 1037 1339 1068 In
1355 1037 1469 1068 virtute
1493 1038 1606 1069 Sancte
1623 1039 1728 1070 Crucis
1744 1045 1775 1070 et
1790 1040 1821 1070 in
1840 1052 1885 1071 sa-

1134 1094 1294 1120 cramento
1309 1090 1417 1121 altaris
1434 1101 1547 1131 magna
1562 1094 1610 1121 est
1626 1092 1864 1123 convenientias*

1155 1141 1335 1182 Sequuntur
1350 1153 1465 1179 versus,
1482 1141 1573 1183 incip.

1007 1198 1024 1209 ⁶·
1038 1192 1224 1223 Percuciens
1237 1193 1390 1230 clericum,
1404 1193 1537 1223 Romam
1552 1198 1651 1234 petat,
1664 1194 1886 1236 excipiunturff*

1047 1256 1076 1285 5.
1093 1255 1236 1296 Epistola
1263 1255 1422 1286 destinata
1444 1266 1463 1286 a
1486 1256 1583 1286 fratrc
1610 1256 1760 1294 Roberto,
1787 1257 1885 1288 archi-

1111 1307 1256 1347 episcopo
1283 1307 1510 1344 Cantuariensi,
1541 1308 1581 1338 ad
1618 1307 1653 1338 P.
1684 1308 1885 1349 archiepisco-

1110 1369 1184 1399 pum
1210 1358 1250 1400 [2]
1279 1358 1512 1390 Corinthiacum
1543 1359 1582 1389 de
1613 1359 1769 1390 erroribus
1803 1360 1886 1400 apud

1111 1410 1265 1440 Oxoniam
1302 1410 1524 1447 condemnatis,
1563 1410 1707 1451 capitulis
1745 1421 1885 1441 errorum

1111 1461 1291 1502 subjunctis.
1316 1462 1367 1492 sol.
1387 1472 1454 1502 109.

1152 1512 1252 1554 Incip.
1270 1518 1288 1530 ‘⁴
1301 1513 1474 1555 Scripsistis
1490 1513 1564 1543 mihi
1581 1524 1689 1554 nuper,
1701 1514 1783 1555 quod
1798 1524 1885 1544 vene·

1130 1565 1236 1595 rabilis
1258 1570 1349 1606 pater
1365 1565 1507 1596 dominus
1527 1565 1688 1606 episcopus
1704 1564 1886 1596 Parisiensis

1132 1616 1217 1646 vobis
1234 1615 1449 1657 significavit?

1152 1665 1259 1697 Desin.
1278 1670 1298 1684 ‘⁶
1311 1666 1454 1697 consistit
1472 1666 1504 1697 in
1524 1666 1691 1698 virtutibus
1713 1666 1884 1698 intellectu-

1131 1716 1261 1748 alibus.”

1154 1768 1192 1799 In
1208 1768 1300 1806 calce,
1317 1773 1337 1786 “
1351 1768 1533 1810 Expliciunt
1548 1770 1699 1799 errores.'’

1046 1831 1076 1863 6.
1094 1832 1242 1872 Quaestio,
1259 1836 1366 1864 utrum
1380 1833 1557 1874 vegetativa
1572 1837 1603 1864 et
1623 1833 1769 1864 sensitiva
1788 1838 1820 1864 et
1838 1834 1882 1864 in-

1110 1883 1266 1915 tellectiva
1279 1883 1309 1913 in
1322 1883 1445 1914 homine
1457 1883 1497 1914 sit
1509 1894 1571 1914 una
1583 1883 1767 1914 substantia.
1784 1884 1803 1914 f.
1815 1894 1825 1913 1
1837 1894 1881 1923 19.

1151 1935 1249 1976 Incip.
1270 1939 1290 1953 ‘⁴
1303 1935 1451 1974 Queritur
1471 1939 1576 1966 utrum
1597 1935 1799 1976 vogetativaf'
1821 1939 1879 1965 etc.

1132 1990 1149 2002 “
1162 1985 1285 2016 videtur
1299 1985 1381 2026 quod
1398 1985 1453 2023 sie,
1465 1986 1538 2027 quia
1553 1985 1643 2016 unius
1659 1985 1880 2026 perfeetionis*

1046 2051 1073 2081 7.
1090 2049 1184 2080 Alani
1201 2049 1239 2080 de
1257 2049 1554 2080 Monte-Pessulano
1566 2050 1679 2091 regulae
1692 2050 1879 2091 theologicsr.

1107 2101 1159 2132 fol.
1176 2110 1243 2131 121.

1151 2152 1248 2194 Incip.
1265 2156 1285 2170 “
1298 2152 1407 2184 Omnis
1423 2152 1552 2183 scientia
1567 2153 1629 2183 suis
1649 2153 1749 2184 utitur
1768 2152 1878 2193 regulis

1128 2203 1174 2234 vel
1190 2204 1323 2245 propriis
1338 2204 1577 2235 fundanientis.”

1151 2254 1258 2285 Desin.
1271 2257 1291 2271 “
1302 2254 1359 2285 nisi
1372 2255 1606 2285 occasionaliter
1619 2254 1807 2295 intelligatur
1822 2253 1876 2283 hec

1128 2306 1326 2348 prepositio.”

1149 2357 1186 2387 In
1198 2357 1290 2394 ealce,
1305 2362 1322 2374 ‘²
1334 2357 1513 2399 Expliciunt
1525 2357 1628 2398 regule
1644 2356 1813 2396 theologice
1830 2355 1873 2384 M.

1128 2409 1221 2439 Alani
1238 2409 1276 2439 de
1293 2409 1404 2440 Monte
1420 2408 1620 2439 Pessulanoff·

1042 2475 1070 2503 8.
1088 2473 1231 2511 Martini,
1247 2473 1383 2514 episcopi
1400 2472 1587 2508 Dumiensis,
1603 2471 1670 2501 libri
1686 2470 1724 2500 de
1739 2474 1873 2510 quatuor

1104 2525 1270 2556 virtutibus
1286 2525 1503 2566 fragmentum.
1527 2523 1578 2553 fol.
1596 2532 1650 2562 139
1668 2521 1695 2551 b.

1146 2576 1207 2606 Tit.
1225 2580 1243 2592 “
1256 2575 1370 2616 Incipit
1382 2574 1465 2605 beati
1480 2572 1609 2603 Martini
1622 2570 1738 2601 libellus
1750 2570 1788 2600 (10
1800 2581 1871 2611 qua-

1124 2630 1196 2657 tuor
1211 2626 1377 2657 virtutibus
1392 2625 1432 2655 ad
1450 2624 1602 2654 Mironem
1618 2621 1752 2662 regem.”

1146 2677 1243 2718 Incip.
1269 2681 1289 2694 ‘⁶
1307 2677 1377 2707 Non
1402 2676 1519 2716 ignoro,
1546 2671 1780 2703 clementissime
1803 2682 1869 2708 rex,

1122 2728 1425 2770 flagrantissimam.”

1145 2778 1355 2810 Praemittitur
1369 2776 1475 2813 codici,
1487 2780 1505 2792 ‘⁶
1517 2773 1751 2815 Corruptorium
1763 2773 1869 2804 Sancti

1169 2833 1189 2857 P
