2254 3117
620 119 857 154 COLLEGII
884 120 1262 160 BALLIOLENSIS.

145 216 181 248 In
202 218 294 253 calce,
311 221 329 234 ‘⁴
342 217 478 258 Explicit
500 216 660 257 glosatum
680 217 820 257 111agistri
841 218 913 249 Gili-

120 268 201 299 berti
225 268 389 299 Porretani
412 279 504 309 super
525 267 712 298 Psalterium
736 280 827 309 quam
851 269 915 310 ipse

120 319 260 350 recitavit
283 330 386 350 coram
410 330 465 349 suo
485 318 635 359 magistro
654 319 813 355 Anselmo,
831 324 915 350 terra

120 370 357 401 Emerederonis
368 370 394 400 Γ
833 374 853 377 ‘V
861 374 879 375 I

126 415 154 418 Γ
174 417 199 421 -
369 445 574 479 XXXVII.

35 506 152 540 Codex
171 506 463 545 membranaceus,
483 507 515 540 in
536 507 618 540 folio
636 508 770 545 minori,
785 508 819 542 ff.
833 512 913 549 274,
945 508 946 534 ἶ

58 576 123 598 see.
145 576 211 603 xw,
239 576 283 598 ex
310 564 400 598 dono
429 564 573 598 Roberti
602 565 712 605 Roke,
741 567 913 610 quondam

59 622 134 656 coll.
156 622 241 656 Ball.
262 623 355 656 socii.

77 684 193 714 Odonis
213 684 474 724 [cantuariensis]
501 695 593 726 super
614 684 799 715 Psaltcrium
822 697 912 727 expo-
944 683 945 687 ¹

96 735 166 765 sitio
189 734 220 764 in
241 734 336 765 libros
357 741 492 776 quatuor
512 735 679 766 secundum
696 736 824 767 virtutes
841 737 913 768 toti-

96 786 164 816 dem
192 785 373 821 cardinales,
400 785 566 816 Justitiam
593 785 719 821 scilicet,
744 786 913 818 Fortitudi-

95 848 173 872 nem,
206 836 410 867 Prudentiam
443 841 475 867 et
505 837 756 878 Temperantiam
792 837 910 873 divisa;
943 844 945 855 ¹

96 888 167 918 folio
183 888 231 918 hic
248 888 307 918 illic
322 899 341 918 a
357 887 508 918 nebulone
524 889 658 929 quodam
674 889 785 919 exciso.

137 939 234 980 Incip.
249 944 266 956 *⁶
278 939 393 970 Beatus
410 940 473 975 vir;
500 940 665 970 Sciendum
682 941 763 981 quod
780 941 913 971 intencio

115 991 303 1031 psahnorum
318 996 366 1021 est
382 991 483 1021 facere
498 991 637 1021 homines
650 991 823 1027 virtuosos;
842 993 913 1033 quia

115 1042 210 1082 igitur
225 1042 283 1072 iste
299 1042 466 1083 psalmus.''

136 1093 241 1124 Desin.
258 1094 314 1125 ult.
333 1094 451 1135 imperf.
477 1095 719 1135 “temperancia
743 1106 761 1125 a
784 1095 913 1125 sinistris

115 1145 264 1176 fortitudo
277 1157 314 1176 ne
328 1146 517 1176 succumbat.
545 1146 817 1177 Ruminaeionmff

136 1196 283 1237 Sequitur
305 1197 397 1227 index
422 1197 668 1235 distinctionum,
696 1198 856 1228 moralium
881 1204 912 1229 et

115 1258 215 1278 rerum
226 1248 456 1289 alphabeticus:
471 1255 501 1279 et
512 1249 714 1280 auctoritates
729 1250 912 1280 Sanctorum

115 1299 255 1329 Petrum.

358 1356 584 1391 XXXVIII.

32 1417 330 1458 MembranaceuS,
354 1419 386 1452 in
408 1422 478 1453 ΜΟ.
498 1419 532 1452 ff.
548 1422 628 1459 217,
654 1431 720 1453 see.
740 1421 811 1453 xiii.
832 1431 912 1453 exe-

56 1477 155 1515 untis,
175 1477 262 1510 binis
286 1476 454 1510 columnis
477 1483 658 1517 exaratus3
685 1489 727 1511 ex
747 1478 837 1511 dono
858 1477 910 1511 M.

55 1533 153 1567 Will.
182 1534 363 1573 Lambard,
399 1534 476 1568 coll.
505 1534 593 1568 Ball.
628 1535 709 1568 olim
746 1535 910 1580 magistri,

55 1596 73 1609 “
87 1604 187 1636 quem
212 1593 375 1638 magister
397 1592 572 1626 Robertus
595 1592 695 1626 Roke
721 1593 909 1627 alienatum
941 1611 942 1614 =

54 1650 177 1683 iterum
195 1651 391 1695 procuravit
411 1656 447 1684 et
465 1651 643 1684 redemit.'’

73 1711 100 1740 l.
120 1710 237 1741 Odonis
263 1711 497 1742 Cantuariensis
527 1722 682 1742 sermones
712 1711 911 1753 septuaginta

132 1773 240 1793 novem
263 1762 295 1792 in
316 1762 486 1804 Evangelia
506 1762 726 1800 Dominicalia‚
752 1763 812 1794 ista
835 1774 910 1804 prae-

133 1814 219 1854 cipue
234 1814 275 1844 ad
291 1813 388 1844 vitam
404 1813 532 1844 Domini
549 1814 732 1855 spectantia.
756 1814 809 1844 fol.
825 1824 848 1844 1.

177 1865 271 1906 Incip.
292 1865 313 1895 i.
342 1864 411 1895 ..In
438 1865 488 1895 die
515 1865 567 1895 illa
592 1866 652 1896 erit
678 1866 746 1895 fons
776 1872 907 1906 patens;

154 1916 309 1946 Ardorem
322 1916 465 1946 desiderii
480 1921 605 1957 patrum
621 1916 819 1957 antiquorum
832 1916 909 1946 desi-

154 1967 331 1996 deraneium
346 1966 462 1997 Christi
478 1967 509 1997 in
525 1977 614 1997 cruce
630 1966 849 2008 preseiltia111.“'

176 2017 280 2048 Desin.
294 2017 349 2048 ult.
362 2017 481 2058 imperf.
499 2022 517 2034 ‘⁶
532 2021 605 2048 sunt
621 2017 742 2048 dolores
757 2018 910 2048 membro-

154 2080 233 2099 rum.
271 2069 383 2100 Omnia
399 2073 504 2100 autem
519 2069 658 2110 flagicia?

71 2122 98 2150 2.
117 2121 278 2152 Sermones
299 2121 381 2151 xxix.
403 2121 511 2151 breves
533 2121 603 2152 vitae
627 2121 766 2151 ordinem
784 2121 909 2151 Domini

134 2173 231 2204 nostri
246 2173 440 2203 exhibentes.
464 2172 514 2202 fol.
531 2173 580 2213 83.

176 2224 272 2265 Incip.
300 2228 317 2241 ⁵⁸
329 2224 409 2255 Cum
436 2223 717 2264 appropinquasset
745 2223 905 2259 Dominus,

155 2282 213 2306 etc.
251 2275 365 2306 Erudit
381 2286 437 2305 nos
452 2274 604 2316 sapientia
621 2275 678 2305 Dei
696 2274 794 2316 patris
810 2274 841 2304 in
856 2286 906 2305 ac-

155 2338 241 2357 cessu
267 2337 322 2358 suo
349 2327 389 2357 ad
415 2330 595 2357 terrestrem
621 2325 793 2356 Jerusalem
808 2326 834 2363 3„
863 2326 907 2367 [in

154 2379 226 2409 edit.
243 2378 341 2409 Paris.
358 2387 438 2418 1520
450 2378 471 2418 Ξ]

178 2429 281 2460 Desin.
298 2436 315 2446 ⁸·
328 2428 489 2459 dimidium
504 2428 623 2458 miliare
639 2427 824 2468 complent.”

72 2482 100 2510 3
124 2481 287 2521 Expositio
324 2479 475 2521 passionis
512 2477 638 2509 Domini
675 2479 773 2509 nostri
809 2478 908 2508 Jhesu

134 2532 248 2563 Christi
282 2531 449 2562 secundum
482 2531 665 2571 magistrum
696 2530 835 2560 Odonem
868 2530 908 2560 ad

134 2584 255 2614 laudem
270 2583 375 2624 ipsius,
393 2582 443 2622 qui
460 2586 507 2612 est
523 2581 616 2622 alpha
632 2586 663 2611 et
679 2594 718 2615 ως
745 2581 793 2611 fol.
809 2592 858 2621 94.

176 2634 274 2675 Incip.
291 2644 360 2664 eum
376 2643 517 2663 sermone
532 2631 563 2662 in
579 2632 673 2666 istud,
692 2636 709 2648 ‘⁶
721 2631 845 2662 Vexilla
861 2643 907 2662 re-

153 2685 200 2726 gis
221 2685 385 2726 prodeunt,
402 2689 462 2714 etc.
504 2682 739 2713 Comfortamini
759 2682 812 2712 filii
830 2682 907 2712 Ben-

151 2736 283 2776 jamin.’'

1796 134 1836 165 11

1090 222 1187 263 Incip.
1209 226 1301 254 tract.
1327 224 1624 266 “Appropinquavit
1648 230 1751 257 autem
1776 227 1840 257 dies

1072 273 1167 304 festus
1181 287 1188 311 3
1220 275 1414 316 Augustinus
1441 276 1515 308 dicit
1541 277 1622 318 quod
1649 277 1769 309 Pascha
1794 284 1842 309 est

1074 323 1254 355 Hebrehum
1270 332 1300 356 et
1316 332 1405 357 sonat
1421 326 1615 357 transitum.”

1095 373 1199 404 Desin.
1213 381 1230 391 ‘⁵
1241 380 1272 405 et
1284 376 1474 411 confitemur,
1488 376 1638 407 Dominus
1653 383 1758 408 noster
1768 378 1841 408 Jhe—

1074 435 1126 454 sus
1136 424 1287 462 Christus,
1299 426 1357 465 Qui
1371 438 1438 457 cuin
1453 427 1554 464 Patre,
1567 428 1683 469 Spiritu
1694 428 1807 459 Sancto
1816 430 1841 466 ξ’

1074 481 1132 504 etc.

990 524 1018 553 4.
1036 523 1182 564 Ejusdem
1195 525 1311 556 Odonis
1327 538 1480 558 sermones
1495 528 1600 569 viginti
1617 534 1734 570 septem
1750 541 1842 571 super

1053 575 1221 616 Evangelia
1238 577 1431 609 Sanctorum.
1455 580 1504 610 fol.
1523 590 1588 610 122.

1095 626 1190 667 Incip.
1222 632 1239 644 ‘⁴
1256 629 1434 670 Assumpsit
1465 631 1579 661 Jlicsus
1614 631 1762 666 I‘etrum3
1802 632 1840 662 In

1072 679 1343 719 transfiguratione
1366 681 1490 712 Domini
1517 694 1570 712 sex
1595 688 1684 714 erant
1711 695 1838 724 persone

1073 734 1241 770 presentes,
1258 730 1328 772 Ipse
1344 731 1483 763 Christus
1498 734 1535 763 de
1551 734 1642 764 eelof'

1094 780 1198 810 Desin.
1211 781 1389 822 “quiescere
1399 783 1560 814 valeamus.
1573 785 1714 816 Salvator
1724 786 1837 819 mundi,

1073 831 1131 870 Qui
1148 843 1216 862 cum
1234 833 1330 863 Patre
1341 834 1368 871 3*
1391 838 1449 865 ete.

1094 883 1131 912 In
1149 883 1239 920 calce,
1258 890 1275 900 ⁸·
1289 884 1467 925 Expliciunt
1488 887 1641 928 evangelia
1662 894 1836 919 sanctorum

1072 934 1239 965 secundum
1266 935 1447 976 magistrum
1471 937 1506 968 O.
1534 938 1572 968 ad
1599 938 1717 969 laudeni
1747 940 1838 970 Istius

1072 984 1131 1023 Qui
1147 989 1194 1015 est
1210 985 1304 1026 alpha
1318 990 1349 1016 et
1366 986 1415 1016 ω.“’

1094 1035 1241 1076 Sequitur
1272 1036 1364 1067 index
1398 1048 1571 1067 sermonum
1605 1039 1709 1079 primm
1742 1040 1838 1080 partis

1072 1087 1241 1117 voluminis.

1312 1152 1495 1186 XXXIX.

966 1213 1085 1247 Codex
1104 1215 1394 1254 membranaceus,
1413 1215 1446 1247 in
1465 1214 1545 1248 folio
1563 1215 1690 1259 majori,
1710 1215 1741 1249 ff.
1759 1219 1834 1255 131,

990 1282 1055 1304 sec.
1076 1272 1145 1306 xiii.
1168 1272 1329 1311 ineuntis,
1351 1272 1438 1305 binis
1460 1272 1628 1306 columnis
1651 1273 1737 1306 bene
1760 1286 1838 1307 exa-

942 1335 943 1363 l
990 1332 1103 1366 ratus:
1130 1339 1173 1361 ex
1193 1328 1282 1361 dono
1300 1328 1397 1362 Will.
1418 1340 1469 1373 ep.
1490 1328 1646 1363 Eliensis.

1007 1389 1179 1419 Alexandri
1200 1389 1370 1427 Neckham,
1392 1389 1454 1420 sive
1476 1389 1625 1430 Nequam,
1642 1391 1839 1432 expositionis

1028 1453 1120 1483 super
1145 1442 1275 1473 Cantica
1305 1442 1503 1473 Canticorum
1529 1443 1668 1474 volumen
1699 1444 1839 1485 primum,

1028 1498 1091 1523 tres
1107 1493 1224 1534 priores
1240 1493 1334 1524 libros
1350 1494 1565 1534 complectens.

1070 1543 1169 1584 Incip.
1193 1555 1321 1585 prooem.
1349 1549 1365 1561 “
1380 1544 1550 1575 Humilitas
1576 1556 1648 1575 vera
1673 1545 1839 1586 dignitates

1048 1595 1177 1626 feliciter
1191 1595 1357 1636 adauget*5

1069 1646 1165 1687 Incip.
1184 1646 1258 1687 prol.
1277 1652 1294 1663 ⁶⁴
1306 1646 1402 1677 Ortus
1418 1646 1594 1677 deliciarum
1611 1647 1774 1688 paradisi.''

1069 1697 1168 1739 Incip.
1191 1698 1242 1728 lib.
1268 1698 1286 1728 i.
1319 1704 1336 1715 ‘⁴
1349 1698 1388 1728 In
1417 1698 1566 1740 principio
1593 1698 1707 1729 creavit
1730 1698 1835 1734 Deus;

1048 1748 1191 1786 Domine,
1208 1753 1319 1790 puteus
1335 1760 1420 1780 sacre
1437 1749 1588 1789 scripture
1603 1749 1685 1780 altus
1700 1749 1774 1780 est.''

1068 1799 1175 1830 Desin.
1201 1804 1405 1830 “revertatur
1430 1800 1469 1830 ad
1498 1811 1552 1830 nos
1578 1800 1733 1837 velociter,
1757 1801 1837 1841 quod

1046 1851 1134 1881 nobis
1150 1856 1289 1892 prestare
1305 1851 1460 1892 dignetur,
1476 1851 1535 1890 Qui
1551 1854 1598 1882 est
1613 1851 1791 1882 benedictus
1807 1851 1837 1881 in

1047 1903 1158 1939 secula,
1175 1903 1308 1933 Amen.²·'

1069 1953 1107 1984 In
1136 1954 1228 1992 ealce,
1260 1958 1278 1971 ‘⁶
1291 1953 1426 1995 Explicit
1456 1953 1532 1984 liber
1559 1953 1669 1984 tertius
1699 1952 1835 1993 magistri

1047 2005 1218 2036 Alexandri
1230 2005 1370 2046 Nequam
1380 2015 1471 2046 super
1477 2004 1605 2036 Cantica
1613 2004 1836 2035 Canticorum.”

965 2148 1261 2188 Membranaceus,
1279 2149 1314 2182 in
1332 2149 1425 2188 folio,
1444 2148 1478 2182 ff.
1494 2151 1574 2188 118,
1593 2160 1658 2182 see.
1678 2148 1747 2181 xiii.
1766 2148 1835 2181 ine-

986 2207 1088 2246 untis,
1101 2207 1189 2241 binis
1203 2206 1372 2240 columnis
1391 2206 1478 2240 bene
1492 2211 1669 2243 exaratus:
1688 2217 1730 2238 ex
1746 2205 1833 2238 dono

986 2265 1098 2298 forsan
1116 2265 1269 2309 ejusden]
1288 2264 1458 2309 episeopi;
1485 2264 1582 2297 initio
1601 2263 1750 2296 mutilus.

1004 2325 1174 2356 Alexandri
1192 2325 1351 2356 Neekham
1370 2324 1579 2364 Expositionis
1600 2334 1690 2364 super
1705 2322 1832 2354 Cantica

1024 2377 1222 2408 Canticorum
1238 2376 1378 2407 volumen
1393 2376 1534 2412 alterum,
1548 2380 1610 2405 tres
1625 2374 1717 2404 libros
1732 2378 1831 2414 poste-

1024 2428 1120 2458 riores
1135 2427 1405 2468 comprehendens.

1068 2478 1166 2518 Incip.
1187 2478 1217 2508 in
1239 2478 1338 2508 verbis
1361 2488 1464 2518 expos.
1485 2487 1575 2517 super
1594 2476 1644 2505 lib.
1662 2474 1699 2504 iv.
1720 2485 1786 2514 cap.
1800 2485 1830 2512 4,

1046 2534 1065 2547 “
1082 2529 1171 2560 istius
1201 2529 1239 2559 de
1273 2529 1342 2570 igne
1372 2528 1602 2559 tribulationum
1633 2532 1663 2556 et
1693 2536 1830 2565 persecu-

1045 2581 1183 2615 tionum;
1209 2579 1344 2610 aseendit
1363 2579 1442 2609 sieut
1458 2577 1572 2618 virgula
1589 2575 1689 2606 sumis*

1066 2630 1171 2661 Desin.
1199 2628 1434 2660 “misericordie
1464 2633 1561 2657 mater
1591 2624 1762 2655 intercedas
1791 2625 1828 2655 ad

1044 2681 1211 2712 Dominum
1235 2684 1373 2711 nostrum
1396 2678 1523 2709 Jhesum
1546 2675 1713 2713 Christum,
1736 2675 1830 2705 filium

1044 2736 1131 2763 tuum
1143 2733 1175 2766 ;”
1198 2736 1256 2762 etc.

1105 2794 1125 2817 c
1144 2787 1165 2817 2
