2254 3117
356 132 401 162 54
913 127 1214 163 CATALOGUS
1240 128 1360 164 CODI
1363 129 1474 165 CUM
1502 130 1611 165 MSS.

482 227 580 268 Incip.
599 231 616 243 ‘⁴
629 226 735 256 Primo
751 226 873 256 videtur
891 225 974 267 quod
994 236 1056 255 non
1076 225 1147 257 licet
1168 226 1238 258 obe-

460 277 638 308 dientiain.”

376 330 404 358 4.
421 328 554 359 Collatio
570 327 705 359 Com-adi
722 327 836 358 Satalis
851 339 899 369 ep.
911 328 1089 366 Verdensis,
1106 329 1189 360 facta
1204 329 1236 359 in

437 379 572 420 gratiam
603 378 734 419 Ruperti
767 378 978 410 Romanorum
1014 379 1096 421 regis
1132 391 1236 410 coram

438 430 609 470 Antipapa.
632 441 683 470 pp.
702 440 768 471 133.
788 430 853 471 189.

478 480 577 520 Incip.
596 485 613 497 ⁴⁶
627 480 827 511 Sanctissime
848 484 949 522 pater,
965 485 1024 512 etc.
1066 481 1236 512 Devotissi-

458 542 526 562 mus
549 531 720 562 Sanctitati
741 536 851 563 vestrae
876 531 956 562 filius
978 533 1120 574 princeps
1143 533 1235 563 invic-

457 583 623 614 tissimus.”

371 636 400 664 5.
417 634 514 675 Copia
540 633 746 675 capitulorum
773 638 805 665 et
834 634 1064 666 insormacionis
1090 636 1235 666 datorum

435 696 491 726 per
506 686 663 716 dominum
681 685 875 716 Bonisacium
896 687 1021 717 domino
1038 687 1177 717 Antonio
1197 687 1235 717 (10

435 737 547 768 Monte
564 737 692 774 Cateno‚
709 737 810 778 legum
832 738 951 768 doctori
973 749 1030 779 per
1046 749 1115 768 eum
1134 743 1234 768 trans-

434 788 527 819 misso
548 788 588 819 ad
612 799 723 819 novum
747 788 887 825 electum.
912 789 974 819 scil.
995 789 1181 830 Rupertum‚
1203 794 1234 819 et

432 840 522 881 copia
550 839 633 870 bullo
662 840 905 871 confirmationis
936 840 1004 871 novi
1032 840 1235 882 Imperatoris

434 891 533 922 electi.
557 902 587 932 p.
605 900 672 931 137.

477 942 574 984 Incip.
592 946 609 959 “
624 942 729 972 Primo
745 954 900 983 exponere
916 942 1080 984 qualiter.”

476 993 574 1035 Incip.
588 993 660 1024 bull.
674 997 692 1010 “
704 993 892 1032 Bonifacius,
903 999 962 1025 etc.
986 994 1084 1024 Pater
1095 994 1234 1024 universe

454 1044 628 1085 majestatis
643 1044 845 1075 altissimus.'’

369 1100 397 1131 6.
415 1100 501 1131 01ἀο
513 1100 631 1131 unionis
643 1112 698 1142 per
708 1101 868 1132 consilium
881 1101 919 1132 de
932 1102 1040 1132 eodem
1057 1101 1232 1132 schismate.

433 1163 485 1193 pp.
503 1161 571 1193 149,
587 1162 658 1183 210.

476 1202 573 1243 Incip.
592 1206 610 1219 ‘⁶
623 1203 799 1233 Secundum
814 1214 920 1233 01111105
941 1214 996 1244 per
1011 1214 1233 1245 quemcumque

455 1254 612 1284 modum.”

371 1306 399 1336 7.
416 1304 583 1336 Clementis
606 1316 694 1346 papae
711 1316 753 1335 w.
771 1305 854 1336 bulla
875 1305 952 1336 falsa
972 1306 1010 1336 de
1033 1306 1232 1347 indulgentiis

432 1355 587 1397 plenariis.
611 1367 641 1396 p.
660 1364 726 1397 15¹3.

477 1406 572 1448 Incip.
595 1411 612 1423 “
627 1406 767 1437 Clemens
790 1418 871 1448 papa
892 1412 924 1438 et
945 1407 1106 1449 episcopus
1129 1419 1234 1437 servus

454 1467 612 1487 servorum
651 1456 709 1486 Dei
754 1457 793 1486 ad
835 1457 1016 1487 memoriam
1058 1457 1234 1488 reducendo

453 1508 607 1539 causams7

369 1561 398 1589 8.
416 1558 539 1588 Urbani
556 1569 584 1588 V.
605 1557 789 1589 constitutio
812 1562 919 1589 contra
942 1562 1083 1599 petentes
1104 1559 1149 1589 vel
1171 1559 1233 1589 exi-

432 1612 542 1650 gentes
567 1608 682 1649 aliquid
708 1608 748 1638 ab
772 1608 1017 1650 ingredientibus
1044 1609 1233 1651 religionem.

432 1671 461 1701 p.
478 1660 546 1691 162.

475 1711 572 1752 Incip.
591 1715 609 1727 ‘⁶
622 1710 669 1740 Ne
684 1710 715 1740 in
731 1711 820 1742 vinca
837 1711 995 1742 Domini.’'

370 1770 398 1800 9.
417 1767 557 1808 Gregorii
572 1777 616 1796 XI.
633 1766 714 1807 quod
731 1766 864 1808 religiosi
881 1767 1010 1807 quilibet
1030 1767 1151 1798 subsint
1168 1779 1234 1799 cor-

433 1818 559 1849 rectioni
576 1817 778 1858 superiorum.
802 1829 831 1859 p.
848 1819 916 1859 163.

478 1870 572 1910 Incip.
590 1875 607 1886 “
623 1870 800 1910 Gregorius,
817 1874 877 1900 etc.
918 1870 970 1900 Ad
986 1874 1170 1912 perpetuam
1190 1871 1233 1902 rei

455 1921 634 1952 memoriam
655 1926 686 1952 ct
707 1921 746 1951 ad
767 1921 898 1951 Romani
923 1921 1078 1963 pontificis
1102 1923 1234 1964 pruden-

454 1973 562 2004 ciam.”

349 2027 398 2056 10.
416 2025 609 2064 Responsum
638 2023 798 2054 Benedicti
829 2035 926 2065 papae,
956 2024 1139 2065 quibusdam
1170 2036 1234 2056 am-

433 2075 656 2107 bassiatoribus
680 2075 760 2115 regis
782 2075 922 2106 Francize
944 2080 975 2106 et
998 2077 1112 2106 domini
1135 2079 1234 2108 Aure-

432 2126 586 2158 lianensis.
612 2137 640 2167 p.
660 2128 726 2166 165.

478 2178 573 2220 Incip.
603 2183 620 2194 ‘⁴
638 2177 789 2208 Noverint
819 2178 960 2215 universi,
992 2180 1073 2220 quod
1104 2191 1185 2210 anno
1215 2191 1234 2210 a

456 2230 630 2261 Nativitate
643 2229 770 2259 Domini
785 2230 855 2260 mill.
868 2242 928 2261 cce.
940 2231 1019 2261 xcix.
1034 2231 1141 2262 indict.
1155 2236 1233 2273 sept.

455 2283 504 2313 die
520 2282 559 2312 xi.
577 2282 690 2311 mensis
707 2281 880 2311 Octobris?

349 2340 399 2369 11.
416 2337 589 2379 Requisitio
609 2336 689 2377 regis
709 2336 877 2377 Aragoniae
899 2342 929 2367 ct
953 2338 1140 2378 protestatio
1164 2349 1234 2368 con-

434 2394 484 2420 tra
509 2387 689 2419 Cardinales
719 2391 750 2417 et
779 2387 1013 2425 Arinioncnscs,
1038 2389 1069 2419 111
1099 2389 1233 2430 gratiam

434 2438 615 2475 Benedicti3
638 2438 703 2468 dat.
722 2447 761 2468 20
779 2437 854 2468 Dec.
872 2448 961 2477 1401.
986 2450 1014 2479 p.
1032 2449 1098 2480 153.

480 2491 573 2532 Incip.
597 2495 614 2506 ‘⁴
629 2489 744 2520 Pateat
766 2489 915 2519 universis
938 2491 1019 2530 quod
1044 2501 1098 2521 nos
1121 2491 1233 2522 Marti-

455 2554 521 2577 nus,
539 2541 599 2572 Dei
615 2540 718 2582 gratia
734 2551 788 2570 rex
805 2540 1016 2581 Aragonu1n.”

352 2593 562 2633 ]Q.Gapit11la
581 2603 646 2633 per
674 2591 885 2621 Romanorum
918 2602 1022 2632 regem
1053 2597 1084 2623 et
1115 2593 1234 2633 legatos

433 2644 548 2676 Concil.
573 2644 735 2674 Constant.
761 2642 802 2672 ab
828 2653 890 2672 una
919 2646 1007 2682 parte
1035 2646 1066 2673 et
1093 2644 1257 2685 dominos¹

434 2694 686 2726 Ambassiatores
707 2693 827 2734 Regum
846 2692 1037 2734 aliorumque
1063 2695 1233 2737 principum

434 2745 618 2777 obedientiae
645 2744 807 2775 Benedicti
837 2755 926 2785 papae
954 2744 1016 2775 xiii.
1044 2746 1083 2776 ab
1110 2746 1232 2781 altera;

1374 228 1423 258 die
1447 228 1589 265 Veneris,
1618 238 1655 269 13
1680 228 1828 258 Decemb.
1853 237 1944 271 1415,
1975 230 2006 260 in
2036 231 2173 273 capitulo

1377 290 1455 310 novo
1468 280 1498 310 S.
1510 279 1593 309 Eeel.
1605 278 1817 310 Narbonensis
1832 282 1864 310 et
1876 280 1907 310 in
1919 291 2041 312 camera
2053 293 2173 322 magnae

1376 329 1469 360 turris
1485 330 1553 360 novi
1570 329 1689 370 palatii.
1713 341 1742 370 p.
1759 330 1828 360 181.

1419 380 1515 421 lncip.
1544 386 1561 396 ‘⁶
1578 380 1684 410 Primo
1714 381 1797 421 quod
1827 382 2007 413 convocatio
2037 383 2090 414 fiet
2120 395 2175 425 per

1397 431 1533 472 prelatos
1549 435 1730 472 ceterosque
1746 431 1827 462 viros
1843 432 2095 464 ecclesiasticos.''

1290 487 1339 517 13.
1358 487 1465 517 Sermo
1486 487 1516 516 in
1538 487 1630 523 istud,
1649 492 1656 503 ⁴
1670 487 1844 528 Accepistis
1860 489 2013 528 quomodo
2030 493 2174 530 oporteat

1374 549 1427 568 vos
1442 538 1620 574 ambulare}
1637 542 1695 568 etc.
1719 550 1748 579 p.
1771 548 1835 579 ¹93·

1419 589 1514 630 Ineip.
1533 594 1551 606 ⁴⁶
1562 589 1605 620 Et
1621 589 1653 619 in
1669 589 1800 631 epistola
1816 589 1963 620 hodierne
1979 590 2164 622 electionis.”

1290 641 1339 670 14.
1363 640 1494 671 Martini
1524 651 1612 681 papae
1642 641 1682 670 ad
1714 640 1886 670 Heuricum
1917 651 2020 680 regem
2051 642 2174 683 Angliae

1373 692 1514 732 epistola,
1533 692 1565 722 in
1585 692 1721 733 gratiam
1739 692 1864 722 Ricardi
1885 703 1932 733 ep.
1953 692 2092 723 London.
2109 694 2173 724 dat.

1376 743 1517 774 Mantuae
1534 744 1575 774 iii.
1590 743 1669 774 Non.
1683 743 1830 774 Decemb.
1843 755 1893 774 an.
1908 744 2001 775 Pont.
2016 745 2046 775 ii.
2065 756 2094 786 p.
2104 755 2173 776 201.

1418 794 1514 835 lncip.
1532 799 1549 811 ⁴⁴
1563 794 1759 825 Venerabilis
1775 795 1873 825 frater
1889 795 2079 836 Rycar(lus.”

1290 847 1338 876 15.
1357 845 1497 884 Qualiter
1512 845 1605 876 suerit
1621 849 1724 876 status
1740 846 1875 876 ccclesiae
1891 846 1921 876 in
1935 847 2032 877 veteri
2048 851 2080 878 et
2090 859 2174 892 ‘novo

1375 897 1589 933 TestamentO,
1616 900 1647 927 et
1678 896 1812 937 qualiter
1842 897 1970 928 ecclesia
2000 898 2059 929 fuit
2088 904 2175 930 recta

1373 948 1565 989 temporibus
1580 948 1747 989 praedictis,
1762 952 1793 979 et
1807 953 1882 989 quot
1895 949 2041 980 scismata
2054 954 2086 981 et
2098 956 2175 991 quot

1374 999 1560 1030 intrusiones
1575 999 1690 1030 suerint
1701 999 1731 1029 in
1745 1000 1816 1030 eccl.
1831 1000 1920 1030 Rom.
1935 1004 1993 1031 etc.
2007 1002 2175 1032 secundum

1373 1061 1461 1080 veras
1477 1049 1648 1080 chronicas.
1673 1061 1701 1090 p.
1721 1059 1791 1090 203.

1416 1100 1514 1142 Incip.
1523 1100 1719 1141 “Postquam
1726 1100 1866 1141 superius
1872 1104 1975 1132 status
1981 1104 2013 1132 et
2021 1102 2175 1133 effectus.”

1290 1151 1339 1183 16.
1356 1151 1529 1193 Responsio
1548 1151 1709 1182 Benedicti
1730 1162 1819 1192 papae
1843 1152 1927 1182 facta
1949 1152 2013 1193 regi
2033 1152 2174 1184 Franciae

1373 1214 1465 1244 super
1480 1203 1564 1233 facto
1581 1202 1719 1237 unionis;
1745 1203 1810 1233 dat.
1829 1212 1868 1242 24
1884 1202 1996 1234 Oetob.
2020 1215 2050 1244 p.
2066 1212 2135 1245 215.

1418 1254 1514 1295 Ineip.
1538 1254 1716 1295 “Receptis
1739 1254 1861 1284 noviter
1877 1254 2022 1295 jocundis
2045 1256 2176 1286 rumori-

1394 1306 1483 1336 bus.”

1288 1359 1338 1389 17.
1355 1357 1524 1388 Tractatus
1540 1356 1623 1397 quod
1642 1355 1708 1397 regi
1725 1355 1835 1386 Galliae
1859 1367 1914 1387 nec
1935 1357 2027 1388 liceat
2048 1368 2103 1388 nec
2124 1369 2175 1388 ex-

1372 1408 1477 1450 pediat
1509 1407 1719 1438 obedientiam
1750 1407 1920 1438 Benedicto
1946 1419 2018 1438 xm.
2050 1409 2173 1440 subtra—

1372 1460 1465 1496 here;
1488 1459 1660 1498 dat.13()7.
1686 1470 1715 1499 p.
1732 1468 1801 1497 217.

1416 1509 1512 1550 Incip.
1530 1513 1548 1525 ‘⁶
1562 1508 1668 1538 Primo
1686 1519 1799 1549 ponam
1815 1513 1880 1539 tres
1895 1508 2075 1540 maximas.”

1288 1563 1337 1592 18.
1356 1561 1501 1599 Practica
1521 1560 1660 1590 Justitiae
1686 1571 1741 1600 per
1764 1560 1968 1591 Benedictum
1992 1572 2061 1592 cum
2086 1562 2172 1593 Mar-

1372 1613 1438 1644 tino
1465 1622 1553 1653 reges
1581 1611 1723 1651 Aragon.
1753 1610 1943 1641 concordata
1970 1622 2027 1652 pro
2053 1612 2174 1644 unitate

1372 1662 1507 1694 ccclesiae
1531 1661 1672 1693 facienda
1695 1666 1727 1692 et
1749 1672 1805 1702 pro
1829 1665 1919 1702 parte
1942 1662 2037 1703 ipsius
2059 1663 2174 1694 domini

1373 1714 1471 1745 nostri
1488 1713 1603 1744 oblata.
1626 1724 1656 1754 p.
1674 1721 1744 1752 241.

1415 1765 1513 1805 Incip.
1532 1769 1549 1781 ⁴⁴
1563 1764 1669 1794 Primo
1689 1764 1878 1795 concordata
1898 1764 1980 1795 inter
1998 1765 2098 1807 ipsum
2119 1767 2172 1797 do-

1392 1817 1509 1847 minum
1526 1819 1667 1846 nostrum
1684 1819 1715 1846 et
1730 1820 1821 1856 parte
1837 1815 1932 1856 ejus.”

1416 1868 1564 1909 Sequitur
1579 1867 1698 1898 additio
1714 1866 1799 1898 facta
1813 1878 1870 1908 pro
1888 1871 1979 1908 parte
1994 1868 2075 1909 regis
2091 1869 2172 1900 Ara-

1393 1931 1507 1962 gonum
1523 1919 1563 1950 ad
1579 1918 1749 1960 practicam
1766 1918 1987 1958 supradictam.

1287 1978 1337 2010 19.
1355 1976 1523 2007 Tractatus
1543 1974 1626 2015 quod
1644 1973 1693 2004 via
1712 1973 1844 2014 justitiae
1865 1984 1934 2004 cum
1953 1973 2100 2005 Practica
2122 1986 2172 2006 su-

1371 2027 1514 2069 pradicta
1529 2029 1577 2056 est
1593 2024 1697 2066 potius
1712 2024 1854 2065 eligenda
1869 2025 1909 2055 ad
1926 2024 2078 2056 unitatem
2097 2025 2171 2056 faci-

1372 2079 1494 2116 endam,
1524 2087 1617 2119 quam
1647 2076 1696 2106 via
1732 2075 1974 2106 renunciationis
2011 2076 2172 2118 utriusque

1372 2130 1480 2171 partis.
1504 2141 1533 2171 p.
1550 2138 1620 2168 244.

1416 2180 1512 2222 Incip.
1526 2183 1543 2196 “
1555 2179 1614 2210 Est
1626 2182 1731 2209 autem
1745 2177 2002 2208 considerandum
2015 2179 2097 2220 quod
2111 2190 2172 2210 non

1392 2234 1497 2272 potest
1513 2229 1643 2271 cogitari
1661 2240 1714 2259 seu
1730 2228 1889 2259 inveniri.”

1286 2290 1336 2319 20.
1355 2287 1454 2318 Facta
1476 2290 1508 2317 et
1534 2289 1624 2327 gesta
1647 2284 1864 2325 compendiose
1890 2284 2006 2325 scripta
2031 2296 2101 2316 cum
2124 2297 2170 2317 re-

1371 2337 1585 2380 sponsionibus
1608 2336 1709 2366 tribus
1732 2335 1823 2366 factis
1846 2335 1978 2366 dominis
2001 2336 2130 2368 ducibus
2152 2349 2172 2368 a

1372 2395 1512 2431 tempore
1535 2387 1756 2429 assumptionis
1779 2387 1894 2417 domini
1916 2387 2077 2419 Benedicti
2097 2399 2169 2420 xxn.

1371 2441 1412 2472 ad
1428 2444 1577 2482 papatum
1594 2450 1691 2479 usque
1706 2438 1746 2469 ad
1762 2438 1879 2468 exitum
1896 2438 2053 2468 hominum
2070 2450 2171 2470 armo-

1372 2503 1440 2522 rum
1457 2492 1494 2522 (10
1510 2490 1627 2532 palatio
1643 2494 1675 2520 et
1691 2489 1893 2520 cessationem
1908 2500 2038 2530 guerrae.
2057 2501 2086 2530 p.
2100 2500 2169 2530 249.

1414 2542 1440 2572 T
1444 2542 1478 2572 it.
1491 2542 1509 2571 i.
1528 2547 1545 2558 ⁴⁵
1557 2540 1744 2571 Informaeio
1757 2540 1871 2570 seriosa
1883 2551 1988 2570 eorum
2002 2551 2061 2582 que
2073 2552 2171 2583 nuper

1393 2592 1477 2622 sacta
1495 2591 1620 2621 fuerunt
1638 2590 1782 2620 Avinion.
1799 2601 1854 2631 per
1869 2590 1962 2620 duces
1980 2590 2121 2622 Franeiae
2139 2598 2171 2623 et

1393 2643 1470 2674 alios
1491 2653 1528 2673 ex
1549 2641 1678 2672 diversis
1701 2641 1832 2682 sumptis
1855 2641 2068 2672 occasionibus
2091 2643 2172 2674 circa

1393 2694 1551 2725 dominum
1568 2697 1710 2723 nostrum
1725 2692 1867 2733 papam.”

1416 2745 1514 2786 Incip.
1534 2749 1551 2761 “
1566 2744 1609 2775 Et
1625 2748 1698 2775 ante
1715 2743 1818 2774 omnia
1833 2747 1881 2774 est
1898 2743 2085 2774 sciendun1.”
