2254 3117
595 139 833 174 COLLEGII
863 139 1264 174 UNIVERSI'PATJS.

136 240 225 273 annis
248 239 448 271 celebrandus
471 241 518 269 est
541 237 644 268 obitus
668 236 810 277 magistri
826 236 913 266 Wal-

138 291 198 323 teri
222 289 372 332 Skyrlaw,
388 288 544 331 quondam
568 287 702 328 episcopi
728 285 913 316 Dunelmen-

139 343 188 381 sis,
219 342 308 373 istius
338 340 456 380 collegii
482 338 689 370 benefactoris
719 338 864 379 precipui,
895 348 914 368 a

139 394 286 426 consociis
301 393 332 423 in
349 392 476 433 collegio
500 402 556 432 pro
578 394 729 432 perpetuo
750 390 914 421 observan-

139 446 207 483 dus,
224 444 276 487 qui
299 444 376 475 obiit
397 443 437 474 ix.
454 442 516 473 kal.
532 441 661 483 Aprilis,
685 453 766 472 anno
790 441 915 471 Domini

139 496 299 528 m.cccc.vi.
315 499 347 526 et
362 495 403 526 sit
415 494 509 525 missa
525 493 690 534 solempnis
704 504 773 523 cum
786 493 915 523 diacono

140 551 172 578 et
188 547 375 578 subdiacono
386 546 413 582 ;”
427 546 468 576 ad
484 556 525 587 30
540 545 649 586 April„
665 548 682 562 ‘⁴
695 544 762 575 Isto
773 545 822 575 die
834 554 916 574 anno

141 598 268 630 Domini
284 597 498 638 m.cccc.lxxvj.
524 601 592 627 erat
611 596 672 627 ista
696 596 813 637 capella
834 595 917 626 dedi-
947 628 948 636 ἵ

140 654 211 681 cata
236 650 267 680 in
293 649 410 680 honore
438 647 537 679 sancti
565 648 773 684 Cuthberti;”
810 648 851 678 ad
878 656 916 678 22

142 701 228 738 Maii,
255 706 272 718 ⁴⁴
290 700 356 732 Isto
379 700 428 730 die
453 700 579 741 singulis
601 700 690 730 annis
717 699 918 730 celebrandus
948 693 949 697 ¹

141 756 188 784 est
211 752 314 783 obitus
330 751 446 782 domini
463 751 594 782 Henrici
610 751 709 787 Perci,
727 751 853 781 secundi
869 761 918 781 co-

141 804 225 835 mitis
255 804 489 841 Northumbrie,
520 804 610 834 istius
635 803 753 843 collegii
781 802 919 844 specialis
949 808 950 816 ¹

141 855 358 893 benefactoris,
373 855 424 896 qui
437 855 515 886 obiit
533 855 573 896 xj.
588 855 637 885 die
653 855 713 885 kal.
727 854 823 890 Junii,
838 865 920 884 anno
950 879 951 898 ἶ

97 947 99 949 ¹
142 907 271 938 Domini
286 907 457 945 m.cccc.lv.,
476 911 507 938 et
530 918 586 948 pro
607 907 693 947 cujus
715 907 817 937 anima
839 905 920 936 dica-

141 964 194 990 tur
208 959 301 990 missa
317 970 388 989 cum
403 959 533 990 diacono
549 964 581 990 et
597 958 813 989 subdiaconos*

372 1052 582 1086 CLXXIX.

39 1116 157 1150 Codex
176 1114 467 1153 membranaceus,
488 1115 521 1147 iu
538 1116 608 1153 410,
627 1114 660 1148 ff.
677 1114 733 1152 96,
753 1126 818 1148 sec.
833 1127 888 1148 XV.

83 1175 229 1207 Manuale
254 1175 396 1212 Precum,
426 1175 531 1205 Horas
553 1175 711 1206 includens
730 1176 766 1206 B.
786 1176 830 1206 M.
852 1176 922 1206 Vir-

101 1227 189 1269 ginis,
212 1226 354 1257 Psalmos
370 1230 489 1267 septem
513 1226 752 1267 poenitentiales,
772 1227 922 1265 Litanias,
954 1252 955 1270 Ξ

104 1279 248 1317 Placebo,
264 1289 371 1319 preces
386 1278 594 1320 psalmosque,
611 1279 662 1319 qui
679 1279 709 1308 in
726 1279 814 1315 libre,
833 1279 924 1321 vulgo
954 1274 955 1277 Ἴ

103 1331 186 1373 apud
212 1341 267 1361 nos
295 1335 302 1347 ⁴
320 1330 460 1371 Prymer'
490 1331 584 1369 dieto,
614 1331 678 1361 fere
705 1331 921 1367 inveniuntur,

104 1382 242 1413 versione
257 1381 430 1423 Angylz'caua
446 1382 569 1423 penitus
581 1381 787 1417 instructum
810 1383 925 1423 praevio
955 1378 956 1387 ¹

105 1433 295 1464 kalendario.

168 1484 325 1525 Incipiunt
349 1484 433 1515 herae
459 1485 500 1515 ad
525 1484 575 1514 fol.
604 1495 647 1525 ¹5⁷
673 1486 840 1516 secundum
865 1486 927 1516 edi-

148 1536 264 1566 tionem
290 1546 310 1566 a
334 1535 398 1566 viro
425 1535 461 1566 cl.
493 1535 648 1566 Gulielmo
681 1536 816 1567 Maskell
847 1537 928 1568 inter

149 1584 357 1616 Monumenta
374 1585 512 1616 Ritualia
528 1590 604 1616 tom.
622 1587 652 1617 ii.
671 1598 768 1628 nuper
793 1588 928 1628 prolata,
958 1594 959 1618 1

151 1647 211 1678 qua
232 1648 301 1667 cum
321 1637 461 1668 versione
484 1637 609 1668 minime
636 1639 805 1670 concordat
830 1640 927 1670 codex
958 1635 960 1677 i

151 1692 274 1725 noster,
298 1688 336 1719 In
352 1689 433 1719 foliis
456 1693 576 1730 septem
596 1690 750 1730 prioribus
772 1690 927 1731 leguntur,

152 1740 249 1770 Pater
279 1739 403 1776 Noster,
436 1739 615 1781 Symbolum
645 1741 868 1782 Apostolorum
898 1746 930 1772 et

152 1791 316 1821 orationes.

175 1842 225 1872 Ad
241 1842 292 1872 fol.
308 1852 344 1882 25
359 1843 389 1872 b.
406 1842 519 1883 legitur
535 1843 788 1874 commemoratio
806 1843 836 1874 S.
850 1844 930 1874 Tho-
961 1851 962 1856 ¹

153 1904 211 1924 mae
232 1893 363 1930 Becket,
384 1894 474 1935 incip.
495 1898 511 1910 “
528 1894 612 1924 Orist
633 1895 723 1925 make
744 1906 780 1925 us
803 1900 870 1936 stye
891 1907 931 1936 yn
961 1922 963 1944 ,x

152 1949 186 1975 to
212 1944 282 1975 that
306 1944 391 1986 plasc
416 1945 486 1976 that
511 1945 647 1976 Thomas
672 1946 761 1986 styed
787 1950 820 1976 to
850 1947 931 1982 be;''

154 2006 221 2036 quae
238 1995 269 2025 in
284 1996 417 2027 editione
434 2007 495 2027 non
511 1997 674 2027 invenitur.

176 2047 360 2078 Immediate
378 2054 452 2079 ante
468 2048 601 2078 officium
617 2049 852 2081 Defunctorum,
870 2049 932 2080 sive

157 2097 301 2134 Plaeebo,
332 2099 466 2129 occurrit
499 2099 632 2129 officium
664 2099 835 2135 Passionis,
869 2099 932 2130 sive

157 2149 318 2180 Lectiones
344 2154 376 2180 et
402 2150 559 2181 orationes
588 2151 629 2180 ad
655 2155 787 2181 mortem
817 2151 932 2181 Christi

155 2204 340 2240 spectantes,
358 2212 425 2242 quae
442 2201 473 2231 in
489 2202 563 2232 edit.
580 2202 632 2232 cit.
649 2202 874 2233 desiderantur.

177 2251 299 2282 Desinit
326 2252 421 2283 editio
449 2253 598 2292 impressa
623 2253 654 2283 in
678 2253 729 2283 fol.
755 2254 792 2294 83
815 2253 853 2289 b;
884 2253 932 2284 cui

155 2303 324 2333 succedunt
338 2303 480 2334 Psalmus
496 2304 576 2335 cxix.
589 2305 702 2345 aliique
718 2308 750 2335 et
766 2306 931 2335 orationes.

177 2352 215 2383 In
231 2353 314 2384 calce
330 2354 435 2395 regula
451 2359 498 2385 est
514 2356 554 2386 ad
570 2355 785 2386 inveniendum
799 2356 931 2393 Pascha,

155 2404 293 2445 aliosque
309 2404 413 2435 festos.

394 2478 580 2512 CLXXX.

52 2537 348 2577 Membranaceus,
373 2540 407 2572 iu
436 2542 505 2577 4to‚
525 2540 558 2573 ff.
579 2544 634 2580 23,
659 2553 724 2574 sec.
741 2542 822 2581 xiii„
851 2542 933 2575 olim

74 2596 213 2630 Thomae
231 2597 431 2643 Ailesbury,
451 2598 576 2632 clerici.

94 2657 121 2686 1.
138 2656 279 2688 Canones
296 2658 523 2698 evangeliorum
539 2664 691 2699 quatuor;
718 2661 853 2690 metrice.
873 2661 893 2691 f.
909 2671 934 2691 1.

200 2708 298 2750 Incip.

54 2764 70 2774 '⁴
82 2759 119 2789 A.
133 2765 279 2800 geuerat;
299 2761 327 2791 b.
340 2771 448 2802 magos
460 2765 561 2798 vocat,
574 2761 723 2802 Egiptum
737 2763 827 2803 petit,
840 2763 934 2793 exit.”

1796 147 1839 181 49

1092 237 1128 267 111
1142 238 1232 271 calce,
1251 243 1268 254 ‘²
1280 238 1458 279 Expliciuut
1475 240 1634 270 canones*

1012 311 1016 316 .
1035 288 1145 318 Glossa
1162 300 1254 330 super
1269 290 1398 320 Cantica
1414 291 1630 326 Canticorum;
1654 292 1762 332 fragm.
1781 292 1797 320 s.
1813 302 1840 331 3.

1094 340 1189 380 lucil).
1208 345 1225 357 ·‘
1242 341 1420 377 Osculeter3
1446 342 1533 372 Licet
1550 343 1657 372 modus
1672 343 1814 383 agendi.¹⁴

988 391 1016 420 3.
1035 390 1142 421 Sermo
1159 392 1188 422 in
1204 392 1285 423 istud
1304 402 1310 409 ⁸
1328 393 1464 423 Lucerna
1480 394 1608 434 pedibus
1624 394 1719 423 meiss
1738 394 1787 423 sol.
1799 406 1827 431 4.

1096 442 1191 483 Incip.
1212 450 1228 459 ‘⁴
1242 443 1380 473 Verbum
1398 448 1429 474 ut
1447 445 1580 475 habetur
1596 445 1625 474 in
1641 444 1771 484 glossas*

991 493 1018 521 4.
1038 491 1122 522 Libri
1138 493 1201 523 Job
1218 494 1435 534 fragmentum,
1451 495 1540 536 incip.
1557 507 1576 525 a
1591 506 1657 536 cap.
1675 495 1724 525 vii.
1743 506 1802 524 ver.
1818 504 1844 534 7.

987 288 1006 316 ²0

1054 544 1093 573 ad
1117 555 1183 584 cap.
1204 544 1254 574 xii.
1276 556 1336 575 ver.
1358 555 1404 582 12,
1427 546 1535 587 glossis
1560 547 1780 587 marginalibus
1804 546 1846 575 in-

1055 598 1215 624 structum.
1240 595 1289 624 fol.
1301 605 1328 634 5.

1101 645 1197 686 lncip.
1213 645 1302 686 gloss.
1322 652 1337 662 ‘⁴
1354 647 1430 677 Vita
1449 648 1581 679 hominis
1600 650 1712 679 dicitur
1728 654 1847 686 ventus,

1078 700 1204 737 propter
1219 697 1370 728 transitus
1386 698 1605 730 velocitatem.”

1121 748 1299 788 Sequuntur
1310 749 1486 780 adversaria
1501 751 1585 781 varia
1598 751 1780 792 theologica,
1793 752 1848 782 sci-

1100 799 1180 835 licet,

1015 862 1043 881 a.
1062 850 1110 881 De
1127 851 1214 888 coelo,
1232 863 1269 881 ex
1287 851 1478 892 Alpbaragio
1494 856 1551 883 etc.
1575 853 1624 883 fol.
1642 856 1676 883 16
1694 854 1721 884 b.

1017 906 1045 936 b.
1064 906 1234 937 Sententia·
1251 918 1287 936 ex
1307 907 1460 943 Hamone,
1478 907 1645 944 Bernardo,
1663 910 1848 949 Augustino.

1079 957 1208 998 aliisque
1224 958 1374 998 patribus.
1399 958 1449 988 fol.
1468 968 1512 997 17.

1017 1020 1041 1038 c.
1061 1008 1213 1039 Glossulae
1235 1020 1327 1049 super
1342 1009 1489 1050 epistolas
1511 1010 1550 1039 ad
1568 1009 1683 1048 Titum,
1700 1012 1851 1043 Philemo-

1080 1071 1161 1096 nem,
1178 1064 1209 1090 et
1226 1060 1389 1090 Hebraeos.
1412 1060 1463 1091 fol.
1482 1071 1529 1092 20.

997 1112 1025 1139 5.
1043 1109 1214 1150 Catalogus
1235 1110 1391 1147 librorum,
1416 1121 1542 1151 eperum
1567 1111 1681 1142 scilicet
1702 1114 1852 1154 praecipue

1061 1160 1115 1191 SS.
1129 1161 1270 1191 Auselmi
1281 1161 1518 1203 Augustinique,
1532 1162 1634 1193 forsan
1647 1163 1684 1193 ad
1702 1171 1853 1195 monaste-

1063 1213 1143 1243 rium
1165 1213 1320 1254 quoddam
1342 1213 1574 1254 pertinentium,
1594 1215 1722 1245 annexis
1738 1227 1854 1246 eorum-

1062 1263 1131 1293 dem
1148 1263 1250 1294 initiis.
1275 1264 1326 1294 fol.
1345 1274 1392 1304 23.

1313 1380 1524 1415 CLXXXI.

980 1439 1099 1472 Codex
1119 1439 1410 1479 membranaceus,
1429 1440 1464 1473 in
1480 1440 1572 1480 folio,
1584 1440 1616 1473 ff.
1633 1443 1712 1481 153,
1725 1453 1790 1475 sec.
1802 1454 1857 1475 xv.

957 1498 958 1530 i
1005 1498 1176 1533 ineuntis:
1209 1497 1301 1535 olim,
1321 1509 1410 1531 anno
1433 1498 1564 1532 scilicet
1584 1501 1688 1538 1491,
1716 1499 1857 1533 Henrici

957 1555 959 1592 ἶ
1008 1555 1128 1589 Percei
1162 1555 1204 1588 de
1236 1555 1282 1588 N.
1311 1560 1441 1600 postea,
1473 1567 1562 1589 anno
1589 1558 1692 1595 1577,
1716 1556 1858 1589 Roberti

958 1620 960 1631 ¹
1008 1614 1249 1659 Iffledringtom
1277 1613 1365 1647 bene
1384 1618 1544 1647 exaratus
1563 1619 1598 1647 et
1616 1621 1777 1648 servatus.

959 1689 960 1722 1
1025 1679 1090 1709 The
1112 1678 1292 1720 pilgrimage
1309 1678 1344 1708 of
1360 1678 1413 1708 the
1432 1678 1506 1715 seul,
1524 1679 1696 1709 translated
1713 1679 1791 1709 from
1809 1679 1861 1709 the

959 1729 961 1764 1
1048 1730 1170 1761 French
1201 1730 1247 1771 [of
1273 1729 1448 1761 Guillaume
1474 1730 1512 1760 de
1536 1730 1734 1771 Guillcville],
1762 1731 1792 1760 in
1815 1731 1860 1760 six

1046 1782 1152 1812 books.

1090 1833 1152 1863 Tit.
1181 1838 1198 1849 ⁶⁸
1215 1833 1329 1874 Incipit
1353 1833 1430 1862 liber
1460 1834 1511 1873 qui
1542 1836 1737 1873 nuncupatur
1764 1833 1862 1862 Gracc

1070 1884 1181 1914 Dicu.”

1091 1936 1165 1977 Bcg.
1185 1940 1202 1952 “
1216 1937 1262 1966 As
1279 1935 1294 1965 I
1311 1935 1360 1976 lay
1377 1946 1415 1965 en
1437 1946 1455 1965 a
1477 1939 1566 1975 seynt
1588 1935 1745 1965 Laurence
1766 1934 1863 1974 nyght

1069 1986 1197 2027 slepyng
1218 1985 1249 2016 in
1269 1996 1319 2026 my
1336 1985 1394 2016 bed
1416 1996 1464 2015 me
1485 1985 1557 2016 bifel
1573 1996 1591 2015 a
1607 1985 1649 2015 ful
1673 1984 1863 2015 merveillous

1069 2038 1203 2067 drecm.”

1093 2089 1191 2125 Ends,
1210 2093 1227 2105 ‘⁶
1241 2088 1302 2119 and
1318 2088 1430 2129 goodly
1447 2088 1612 2118 correctith
1629 2088 1728 2117 where
1752 2087 1821 2117 that
1840 2086 1863 2116 it

1071 2140 1177 2170 nedith
1194 2140 1291 2182 ought
1307 2144 1340 2170 to
1356 2140 1455 2180 ayden
1471 2150 1506 2169 or
1521 2138 1748 2169 withdrawen.”

1093 2192 1138 2222 At
1155 2192 1208 2222 the
1225 2191 1293 2228 end,
1312 2196 1329 2208 ‘²
1342 2191 1428 2221 Here
1444 2191 1558 2221 endeth
1579 2191 1631 2221 the
1647 2190 1749 2219 dreme
1765 2188 1799 2218 of
1811 2188 1862 2218 the

1072 2242 1252 2283 pilgrimage
1286 2241 1321 2272 of
1350 2241 1404 2272 the
1436 2241 1519 2271 soulc
1552 2240 1715 2271 tl‘auslatid
1747 2244 1800 2268 out
1833 2237 1866 2267 os

1072 2293 1208 2323 Frcnshe
1232 2294 1296 2323 into
1321 2293 1484 2334 Englisshe
1509 2292 1562 2322 wit
1587 2291 1734 2321 somwhat
1758 2289 1791 2319 of
1811 2289 1863 2318 ad-

1072 2343 1221 2380 diciouns,
1247 2344 1300 2373 the
1329 2349 1415 2381 3eere
1441 2342 1476 2371 of
1495 2353 1568 2372 oure
1596 2341 1676 2371 Lord
1700 2351 1718 2370 a
1740 2350 1777 2368 m.
1802 2338 1862 2368 and

1072 2405 1149 2424 cccc.
1166 2394 1228 2424 and
1249 2393 1342 2424 endid
1358 2393 1388 2423 iu
1404 2393 1457 2424 the
1473 2392 1542 2433 vigil
1559 2392 1593 2421 of
1610 2392 1705 2431 Seynt
1722 2388 1863 2419 Barthol-

1073 2447 1181 2476 mew.⁷’

1095 2497 1126 2527 It
1152 2497 1177 2526 is
1202 2497 1255 2527 the
1276 2496 1388 2527 second
1409 2496 1443 2526 ef
1456 2500 1462 2511 ⁴
1480 2495 1538 2524 Les
1559 2493 1634 2523 trois
1659 2491 1864 2530 Pelerinages'

1073 2548 1112 2589 by
1131 2548 1304 2579 Guillaume
1320 2547 1358 2578 de
1382 2545 1558 2580 Guilleville,
1576 2544 1636 2574 and
1660 2553 1720 2572 was
1743 2541 1864 2582 printed

1073 2600 1103 2629 in
1122 2599 1243 2630 French
1259 2599 1290 2628 in
1311 2608 1398 2638 ¹499-

1096 2651 1141 2681 At
1158 2650 1209 2680 fol.
1221 2651 1292 2688 401)
1310 2650 1334 2680 is
1350 2649 1403 2679 the
1419 2652 1491 2678 note
1504 2645 1666 2685 following,
1679 2655 1745 2674 now
1762 2643 1865 2683 nearly

1073 2702 1267 2737 obliterated,
1286 2707 1303 2717 ⁸·
1318 2701 1383 2730 Iste
1399 2699 1475 2729 liber
1490 2697 1623 2738 pertinet
1640 2695 1763 2725 domino
1779 2694 1866 2724 Hen-

1073 2753 1136 2783 rico
1161 2752 1268 2783 Pereei
1290 2752 1327 2782 de
1354 2751 1381 2781 N
1387 2772 1536 2780 .......
1553 2748 1584 2785 h,
1601 2759 1639 2778 ex
1655 2747 1735 2777 dono
1751 2745 1867 2776 domiui

1136 2817 1159 2839 H
