2254 3117
647 167 885 202 COLLEGII
912 168 1294 204 BALLIOLENSIS.

86 267 114 296 7.
133 264 252 296 Versus
272 266 310 296 de
333 265 546 296 sacerdotibus
567 268 599 296 ct
620 276 726 296 corum
747 265 856 302 officio,
874 265 946 296 dict.

148 322 165 332 ⁴⁸
180 316 344 357 Speculum
362 317 598 347 Sacerdotum.”
622 316 673 346 fol.
694 326 750 354 140
763 316 793 346 b.

200 370 294 411 Incip.

148 426 165 437 “
180 421 248 451 Viri
265 421 453 452 venerabiles
469 421 647 451 sacerdotes
663 421 732 457 Dei,

179 473 334 504 Preeones
349 473 492 504 altissimi
508 473 631 503 lucerne
648 473 738 503 diei.”

196 527 304 558 Desin.

146 583 164 595 ‘⁶
176 578 277 609 Vobis
293 578 333 609 sit
349 578 464 609 auxilio
480 583 581 609 mater
596 578 734 619 pietatis,

177 629 225 660 Ut
241 629 394 660 Habrahe
409 629 527 670 gremio
543 630 608 660 sine
623 630 683 660 fine
700 631 843 660 sedeatis.

176 681 287 711 Amen.
334 681 473 721 Explicit
490 680 647 721 speculum
664 682 861 712 sacerdotisf'

433 807 567 841 CCCL.

60 879 179 913 Codex
197 880 490 915 membranaceus,
509 880 543 913 in
563 880 645 913 folio
663 880 798 919 minori,
817 880 850 914 ff.
866 879 945 917 168,
976 878 978 884 '

83 949 169 971 seco.
186 938 244 970 xii.
264 937 425 975 ineuntis,
446 938 516 970 xiii.
537 942 572 970 et
591 937 660 970 xiv.
680 938 841 971 ineuntis.

101 1005 289 1036 Praecedunt
301 1005 417 1036 chartae
428 1005 578 1036 Richardi
591 1010 623 1036 et
634 1005 764 1037 Roberti
777 1007 815 1037 (le
825 1007 946 1038 Chaun-

121 1057 189 1093 dos,
215 1056 281 1087 haec
311 1057 482 1087 concedens
507 1056 675 1094 willelmo,
702 1057 743 1088 fil.
767 1057 882 1099 Rogeri
908 1059 947 1089 sle

120 1107 295 1144 Burthulla,
327 1111 444 1138 terram
476 1108 632 1149 quandam
668 1108 698 1138 in
726 1108 768 1137 W
772 1109 943 1145 istastone;

120 1159 220 1190 altera
236 1158 396 1195 exhibens,
413 1162 490 1200 quot
505 1159 619 1190 milites
640 1159 733 1190 habet
751 1160 893 1191 feoffatos
909 1161 947 1191 de

120 1210 218 1241 veteri
235 1213 266 1240 et
283 1210 321 1240 de
338 1221 416 1240 novo
432 1210 639 1241 feoffamento.

80 1272 108 1301 1.
130 1271 228 1301 Index
251 1273 418 1308 terrarum,
441 1282 518 1311 quas
545 1272 646 1302 tenuit
673 1275 739 1302 tam
764 1283 829 1309 rex,
854 1283 946 1313 quam

142 1321 204 1359 alii,
222 1321 252 1351 in
268 1321 420 1352 comitatu
436 1322 474 1352 de
488 1322 684 1359 Herefordia,
703 1334 863 1354 mensuras
880 1324 946 1354 red-

142 1373 287 1413 ditusque
303 1373 470 1403 earundem
489 1383 665 1414 exponens;
690 1374 766 1405 liber
780 1374 871 1416 vulgo
885 1375 946 1406 (lic-

142 1428 193 1454 tus
210 1428 228 1440 “
239 1423 417 1465 Domesday
434 1424 552 1455 Book.''
574 1424 625 1455 fol.
642 1435 668 1455 2.

185 1477 283 1518 Incip.
302 1482 319 1495 ‘⁴
334 1478 370 1508 In
387 1478 545 1509 Hereford
561 1479 687 1510 civitate
707 1484 847 1521 tempore
866 1481 947 1522 regis

163 1529 329 1561 AEdwardi
343 1534 433 1561 erant
446 1536 571 1561 centum
584 1534 616 1562 et
631 1534 695 1562 tres
710 1531 851 1563 homines
867 1544 947 1564 com-

163 1585 325 1612 manentes
341 1581 425 1612 intus
441 1589 473 1613 et
488 1586 579 1613 extra
594 1583 745 1614 murnln.”

79 1643 108 1672 2.
125 1642 291 1673 Tractatus
311 1642 349 1672 de
370 1641 489 1683 legibus
510 1646 542 1672 et
563 1643 839 1674 consuetudinibus
860 1644 947 1685 regni

142 1692 264 1733 Angliae
288 1696 429 1733 tempore
455 1691 537 1732 regis
561 1691 690 1722 Hem-ici
716 1693 841 1723 secundi
866 1704 947 1724 com-

143 1743 273 1784 positus,
289 1747 306 1759 ‘⁴
316 1743 451 1783 justiciae
466 1743 676 1784 gubernacula
692 1748 818 1775 tenente
835 1745 947 1776 illustri

143 1793 207 1823 viro
224 1793 389 1834 Ranulpho
411 1793 449 1823 de
466 1793 627 1829 Glanvilla,
641 1794 720 1834 juris
741 1794 827 1835 regni
846 1799 878 1825 et
893 1806 946 1826 an-

143 1843 301 1884 tiquarum
334 1843 594 1874 consuetudinum
627 1855 663 1874 eo
695 1848 835 1886 tempore
868 1845 946 1886 peri-

143 1893 263 1924 tissimo
274 1895 306 1929 ;'’
328 1893 449 1934 praeviis
465 1893 643 1925 tabularum
659 1895 770 1925 titulis.
794 1895 845 1925 fol.
860 1906 912 1936 45.

188 1948 283 1990 Incip.
304 1948 465 1990 “Regiam
488 1953 677 1990 potestatem
699 1961 759 1981 non
780 1951 878 1981 solum
899 1963 947 1982 ar-

164 2000 222 2030 mis
244 2005 352 2030 contra
372 1999 502 2031 rebelles
525 2004 557 2031 et
578 2005 688 2042 gentes
710 2002 768 2032 sibi
793 2013 947 2044 regnoque

164 2050 392 2091 insurgentes.’'

81 2111 108 2140 3.
127 2110 274 2141 Edwardi
304 2111 339 2147 I.‚
369 2111 449 2152 regis
476 2111 608 2152 Angliae,
638 2112 720 2154 leges
750 2113 781 2143 in
812 2114 948 2155 capitula

145 2172 244 2193 cxxvl.
267 2162 435 2199 distinctae,
456 2173 588 2203 quorum
611 2167 732 2194 restant
755 2164 947 2196 solummodo

142 2212 234 2243 hodie
251 2212 388 2254 capitula
405 2223 517 2243 Lxxxv.
534 2212 658 2254 priora3
679 2214 805 2244 Gallice.
830 2214 849 2244 f.
865 2225 879 2254 7
884 2225 913 2256 3.

187 2268 284 2309 Incip.
313 2272 330 2285 “
348 2267 485 2299 Edward
515 2279 572 2309 par
602 2269 632 2300 la
661 2280 754 2310 grace
781 2270 861 2301 Dieu
892 2282 947 2312 roy

166 2319 372 2360 dEngleterre
396 2324 427 2350 et
454 2320 514 2350 sire
540 2321 578 2351 de
603 2320 749 2352 Irlaunde
775 2333 795 2352 a
821 2326 873 2353 tuz
899 2334 947 2353 ses

164 2370 287 2407 feam?
305 2374 365 2401 etc.
388 2376 489 2411 “pecs
511 2375 542 2401 et
564 2382 657 2412 grace
678 2372 839 2403 desiraunt
859 2377 947 2404 entre

165 2422 194 2452 le
209 2422 329 2463 people,
347 2433 384 2463 qe
400 2426 448 2453 est
463 2433 500 2452 en
517 2427 622 2453 nostre
639 2424 846 2464 proteccion.”

189 2476 285 2518 Incip.
309 2488 376 2518 cap.
400 2478 420 2507 i.
445 2481 463 2494 “
477 2477 525 2508 De
546 2477 716 2516 Coroners‚·
745 2480 788 2510 Et
811 2491 870 2520 pur
893 2491 947 2510 ceo

168 2539 205 2568 qe
226 2539 284 2558 nus
304 2528 422 2559 voloms
442 2539 480 2568 qe
498 2528 651 2559 Coroners
674 2534 782 2570 seycnt
801 2541 839 2560 en
862 2531 946 2562 ches-

167 2590 226 2610 cun
251 2583 364 2610 counte
394 2579 572 2620 principaus
600 2581 746 2620 gardelus
775 2582 813 2612 de
843 2586 947 2613 nostre

166 2641 238 2670 pees
267 2641 287 2660 a
316 2633 423 2671 porter
454 2631 562 2660 record
593 2631 631 2661 de
662 2632 744 2672 pleez
773 2633 811 2663 de
841 2637 947 2664 nostre

167 2681 307 2711 corone.”

189 2731 285 2762 Defic.
304 2731 334 2761 in
354 2730 456 2761 verbis
477 2742 543 2770 cap.
560 2731 676 2769 lxxxv„
695 2737 712 2750 ‘⁶
727 2734 871 2775 depleder
894 2746 946 2766 sm·

166 2781 197 2812 la
211 2781 394 2822 possession,
412 2792 451 2812 ou
468 2782 540 2812 issi’'

1816 178 1882 212 109

1365 270 1517 304 CCCLI.

1002 330 1119 363 Codex
1148 333 1438 373 iueinbranaoeuffi
1467 335 1500 366 in
1535 333 1625 373 folio,
1653 334 1685 367 ff.
1706 337 1786 373 404,
1818 348 1882 370 sce.

1027 388 1097 421 xiii.
1116 389 1276 425 incuntis,
1296 391 1384 423 binis
1406 391 1574 425 columnis
1596 392 1685 426 benc
1704 398 1883 431 exaratus;

978 451 980 478 !
1028 445 1060 477 in
1081 446 1178 479 initio
1198 452 1232 480 ct
1251 447 1344 481 calce
1363 448 1515 482 mutilus.

1045 505 1145 536 Biblia
1169 518 1256 537 sacra
1273 508 1437 546 Universa,
1453 522 1489 539 ex
1508 510 1645 541 versione
1665 511 1800 551 vulgata,
1816 523 1884 553 pro-

1067 557 1143 598 logis
1161 558 1190 587 S.
1206 558 1389 599 Hiermiymi
1406 560 1570 591 illustrata.

1108 607 1206 648 Incip.
1226 609 1256 638 in
1272 610 1372 640 verbis
1394 611 1482 651 epist.
1501 612 1517 641 i.
1538 616 1554 628 ²³

1654 613 1814 655 Philippus
1838 625 1884 644 os-

1086 659 1187 689 tendit
1207 660 1233 689 ci
1252 660 1400 697 Jhcsum3
1426 664 1476 702 qui
1502 663 1621 694 clausus
1644 664 1763 695 latebat
1785 665 1815 695 in
1836 665 1885 695 lit—

1087 710 1184 741 tera.'¹

1110 760 1145 790 In
1170 761 1254 791 Tcst.
1280 761 1356 792 Nov.
1384 767 1453 802 post
1479 764 1640 804 epistolam
1666 766 1706 795 ad
1732 766 1884 797 Hebraeos

1085 811 1226 852 sequitur
1242 812 1303 843 ista
1319 813 1358 842 ad
1377 813 1590 845 Laodimxnses.

1110 862 1145 891 In
1159 862 1241 893 calce
1255 868 1421 894 occurrunt
1434 864 1710 905 Interpretatioues
1726 868 1883 898 nominum

1088 913 1324 949 Hebraicorum.
1349 916 1515 945 secundum
1538 916 1710 959 Remigium
1731 919 1882 949 Autissio-

1085 965 1267 1000 dorensem;
1293 965 1378 995 dcfic.
1404 966 1434 995 in
1456 967 1566 1003 verbis,
1590 972 1607 984 “
1621 969 1702 999 Sanc
1725 969 1817 1010 digna
1838 971 1883 1000 vel

1085 1015 1205 1046 elevata
1221 1027 1274 1046 seu
1291 1016 1445 1057 dignitas”

1357 1098 1531 1132 CCCLII.

1001 1159 1222 1198 Chartaeeus,
1242 1160 1276 1192 in
1296 1159 1387 1199 folio,
1408 1160 1441 1193 ff.
1457 1163 1514 1199 77,
1534 1172 1599 1195 sec.
1616 1163 1695 1196 xvii.

1044 1220 1163 1261 Report
1184 1220 1218 1250 of
1236 1220 1290 1250 the
1311 1231 1380 1250 case
1402 1220 1436 1250 of
1448 1220 1536 1252 Alice
1553 1221 1672 1263 Smyth,
1692 1223 1767 1254 alias
1785 1224 1882 1255 Eliza-

1064 1271 1139 1302 beth
1158 1271 1300 1308 Hodson,
1320 1271 1463 1312 plaintiffi
1485 1273 1546 1302 and
1567 1273 1620 1303 the
1642 1273 1750 1315 bishop
1767 1275 1800 1304 of
1814 1275 1882 1305 Lin-

1064 1322 1142 1359 coln,
1161 1322 1374 1353 Cadwallader
1390 1323 1504 1354 Powcll
1524 1324 1586 1355 and
1603 1325 1724 1366 George
1742 1325 1883 1363 Walken

1065 1374 1262 1411 defendants,
1275 1374 1454 1416 containing
1466 1375 1520 1406 the
1536 1376 1681 1417 speeches
1697 1377 1731 1407 of
1740 1377 1789 1407 Sir
1800 1378 1885 1409 John

1066 1425 1175 1463 Finch,
1199 1425 1282 1455 Lord
1304 1425 1395 1456 Ohief
1415 1426 1432 1456 J
1438 1426 1535 1457 ustice
1558 1428 1592 1458 of
1611 1428 1758 1459 Oommon
1782 1429 1884 1466 Pleas,

1065 1477 1100 1506 of
1114 1476 1195 1506 Lord
1213 1476 1304 1506 Chies
1317 1476 1440 1507 Justice
1459 1477 1625 1515 Branston‚
1647 1479 1707 1510 Mr.
1724 1479 1885 1520 Secretary

1065 1527 1108 1556 W
1112 1527 1277 1564 indebank,
1294 1527 1355 1558 and
1373 1528 1487 1558 others.

1350 1610 1543 1645 CCCLIII.

1001 1672 1224 1713 Chartaceus‚
1238 1674 1272 1705 in
1288 1673 1379 1712 folio,
1395 1673 1427 1707 ff.
1444 1676 1522 1711 174,
1542 1686 1608 1708 sec.
1623 1676 1690 1709 xvi.
1707 1678 1885 1716 exeuntis3

1025 1731 1108 1765 olim
1133 1736 1172 1764 ut
1196 1732 1334 1765 videtur
1351 1730 1430 1765 Joh.
1449 1732 1554 1772 Prise,
1578 1738 1696 1777 postea
1718 1734 1884 1768 Johanuis

1026 1789 1204 1823 IVatkins.

1046 1853 1071 1880 1.
1091 1850 1201 1880 W⁷elsh
1217 1861 1321 1891 pocius
1337 1851 1399 1882 and
1417 1862 1516 1881 verses
1533 1852 1572 1892 by
1589 1851 1730 1883 different
1746 1854 1882 1883 authors.

1107 1901 1156 1931 fol.
1174 1911 1202 1932 2.

1151 1953 1213 1984 Tit.
1231 1954 1250 1985 i.
1268 1958 1285 1970 ‘⁶
1300 1954 1482 1995 Kywydden
1499 1953 1686 1994 Kymraec.”

1151 2004 1224 2046 Beg.

1184 2061 1200 2072 *⁴
1217 2056 1247 2086 Y
1265 2056 1349 2097 ddyn
1365 2067 1401 2087 ar
1416 2056 1561 2087 santaidd
1577 2057 1685 2097 anwyd

1214 2107 1240 2137 O
1257 2107 1348 2137 dduw
1364 2107 1581 2148 hydolessaidd
1598 2107 1693 2148 xvyd.”

1150 2158 1195 2189 At
1212 2158 1265 2188 the
1281 2159 1352 2195 end,
1369 2163 1386 2174 “
1400 2158 1486 2188 Bedo
1502 2158 1672 2199 Brwynllys
1687 2169 1723 2189 ar
1739 2159 1851 2189 Kants'*

1150 2227 1217 2257 The
1243 2227 1398 2268 following
1420 2238 1474 2257 are
1500 2226 1554 2257 the
1581 2226 1664 2257 titles
1690 2227 1751 2257 and
1779 2237 1882 2257 names

1128 2277 1162 2307 of
1175 2277 1293 2308 writers
1309 2289 1343 2308 as
1360 2278 1433 2318 they
1449 2288 1550 2313 occur,

1063 2340 1090 2359 a.
1110 2334 1127 2345 “
1143 2329 1245 2359 Marw
1264 2340 1305 2370 ny
1324 2330 1408 2359 wnas
1426 2340 1493 2359 mor
1508 2339 1571 2358 wen
1590 2339 1637 2368 yw
1653 2329 1744 2368 nyn.”

1127 2380 1279 2422 Deulwyn
1295 2391 1331 2411 ar
1346 2381 1432 2410 kant.
1457 2380 1508 2410 fol.
1521 2389 1549 2420 3.

1063 2430 1090 2460 b.
1110 2431 1304 2472 Kywyddau.
1328 2431 1379 2462 fol.
1396 2443 1425 2470 4.

1064 2493 1089 2512 c.
1109 2482 1254 2513 Account
1274 2483 1309 2513 of
1328 2483 1381 2513 the
1403 2493 1504 2512 owner
1524 2481 1558 2511 of
1576 2481 1628 2511 the
1649 2481 1748 2516 book;
1774 2480 1879 2521 signed

1127 2533 1163 2563 T.
1180 2533 1264 2564 Pale.
1289 2533 1339 2564 fol.
1354 2535 1381 2563 6.

1064 2585 1092 2615 d.
1111 2585 1263 2626 Kywydd.
1303 2584 1411 2615 Howel
1431 2584 1534 2624 Llwyd
1550 2594 1585 2613 ar
1601 2583 1686 2613 kant.
1710 2582 1759 2612 fol.
1775 2591 1801 2622 7.

1063 2646 1089 2666 e.
1110 2635 1262 2676 Kywydd.
1294 2635 1420 2676 Dafydd
1437 2645 1476 2674 ap
1490 2633 1640 2663 Edmwnd
1655 2643 1692 2663 ar
1707 2633 1794 2663 kant.
1818 2633 1837 2662 f.
1853 2634 1879 2663 8.

1063 2686 1081 2717 f.
1109 2687 1261 2727 Kywydd.
1301 2686 1406 2726 Tudyr
1422 2685 1501 2714 Aled
1517 2695 1552 2714 ar
1568 2684 1654 2714 kant.
1678 2683 1729 2713 sol.
1746 2693 1793 2714 10.

1061 2747 1090 2777 g.
1109 2736 1261 2777 Kywydd.
1306 2735 1413 2765 Howel
1434 2733 1557 2774 Dafydd
1580 2745 1620 2774 ap
1635 2733 1739 2764 quan
1762 2745 1801 2775 ap
1818 2735 1882 2775 Rys

1124 2798 1159 2817 ar
1175 2787 1261 2818 kant.
1284 2786 1335 2816 fol.
1357 2796 1401 2815 11.

1782 2327 1881 2358 Jeuan
