2254 3117
647 152 709 187 CO
716 152 886 187 LLEGII
914 153 1322 189 LINCOLNIENSIS.
1872 161 1892 195 9

202 247 300 289 Incip.
328 249 504 286 ὰλληλούια,
530 251 639 280 αἰνεῖ-τε
662 250 714 280 τὸν
737 251 807 280 ὄντα
827 250 892 288 ἤιόι
912 250 962 280 τὸν

183 300 298 337 Κύριον.

77 352 126 381 20.
143 350 336 390 Quaestioues
353 351 590 392 nwtaphysicae3
615 352 736 392 imperf.
760 352 810 381 fol.
826 353 893 382 161.

204 401 298 442 lucif).
317 402 347 432 in
364 402 473 435 verbis.
490 404 560 441 -ἡ
577 405 648 433 κατὰ
661 404 813 441 ἄνθρωπον
826 403 859 432 οὐ
876 405 931 442 γὰρ
947 402 962 442 ᾗ

180 454 330 491 ἄνθρωπος
347 453 428 483 ἐστὶν
445 455 533 486 οὕτως
548 455 699 491 βιώσεται.

74 508 124 537 21.
142 507 316 538 Chronicon
342 512 508 538 eventuum
531 509 614 550 apud
642 508 962 550 Constantinopolim3

159 558 285 588 confuso
300 558 417 589 ordine.
441 559 493 589 sol.
511 568 578 598 171.

202 609 301 649 Incip.
334 610 392 640 ἔτει
417 618 468 652 sip.
484 609 503 647 ς’
536 610 666 650 [Christi
691 610 754 641 scil.
776 611 868 651 ¹539]
896 612 963 649 μηνὶ

180 659 292 701 Ἴουνίῳ
318 661 366 698 κβ’
389 662 480 701 ἡμέρᾳ
504 663 620 700 κυριακῇ
641 663 799 701 ἐρχόμενος
820 663 964 701 Γεώργιος

180 712 240 743 υἱὸς
267 713 401 752 Μιχαὴλ,
428 712 525 750 ἱερέως
555 715 605 742 τοῦ
634 716 775 751 βέβλεβα
802 712 848 751 ἐφ’
877 715 963 744 ἵππου

181 763 373 802 ἐγκρέμνισεν
394 763 483 794 αὐτὸν
499 764 545 794 καὶ
562 763 710 794 ἀπέθανεν
727 767 774 802 τῆς
790 766 864 803 ὥρας
881 766 913 794 ἐν
928 765 962 806 τῇ

182 814 380 855 χαμοστέρνᾳ,

157 887 159 889 -
204 865 240 895 In
256 865 348 901 calce,
366 866 479 904 ἐγράφη
494 866 562 903 μηνὶ
579 867 736 907 Αὐγούστῳ
753 880 780 908 λα
791 866 855 907 χς’.

71 921 125 950 22.
143 919 192 950 De
208 924 298 950 terrae
322 920 475 961 partibus,
492 932 597 951 versus
614 921 643 950 in
661 921 748 962 signa
769 921 908 957 Zodiaci,
925 922 963 952 de

161 971 212 1002 xii.
230 971 370 1002 articulis
386 971 466 1002 fidei.
492 972 542 1002 fol.
558 974 614 1011 176
631 973 660 1002 b.

203 1023 399 1064 Scriptitavit
412 1023 443 1053 in
456 1023 570 1064 tegulis
583 1035 741 1064 possessor
753 1024 864 1066 aliquis
880 1026 964 1057 (licta

181 1074 323 1114 quaedam
344 1074 531 1115 sapientum,
548 1080 619 1109 etc„
638 1074 759 1111 deinde,
784 1077 964 1115 ὑπογραφεὶς

181 1125 247 1164 παρ’
264 1126 343 1164 ἡμῶν
369 1128 440 1156 κατὰ
462 1125 495 1156 τὸ
517 1126 600 1168 1ζρκ’
626 1127 689 1158 ἔτος
709 1128 777 1165 μηνὶ
803 1127 913 1158 Ἰουι-ίω
938 1129 962 1159 θ’

181 1177 271 1218 ἡμέρᾳ
297 1176 328 1215 β’
345 1179 397 1208 ῐνδ.
416 1177 471 1216 ιγ’;
508 1188 637 1214 necnon,
663 1178 797 1216 ἐκοιμήθη
820 1179 852 1208 ἐν
872 1181 963 1220 Κυρίῳ

181 1231 285 1260 δοῦλος
299 1230 350 1258 τοῦ
372 1231 452 1260 Θεοῦ
467 1228 638 1260 Παλλάδιος
661 1230 790 1269 μοιάχὸς
811 1231 825 1259 ὁ
846 1243 964 1267 μετονο-

185 1280 310 1317 μασθεὶς
337 1281 498 1318 Παλώμιος
525 1281 556 1310 ἐν
583 1281 641 1310 ἔτει
669 1294 694 1320 λα
705 1294 724 1320 χ
735 1280 759 1314 ς’
790 1280 962 1322 Ὀκτοβρίῳ,

182 1336 245 1362 κ.λ.
264 1331 399 1370 ἐκοιμήθη
415 1332 431 1370 ἡ
448 1333 509 1371 γινί
525 1333 647 1372 Μιχαὴλ
666 1334 882 1373 λΙπαχουμούτη
900 1335 963 1365 ὀνό-

180 1396 248 1420 ματι,
265 1383 402 1421 Μορδίτζι
417 1382 587 1424 Ὀκτωβρίῳ
605 1382 647 1413 κα’
665 1397 689 1412 κ.
703 1388 731 1414 λ,

490 1485 559 1519 XI.

75 1548 196 1582 Codex
215 1548 426 1583 chartaceus,
447 1560 491 1581 ex
511 1548 629 1582 charta
649 1549 818 1594 laevigata,
838 1551 872 1582 in
893 1552 964 1589 4to,

100 1606 133 1640 ff.
150 1609 230 1645 171,
249 1618 315 1640 Sec.
331 1607 400 1639 xvi.
420 1612 603 1644 exaratus:
636 1606 964 1642 Barbara-G'rceeus.

118 1672 147 1701 1.
165 1670 195 1701 S.
210 1670 363 1701 Johannis
380 1669 593 1710 Chrysostomi
612 1670 761 1711 Liturgia.
787 1671 836 1701 fol.
856 1682 880 1702 1.

225 1721 287 1752 Tit.
310 1722 327 1759 ἡ
351 1722 406 1760 θήα
429 1724 587 1760 λητουργιά
612 1725 662 1752 τοῦ
688 1724 720 1752 ἐν
744 1724 836 1761 ἁγίοις
858 1724 966 1762 πατρὸς

205 1773 284 1811 ἡμῶν
297 1772 428 1803 Ἰωάνου.

119 1829 147 1859 2.
166 1827 196 1858 S.
213 1827 320 1858 Basilii
338 1827 449 1868 Magni
468 1827 618 1869 Liturgia.
643 1829 693 1859 fol.
710 1830 757 1860 26.

226 1879 289 1909 Tit.
316 1880 332 1917 ἡ
357 1880 421 1909 θεία
437 1881 603 1918 λειτουργία
624 1882 675 1910 τοῦ
699 1881 730 1910 ἐν
751 1882 843 1919 ἁγίοις
858 1881 966 1919 πατρὸς

204 1931 282 1969 ἡμῶν
300 1932 441 1961 Βασιλίου
457 1933 507 1961 τοῦ
524 1931 665 1970 μεγάλου.

228 1985 375 2026 Sequitur
388 1985 489 2016 oratio
505 1986 535 2015 in
552 1986 668 2027 nuptiis
684 1986 836 2016 habenda.

117 2041 148 2071 3.
168 2040 312 2081 LiturgIa
327 2040 580 2080 προηγιασμένων.
606 2040 656 2070 fol.
671 2042 719 2078 76.

226 2091 289 2122 Tit.
306 2092 322 2130 ἡ
339 2093 403 2122 θεία
418 2092 585 2131 λειτουργία
598 2094 654 2122 τῶν
669 2092 922 2131 προηγιασμένων.

227 2142 326 2182 Incip.
344 2143 530 2174 εἰσελθόντος
545 2145 596 2173 τοῦ
613 2143 709 2181 ἱερέως
725 2144 757 2173 ἐν
772 2145 810 2184 τῷ
827 2145 899 2184 ἁγίῳ
916 2147 963 2174 θυ-

205 2195 373 2235 σιαστηρίῳ.

228 2245 265 2275 In
277 2245 370 2281 calce,
385 2246 414 2275 αἱ
429 2245 503 2275 θείαι
519 2246 602 2275 αὗται
619 2245 674 2283 ἕξις
685 2246 861 2284 λειτουργίαι
877 2246 965 2285 ὑπάρ-

205 2309 278 2336 χουν
295 2299 385 2334 καμοῦ
401 2298 452 2326 τοῦ
467 2298 589 2326 ταπινοῦ
602 2297 807 2335 μιτροπολίτου
823 2309 865 2328 τις
880 2298 965 2336 ἁγιω-

204 2347 283 2379 τάτις
305 2348 504 2386 μιτροπόλεως
530 2348 651 2379 Γοτθίας
678 2348 798 2385 ἁνθίμου
824 2348 886 2380 υἱὸς
910 2352 965 2379 Γα-

205 2399 294 2437 βριὴλ
311 2397 460 2438 ἀρχιερέος
476 2400 507 2428 ἐκ
519 2399 614 2438 χώρας
629 2399 732 2430 πεσίας
748 2399 804 2428 ἀπὸ
821 2412 863 2431 τις
879 2401 965 2439 ἐπαρ-

204 2451 271 2490 χίας
287 2450 391 2486 Λίτζας
407 2450 454 2480 καὶ
469 2449 612 2488 ἀγράφων
629 2451 674 2480 καὶ
691 2451 749 2481 ὅτις
764 2450 796 2480 τὸ
812 2450 879 2487 ἀπὸ,
898 2465 922 2481 κ.
935 2456 963 2481 λ.

121 2507 149 2536 4.
166 2505 307 2536 Officium
321 2505 352 2535 in
368 2505 594 2536 Beatitudines.
618 2505 668 2534 fol.
687 2516 727 2544 94
743 2505 772 2535 b.

228 2556 290 2587 Tit.
307 2557 341 2598 τῇ
358 2558 477 2597 δευτέρᾳ
499 2557 678 2595 μακαρισσοί
701 2558 740 2587 εἰς
761 2557 812 2594 τὴν
833 2562 963 2596 λειτουρ-

205 2608 283 2646 γίαν.

228 2658 326 2700 Incip.
344 2659 397 2696 τὴν
412 2657 513 2698 φωνήν
529 2670 577 2687 σοι
592 2657 789 2697 προσάγομεν.

121 2715 150 2744 5.
168 2713 310 2744 Officium
326 2717 376 2744 τοῦ
391 2715 492 2752 μικροῦ
508 2714 663 2752 ἆγιασμοῦ.
688 2713 739 2743 fol.
756 2723 811 2754 ¹30
827 2715 856 2745 b.

207 2764 268 2796 Tit.
285 2765 443 2795 ἀκολουθία
459 2766 508 2793 τοῦ
523 2765 625 2802 μικροῦ
639 2764 794 2802 ἁγιασμοῦ.

1140 251 1240 293 Incip.
1258 253 1275 290 ἠ
1292 253 1324 283 τὸ
1340 253 1422 293 χαίρε
1439 253 1472 283 δι’
1490 253 1619 292 ἀγγέλου
1635 253 1785 291 δοξαμένη.

1034 301 1063 331 6.
1080 302 1166 332 Ordo
1189 303 1409 339 observandus,
1437 304 1460 334 si
1487 304 1554 345 quis
1580 305 1610 334 in
1634 304 1734 335 locum
1759 304 1892 345 aliquem

1098 352 1251 393 impurum
1268 355 1417 385 inciderit.
1444 355 1493 385 fol.
1514 366 1579 393 141.

1140 404 1201 435 Tit.
1219 406 1296 443 τάξις
1312 406 1450 445 γινομένη
1466 408 1491 436 εἰ
1508 409 1605 444 συμβῆ
1622 407 1726 445 μιαρὸν
1741 405 1757 444 ἦ
1773 406 1895 445 ἀκάθαρ-

1119 467 1170 485 τον
1186 468 1228 487 τις
1244 457 1418 495 προσφάτως
1440 459 1579 494 ἐμπεσεῖν
1593 457 1609 495 ἦ
1626 459 1666 489 εἰς
1682 459 1803 497 ἀγγεῖον
1819 459 1896 488 οἴκου

1119 505 1135 543 ἢ
1152 507 1260 537 ἐλαίου.

1142 556 1239 598 Incip.
1257 559 1312 597 χρὴ
1328 558 1360 588 τὸ
1377 559 1505 597 ἐμπεσὸν
1522 559 1694 597 ἀκάθαρτον.

1036 611 1063 642 ’7.
1088 611 1196 641 Officia
1226 613 1286 642 duo
1316 613 1378 644 alia
1408 625 1537 654 quorum
1566 613 1651 644 tituli
1678 618 1710 644 ot
1733 614 1822 645 initia
1852 626 1900 645 se·

1100 667 1220 702 quuutu
1229 674 1244 692 r
1257 676 1263 700 3

1142 727 1167 744 α.
1185 715 1342 745 ἀκολουθία
1367 716 1543 755 ψαλλομένη
1566 718 1599 758 τῇ
1622 717 1736 755 μεγάλῃ
1757 730 1777 754 μ
1792 741 1797 746 .
1813 741 1818 746 .
1834 741 1841 747 .
1855 741 1862 748 .
1877 718 1892 754 ᾖ

1206 767 1253 795 ὅτε
1269 767 1409 803 βούλεται
1425 780 1465 798 τις
1481 767 1599 805 ποιήσαι
1614 767 1859 807 προηγιασμένην.

1228 816 1322 857 Incip.
1340 817 1391 854 τὴν
1406 818 1599 855 πνευματικὴν
1615 819 1760 856 νηστείαν.

1141 870 1172 904 β.
1190 867 1316 904 διάταξις
1338 870 1386 905 τῆς
1410 870 1488 900 θείας
1511 870 1689 908 λειτουργίας
1712 871 1744 900 ἐν
1759 868 1776 911 ᾗ
1793 870 1838 900 καὶ
1863 872 1899 900 τὰ

1207 919 1362 949 διακονικά.
1388 919 1439 949 fol.
1456 922 1522 959 165.

1228 968 1325 1010 Incip.
1342 969 1458 1007 μέλλων
1474 971 1489 999 ὁ
1507 971 1596 1009 ἱερεὺς
1610 972 1661 1009 τὴν
1677 973 1766 1002 θείαν.

1418 1070 1506 1104 XII.

1015 1133 1135 1167 Codex
1155 1133 1367 1172 chartaceus,
1387 1146 1430 1166 ex
1450 1133 1568 1168 charta
1595 1134 1760 1180 laevigata,
1775 1136 1809 1168 in
1829 1138 1897 1169 4-ῒο-

1040 1190 1074 1224 ff.
1091 1193 1174 1229 422,
1209 1202 1298 1224 anno
1322 1193 1427 1229 1599,
1456 1203 1560 1224 manu
1592 1191 1772 1236 Seraphim
1803 1193 1899 1237 cujus

1039 1249 1117 1281 (hun
1138 1249 1180 1281 de
1198 1249 1354 1292 scriptus.

1056 1309 1212 1339 Johannis
1237 1309 1362 1340 Climaoi
1390 1309 1480 1339 Scala
1513 1309 1666 1345 paradisi,
1697 1309 1816 1350 praeviis
1841 1309 1896 1339 Jo-

1080 1360 1190 1390 hannis
1217 1360 1461 1390 Rhaithuncnsis
1488 1360 1619 1401 epistola
1646 1360 1774 1400 aliisque
1803 1360 1899 1401 prole-

1079 1411 1218 1451 gomenis
1235 1411 1317 1441 haud
1335 1411 1477 1441 insolitis.

1121 1462 1183 1492 Tit.
1196 1462 1214 1492 ἰ,
1231 1464 1268 1503 τῷ
1285 1461 1511 1502 ὑπερφυεστάτῳ
1525 1462 1570 1492 καὶ
1585 1462 1733 1503 ἰσαγγέλῳ
1749 1463 1835 1500 πατρὶ
1847 1475 1899 1492 πα-

1100 1517 1174 1551 τρῶν
1199 1514 1243 1543 καὶ
1268 1512 1434 1553 διδασκάλῳ
1456 1514 1493 1553 τῷ
1516 1513 1587 1551 ὑπὲρ
1610 1514 1679 1543 λίαν
1695 1515 1710 1543 ὁ
1734 1513 1902 1551 ἁμαρτωλὸς

1101 1564 1237 1601 Ἰωάννης
1252 1567 1301 1601 τῆς
1314 1563 1431 1594 Ῥαϊθοῦ
1446 1564 1613 1602 ἡγούμενος.

1124 1615 1260 1645 Exstant
1277 1615 1381 1645 omnia
1397 1615 1558 1655 impressa,
1575 1614 1605 1644 in
1622 1614 1705 1651 folio,
1721 1614 1769 1644 ed.
1787 1614 1897 1645 Rader.

1107 1668 1194 1707 1633.

1124 1717 1162 1747 In
1178 1717 1269 1753 calce,
1286 1717 1440 1754 ἐτελειώθη
1463 1716 1495 1745 τὸ
1516 1716 1610 1754 παρὸν
1631 1717 1755 1754 βιβλίον
1774 1717 1805 1746 τὸ
1829 1717 1899 1746 ἐπω-

1102 1769 1297 1807 νομαζόμενον
1315 1768 1418 1805 κλίμαξ
1442 1768 1488 1797 ἐπὶ
1514 1767 1595 1798 ε”τους
1610 1766 1690 1808 Ιζρζ
1708 1768 1761 1797 ἰνδ.
1779 1766 1818 1805 ιβ’
1833 1768 1900 1805 μηνὶ

1100 1820 1208 1860 μαρτίῳ
1233 1819 1274 1858 κγ’
1298 1818 1390 1858 ἡμέρᾳ
1408 1819 1586 1859 παρασκεύῃ,
1604 1818 1846 1857 ἡγουμενεύοντος
1867 1820 1897 1849 δὲ

1100 1870 1233 1909 Ἰωασῖιφ
1253 1871 1444 1909 ἱερομοναχοῦ
1465 1871 1515 1898 τοῦ
1539 1870 1571 1899 ἐν
1595 1871 1632 1910 τῷ
1653 1870 1834 1910 μοναστηρίῳ
1851 1871 1899 1899 τοῦ

1101 1923 1185 1960 ἁγίου
1198 1922 1314 1958 ἐνδόξου
1330 1920 1479 1959 προφήτου
1495 1921 1657 1958 προδρόμου
1673 1921 1899 1957 καὶβαπτισθοιῗ

1100 1972 1224 2002 Ἰωάνιά
1236 1974 1286 2002 τοῦ
1302 1972 1334 2001 ἐν
1349 1972 1387 2012 τῷ
1405 1972 1457 2012 ὕρῃ
1473 1973 1511 2012 τῷ
1527 1971 1637 2010 Χλοβῲ
1654 1971 1698 2000 καὶ
1715 1971 1741 2000 οἱ
1757 1971 1897 2009 ἀναγινώ-

1101 2036 1221 2055 σκοντες
1237 2023 1375 2062 εὔχεσθαι
1391 2023 1461 2060 ὑπὲρ
1479 2023 1546 2059 ἐμοῦ
1562 2024 1611 2051 τοῦ
1628 2021 1702 2051 τάλα
1718 2022 1855 2060 σεραφίμ.

1412 2127 1518 2160 XIII.

1017 2193 1238 2231 Chartaceus,
1258 2192 1292 2224 in
1313 2193 1382 2227 4t0,
1402 2190 1437 2223 ff.
1454 2189 1533 2227 186,
1552 2200 1618 2221 sec.
1638 2188 1707 2221 xvi.
1727 2188 1896 2223 ineuntis:

1041 2263 1130 2285 anno
1146 2248 1240 2287 1569
1260 2247 1590 2294 peculiumAndreae
1610 2246 1668 2290 Hy
1685 2272 1691 2278 .
1707 2273 1713 2279 .
1731 2272 1737 2278 .

1062 2311 1088 2341 1.
1106 2309 1248 2350 Epistola
1263 2307 1431 2338 inventoris
1446 2305 1644 2346 epistolarum
1661 2304 1825 2341 Dorothei,
1848 2315 1896 2335 ar-

1123 2359 1336 2390 chimandritae
1350 2357 1533 2394 Palfrstinae,
1545 2356 1575 2386 in
1588 2367 1648 2396 qua
1664 2355 1730 2386 laus
1746 2355 1896 2386 Dorothei

1122 2416 1154 2442 et
1170 2410 1309 2441 narratio
1325 2409 1394 2440 vitm
1411 2407 1563 2438 Dosithei.
1591 2406 1641 2436 fol.
1660 2416 1683 2435 1.

1164 2462 1225 2493 Tit.
1256 2460 1443 2492 διδασκαλεία
1474 2458 1519 2488 καὶ
1545 2459 1651 2495 ποίημα
1678 2459 1727 2487 τοῦ
1756 2459 1895 2495 μακαρίου

1144 2512 1305 2552 Δωροθέου.

1164 2564 1306 2600 ἐπιστολὴ
1340 2561 1410 2600 πρὸς
1439 2560 1489 2589 τὸν
1519 2560 1735 2589 ἀποστείλαντα
1765 2559 1894 2598 ἀδελφὸν

1142 2617 1308 2654 πεμφθῆναι
1335 2612 1409 2652 αὐτῷ
1437 2610 1500 2642 τοὺς
1528 2609 1694 2648 εὑρεθέντας
1719 2610 1825 2648 λόγους
1847 2613 1897 2641 τοῦ

1142 2667 1225 2706 ἁγίου
1251 2664 1358 2703 πατρὸς
1387 2663 1469 2700 ἇββᾶ
1495 2659 1648 2699 Δωροθέου
1675 2660 1729 2690 σὺν
1756 2661 1896 2699 ἐγκωμίου

1142 2717 1204 2755 ἤτοι
1223 2717 1291 2754 βίου
1313 2715 1398 2744 αὐτοῦ
1415 2713 1447 2742 ἐν
1470 2712 1599 2753 ἐπιτομῇ,
1625 2711 1670 2741 καὶ
1687 2710 1817 2750 διήγησις
1832 2713 1897 2751 περὶ

1141 2770 1191 2797 τοῦ
1207 2767 1289 2803 ἆββᾶ
1306 2764 1466 2795 Δωσιθέου.

1215 2821 1234 2844 C
