2254 3117
353 176 398 211 74
900 167 1026 202 CATA
1034 166 1197 201 LOGUS
1222 165 1452 200 CODICUM
1482 165 1588 198 MSS.

394 269 423 300 6.
444 269 575 299 Lectura
593 268 624 298 in
639 265 805 297 Rubricam
820 263 1095 300 Clementinarum,
1111 263 1158 294 De
1174 274 1221 294 ce-

457 319 624 350 lebratione
640 317 748 352 missae,
765 319 823 346 etc.
846 314 896 345 fol.
913 324 982 345 100.

498 370 593 410 Incip.
619 368 769 408 “Regum
791 369 822 396 et
844 365 1067 406 prophetarum
1090 364 1219 395 eximius

477 420 576 451 David
593 419 734 449 inducere
749 416 880 447 volens?

393 481 421 510 7.
440 479 604 508 Tractatus
616 476 667 517 qui
679 475 802 512 dicitur,
813 474 992 505 Consolatio
1003 474 1218 510 Peccatorum,

453 529 514 558 sive
534 527 640 563 Belial,
663 530 790 557 auctore
804 526 826 556 J
829 526 925 556 acobo
946 526 984 556 de
1000 525 1137 562 Tarenis,
1157 525 1218 555 sive

453 577 615 612 Theramo,
632 575 777 606 canonico
794 575 950 616 Aprutini.
974 574 1023 604 fol.
1040 576 1106 605 108.

495 627 556 657 Tit.
574 633 591 642 ‘¹
606 626 720 667 Incipit
736 630 891 657 tractatus
902 629 1028 656 vocatus
1042 625 1219 656 Consolatio

474 678 708 708 Peccatorum.'’
1249 700 1251 717 s

496 729 618 770 Incipit,
636 735 653 743 “
666 728 826 759 Universis
849 727 942 758 servis
963 727 1102 758 fidelibus
1125 731 1218 767 atque

473 781 645 810 orthodoxe
661 784 766 810 sancte
782 779 891 809 matris
911 778 1035 808 ecclesie
1050 777 1218 808 cultoribus

473 831 530 861 hoc
556 831 648 861 breve
674 829 886 871 compendium
910 829 1112 869 inscripturus
1136 839 1218 867 pres-

473 882 553 912 bit-er
580 881 602 911 J
605 881 718 912 acobus
750 881 788 911 de
817 880 956 916 Tarenis,
986 879 1218 909 archidiaconus

473 933 673 963 Adversanus
702 935 734 962 et
763 931 926 961 canonicus
953 930 1104 970 Apulinus
1130 934 1161 959 ct
1188 929 1216 958 in

470 985 539 1025 jure
572 983 718 1014 canonico
750 983 856 1014 Padue
886 982 1102 1022 discipulorum
1133 980 1217 1010 mini-

472 1034 568 1064 muss'

495 1084 609 1115 Exstat
632 1084 768 1125 impress.
786 1084 866 1125 Aug.
888 1094 943 1124 per
961 1083 980 1112 J
983 1082 1031 1112 oh.
1049 1081 1218 1117 Sclmssler,

478 1144 566 1174 1472.

496 1187 533 1215 111
546 1185 636 1222 calce,
651 1191 668 1200 “
684 1185 820 1226 Explicit
836 1189 989 1215 tractatus
1003 1188 1127 1213 vocatus
1140 1184 1217 1213 Con-

474 1236 586 1267 solacio
607 1240 813 1277 peccatorum,
829 1236 904 1266 alias
926 1234 1020 1265 Belial
1042 1236 1086 1263 vel
1110 1236 1217 1263 contra

474 1286 598 1317 Belial.”

389 1348 417 1375 S.
436 1346 570 1384 Quaestio
586 1347 615 1376 in
632 1346 761 1377 materia
777 1344 973 1375 confessionis
989 1345 1019 1374 in
1039 1345 1103 1373 foro
1120 1343 1214 1383 poeni-

453 1396 581 1426 tentiali.
606 1396 654 1425 sol.
674 1405 740 1435 152.

498 1446 593 1486 Incip.
606 1452 623 1460 “
635 1445 790 1485 Numquid
803 1445 957 1475 consessus
966 1443 1054 1474 fratri
1067 1442 1217 1474 tenetur.”

391 1510 419 1540 9.
437 1509 606 1538 Tractatus
636 1509 673 1538 de
703 1508 800 1538 modis
825 1507 972 1548 arguendi
1000 1507 1029 1537 in
1053 1507 1131 1547 jure.
1166 1507 1215 1536 fol.
1247 1518 1249 1542 ι

458 1569 466 1588 1
474 1569 512 1599 53
528 1559 554 1588 Ι).

496 1610 592 1650 Incip.
611 1616 627 1624 ‘¹
643 1609 721 1648 Quia
737 1609 860 1649 quidam
880 1613 951 1639 sunt
971 1609 1052 1638 modi
1069 1609 1217 1649 arguendi

474 1661 595 1700 injure,
612 1661 680 1691 ideo
697 1661 734 1690 de
749 1660 796 1690 his
812 1660 991 1700 quosdam.'’

372 1725 419 1753 10.
438 1724 582 1754 Manuale
595 1723 782 1758 Juridiciale,
797 1734 848 1753 seu
861 1723 966 1753 forma*
979 1725 1068 1754 varim.
1080 1723 1214 1764 juridici-

451 1775 512 1805 ales
523 1780 646 1805 auctore
657 1775 730 1805 Joh.
743 1775 780 1804 de
792 1774 860 1804 Deo
871 1775 981 1805 Gratia
993 1787 1000 1808 ς
1018 1775 1106 1805 initio
1117 1774 1216 1805 mutil.

453 1826 502 1855 fol.
522 1836 529 1855 1
537 1836 585 1866 59.

496 1876 592 1916 Incip.
616 1876 645 1905 in
666 1887 732 1916 cap.
756 1876 824 1906 ‘Do
846 1876 946 1916 operis
969 1876 1218 1917 dispensacffine}

474 1928 503 1957 in
521 1927 628 1961 verbis,
648 1927 749 1956 “licet
770 1931 923 1957 tractatus
944 1927 1218 1957 instrumentorum

475 1978 504 2008 in
523 1978 637 2018 Ytalye
653 1977 792 2018 partibus
808 1978 976 2007 necessario
992 1978 1032 2008 sit
1048 1977 1205 2008 diffusus.”

496 2029 599 2059 Desin.
625 2034 641 2043 ‘¹
656 2033 686 2059 et
709 2029 764 2058 hec
787 2028 938 2058 sufficiant
964 2029 1003 2059 ad
1028 2039 1152 2069 presens
1177 2029 1217 2059 ad

474 2081 620 2110 honorem
637 2079 828 2109 Trinitatisf*

498 2131 534 2160 In
547 2130 637 2166 calce,
653 2136 669 2145 ‘⁸
684 2130 818 2171 Explicit
834 2130 910 2160 liber
922 2131 1026 2171 judicii
1039 2143 1057 2161 a
1070 2131 1218 2172 magistro

473 2180 504 2210 J.
521 2181 558 2210 de
577 2181 643 2210 Deo
659 2180 869 2220 compilatus?

370 2245 416 2273 11.
433 2243 586 2274 <Iohannis
618 2244 754 2274 Andreae
788 2243 998 2280 Bononiensis,
1033 2255 1085 2274 seu
1117 2244 1219 2284 potius

452 2295 605 2324 Johannis
636 2295 843 2335 Angiusciola,
877 2295 1053 2331 Caesenatis,
1093 2295 1219 2325 Summa

454 2357 544 2386 super
560 2351 703 2385 quartum
720 2346 828 2375 librum
844 2345 1060 2376 Dccretalium.
1085 2346 1135 2375 fol.
1153 2348 1217 2376 182.

499 2395 610 2425 Exstat
631 2395 765 2435 impress.
784 2395 813 2424 in
831 2395 934 2425 Tract.
953 2395 1043 2425 Univ.
1061 2396 1128 2426 Jur.
1145 2403 1217 2426 tom.
1247 2402 1249 2426 ἓ

474 2445 514 2474 ix.
536 2445 583 2474 fol.
602 2456 626 2475 Ζ.

498 2497 534 2525 In
555 2497 646 2533 calce,
668 2503 684 2511 ‘¹
701 2497 834 2537 Explicit
851 2508 969 2526 summa
984 2498 1035 2527 ιῘο.
1051 2499 1110 2527 An.
1128 2508 1219 2538 super
1246 2513 1248 2534 ς

474 2552 584 2587 quarto
601 2548 678 2577 libro
696 2548 933 2578 Decretaliuui.”
972 2572 976 2575 .

374 2610 417 2637 12.
436 2610 626 2647 Ωιι-«1131101103
642 2621 746 2650 paucae
760 2610 956 2649 juridicialcs.
980 2611 1030 2640 fol.
1051 2611 1115 2650 185.

498 2660 592 2700 lncip.
610 2660 627 2690 i.
647 2666 663 2675 ¹¹
680 2661 762 2690 (fix-is
778 2662 960 2691 Oxoniensis
983 2665 1102 2701 partem
1123 2661 1217 2701 predii

472 2710 562 2747 juxta
584 2721 686 2740 muros
709 2711 841 2740 civitatis
864 2711 1024 2740 existentis
1046 2721 1105 2740 non
1127 2713 1218 2741 fossa·
1246 2733 1249 2753 ¹,

479 2765 540 2789 tam
558 2760 613 2789 sub
633 2761 860 2801 fidejussoribus
876 2761 911 2790 T.
929 2760 1095 2791 ve1uli‹lit.”

1293 264 1342 294 13.
1366 263 1412 293 De
1430 261 1643 303 jurisdictione
1665 260 1800 290 omnium
1817 260 1966 301 judicum,
1990 262 2141 303 praecipue

1376 324 1413 343 ex
1432 312 1539 343 Barth.
1556 310 1696 352 [Bartolo
1709 310 1746 341 de
1760 310 1989 352 Saxoferrato'ff]
2006 312 2141 343 collecta.

1376 363 1426 393 fol.
1444 364 1510 393 188.

1295 420 1342 450 14.
1362 419 1495 449 Lectura
1510 418 1548 448 de
1563 416 1774 447 satisdatione.
1798 416 1848 446 fol.
1865 425 1934 446 201.

1421 470 1516 510 Incip.
1546 467 1718 498 “volvatis
1743 468 1782 498 ad
1809 468 1963 498 rubricam
1990 468 2028 498 de
2051 469 2140 499 satis-

1397 520 1499 550 ‹lando
1515 519 1661 548 situatam
1678 518 1708 548 in
1724 517 1830 548 libro.”

1293 580 1341 610 15.
1358 579 1407 609 De
1422 578 1538 609 alendis
1554 577 1657 607 liberis
1673 581 1704 608 et
1719 577 1908 618 parentibus.
1931 578 1982 608 fol.
1998 580 2067 609 206.

1420 629 1515 669 Incip.
1535 634 1553 643 “
1568 628 1698 658 Necesse
1714 629 1794 669 quod
1811 628 1889 658 filius
1908 629 2141 660 necessitatibus

1396 680 1494 720 patris
1510 690 1686 709 succurrere
1702 679 1826 709 debetss’

1293 743 1340 773 16.
1362 743 1408 773 De
1420 740 1660 781 (liscordiajuris
1671 740 1765 770 civilis
1777 744 1809 771 et
1822 740 1968 771 canonici.
1986 741 2034 770 fol.
2051 742 2118 770 208.

1419 793 1514 833 Incip.
1533 798 1551 806 “
1564 791 1726 822 Discordia
1744 796 1791 822 est
1813 792 2004 832 quandoque,
2022 791 2082 821 sive
2098 792 2141 821 di—

1396 843 1536 878 versitas,
1559 842 1640 872 inter
1659 842 1710 882 jus
1736 842 1915 872 canonicum
1937 846 1968 872 ct
1992 842 2088 878 civile,
2110 846 2142 872 et

1397 894 1467 924 licet
1483 904 1572 923 casus
1587 893 1726 933 singuli.”

1293 955 1342 985 17.
1361 953 1518 983 Brocarda
1537 952 1615 993 juris
1638 952 1774 982 canonici
1798 956 1829 982 et
1856 952 1950 982 civilis
1977 953 2142 983 secundum

1377 1005 1412 1035 R.
1432 1004 1596 1046 [119131οὲ]
1620 1003 1670 1033 fol.
1686 1013 1754 1034 212.

1420 1055 1516 1096 Incip.
1535 1061 1552 1070 ‘¹
1567 1054 1717 1093 Quoniam
1735 1054 1898 1084 secundum
1918 1054 1997 1093 juris
2012 1054 2142 1084 varieta-

1397 1110 1459 1136 tem
1484 1105 1513 1134 in
1538 1105 1641 1135 multis
1666 1104 1803 1134 imminet
1826 1104 1977 1134 corrcccio
2003 1104 2141 1134 facienda

1397 1157 1505 1187 iccirco
1521 1157 1595 1196 ego⁵⁵
1612 1180 1618 1186 .
1636 1180 1642 1185 .
1660 1181 1666 1186 .
1684 1181 1690 1186 .

1422 1209 1455 1238 ln
1476 1208 1576 1237 fronte
1597 1207 1718 1243 codicis,
1738 1212 1755 1221 “
1771 1206 1862 1236 Liber
1878 1206 1914 1235 R.
1933 1205 2033 1236 Heete
2049 1206 2141 1246 precii

1398 1259 1486 1299 xiijs
1512 1258 1625 1299 iiij.‹l.‚”
1655 1262 1685 1288 et
1716 1262 1834 1298 postea,
1867 1263 1884 1272 “
1904 1257 1996 1286 Liber
2025 1257 2141 1297 collegii

1397 1311 1487 1341 beate
1515 1311 1615 1340 Mai-ie
1642 1310 1794 1350 XVynton.
1821 1309 1851 1338 in
1876 1309 1972 1339 Oxou.
1998 1320 2035 1338 ex
2062 1309 2142 1338 dono

1397 1362 1476 1392 Rob.
1498 1362 1610 1393 Heete.
1635 1371 1732 1401 nuper
1752 1360 1824 1389 socii
1847 1360 1970 1396 ibidem,
1993 1360 2031 1389 acl
2056 1370 2143 1389 usum

1396 1413 1524 1453 alicujus
1540 1412 1612 1442 socii
1638 1412 1745 1452 legiste
1764 1411 1838 1441 dicti
1861 1410 1976 1451 collegii
1993 1411 2065 1440 dum
2082 1418 2142 1441 ste—

1397 1465 1470 1495 terit
1497 1465 1526 1494 in
1558 1464 1674 1498 eodem,
1700 1463 1865 1492 secundum
1892 1461 2081 1492 voluntatem
2111 1466 2142 1492 et

1397 1516 1611 1546 discretionem
1636 1514 1772 1545 custodis
1790 1513 1836 1543 vel
1860 1513 1889 1543 in
1913 1513 1978 1553 ejus
2000 1513 2142 1543 absencia

1397 1567 1611 1598 vice-custodis
1628 1565 1756 1607 predicti
1773 1565 1919 1605 collegii.”

1623 1659 1791 1693 CXCIII.

1270 1719 1387 1753 Codex
1415 1718 1704 1756 membranaceus,
1731 1717 1764 1749 in
1792 1719 1851 1749 4t0
1874 1717 2008 1755 minori,
2032 1715 2066 1750 ff.
2085 1718 2141 1754 51,

1294 1788 1359 1810 sec.
1380 1777 1456 1815 xiv„
1476 1776 1562 1808 binis
1584 1774 1752 1807 columnis
1778 1778 1956 1814 exaratus3
1983 1774 2062 1807 olim
2083 1773 2142 1806 Jo-

1294 1835 1415 1868 hannis
1435 1834 1538 1866 Frire.

1312 1895 1408 1925 Casus
1425 1893 1632 1924 Decretalium
1648 1892 1719 1921 libb.
1733 1891 1751 1921 i.
1768 1895 1798 1921 et
1815 1891 1844 1921 ii.
1863 1892 2038 1922 summatim
2062 1902 2139 1922 com-

1333 1944 1418 1985 pilati
1439 1943 1604 1973 secundum
1625 1942 1806 1982 magistrum
1826 1941 2015 1972 willelmum
2032 1943 2069 1972 de
2085 1943 2140 1972 Ca-

1334 2000 1405 2025 neto
1419 1995 1455 2034 [3]
1476 1994 1669 2034 Papiensem,
1685 1993 1797 2034 praevio
1813 1993 1947 2035 prologo.

1378 2045 1475 2086 Incip.
1503 2045 1578 2086 prol.
1608 2044 1718 2074 “Cum
1745 2044 1785 2074 ab
1809 2044 1899 2074 inicio
1925 2045 2029 2074 mundi
2058 2044 2140 2074 Deus

1354 2100 1443 2136 pater
1464 2095 1625 2125 formando
1646 2094 1798 2125 hominem
1820 2094 1951 2135 primum
1972 2095 2068 2135 legem
2085 2095 2140 2124 sibi

1354 2146 1504 2177 dede1·it.”

1376 2197 1471 2238 Incip.
1485 2208 1569 2238 opus.
1585 2203 1602 2211 ‘¹
1615 2196 1800 2237 Gregorius;
1823 2196 1920 2227 Casus
1935 2196 2014 2226 hanc
2030 2197 2140 2237 episto-

1354 2249 1413 2278 lam
1430 2259 1490 2288 qua
1506 2247 1709 2278 decretalibus
1726 2248 1853 2278 mandat
1871 2247 2011 2277 dominus
2028 2249 2140 2288 papa.''

1377 2300 1479 2330 Desin.
1507 2300 1650 2329 “factam
1674 2311 1693 2329 a
1715 2299 1863 2339 superiori
1890 2299 2025 2329 inferiori
2048 2299 2140 2339 juris-

1354 2350 1448 2381 dictio
1466 2375 1470 2380 .
1489 2375 1495 2381 .
1514 2375 1520 2381 .
1538 2375 1544 2381 .
1561 2351 1740 2391 prefertur.''

1377 2402 1412 2431 In
1436 2402 1527 2437 ealce,
1549 2413 1636 2431 memet
1657 2402 1818 2437 recensuri,
1839 2407 1856 2416 ‘¹
1871 2401 2005 2441 Explicit
2027 2402 2139 2432 Casua-

1356 2452 1434 2481 rium
1455 2463 1546 2492 snper
1567 2452 1664 2492 primo
1685 2456 1716 2481 et
1739 2452 1871 2482 secundo
1892 2451 1976 2481 libris
1994 2452 2139 2482 Decreta-

1354 2503 1426 2532 lium
1450 2503 1614 2532 secundum
1638 2503 1885 2543 compilacionem
1907 2499 2047 2543 magistri
2062 2502 2140 2532 Wil-

1354 2553 1433 2584 lelmi
1445 2554 1482 2584 dc
1495 2554 1653 2594 Canet0[1]
1667 2553 1827 2594 I'apiensis
1837 2564 1872 2583 ac
1885 2553 2021 2583 canonici
2034 2554 2140 2594 papef*

1625 2643 1786 2678 CXCIV.

1272 2701 1490 2740 chartaceus,
1518 2702 1551 2734 in
1582 2701 1672 2739 folio,
1704 2701 1737 2734 ff.
1762 2704 1842 2741 300,
1870 2713 1935 2735 sec.
1955 2713 2022 2740 xv„
2053 2700 2139 2733 binis

1297 2759 1463 2792 columnis
1481 2760 1635 2802 scriptus.
