2254 3117
514 393 1115 460 LECTORI
1224 396 1287 459 S.

79 763 356 821 CODICUM
398 793 521 819 manu
561 785 828 824 exaratorum,
861 776 930 830 qui
972 776 1013 815 in
1054 774 1319 815 Bibliothecis
1355 776 1627 829 Collegiorum
1666 780 1787 828 atque

80 860 278 901 Aularum
311 860 605 900 Oxoniensium
640 858 831 899 custoditi
869 863 975 903 sunt,
1009 856 1132 895 index
1170 855 1322 909 publici
1353 856 1457 909 juris
1492 856 1620 895 factus
1654 862 1713 894 est
1746 855 1785 894 in

79 948 98 963 “
118 940 312 993 Catalogo
342 939 714 993 Manuscriptorum
747 937 906 991 Angliae
941 943 982 977 et
1012 936 1252 976 Hiberniae”
1283 937 1352 989 qui
1388 936 1539 990 prodiit
1573 935 1719 975 Oxonii
1753 949 1785 974 a.

86 1023 197 1072 1697,
226 1021 385 1060 duobus
415 1019 688 1059 voluminibus
718 1019 857 1058 formae
887 1018 1085 1057 maximae.
1147 1018 1286 1061 Quum
1315 1031 1408 1056 vero
1439 1017 1513 1056 iste
1542 1015 1643 1055 liber
1671 1016 1790 1055 hodie

79 1101 121 1140 in
143 1099 320 1139 tabernis
343 1098 654 1152 bibliopolarum
679 1113 842 1152 perraro
867 1104 1105 1152 compareat,
1126 1104 1167 1137 et
1187 1104 1383 1151 praeterea
1406 1096 1547 1136 multis
1570 1096 1792 1135 defectibus

80 1180 244 1225 laboret,
278 1180 430 1233 quippe
464 1180 533 1233 qui
569 1180 752 1219 codicum
792 1180 968 1221 indolem
1005 1187 1046 1220 et
1080 1186 1240 1219 aetatem
1283 1192 1492 1232 nunquam
1529 1183 1714 1231 exponat,
1750 1178 1790 1216 in

80 1262 321 1315 scriptorum
362 1260 493 1300 titulis
537 1260 776 1300 exhibendis
818 1275 962 1314 parum
1001 1259 1220 1314 diligenter
1259 1266 1438 1299 versatus
1481 1259 1542 1305 sit,
1582 1257 1792 1311 multaque

80 1343 243 1382 omittat
269 1356 348 1381 non
377 1342 462 1381 sine
486 1356 634 1395 magno
660 1342 716 1381 rei
742 1340 950 1381 litterariae
975 1341 1188 1395 dispendio
1213 1340 1255 1379 in
1280 1339 1496 1393 praeteritis
1517 1338 1793 1391 relinquenda,

80 1436 212 1476 operae
245 1422 422 1476 pretium
453 1422 690 1461 videbamur
722 1422 878 1469 facturi,
908 1422 939 1461 si
971 1422 1147 1462 eundem
1182 1423 1295 1461 novis
1329 1422 1434 1461 curis
1470 1422 1794 1464 instauraremus,

82 1503 138 1541 ita
158 1510 206 1541 ut
225 1515 346 1555 prava
372 1501 626 1541 emendando
647 1508 689 1541 et
708 1516 800 1555 quae
820 1502 1052 1542 defecerant
1073 1502 1300 1556 supplendo
1326 1502 1601 1541 studiosorum
1623 1513 1795 1540 commo-

81 1584 288 1630 ditatibus,
309 1583 443 1637 quoad
464 1585 550 1636 ejus
571 1583 658 1622 fieri
681 1590 825 1636 posset,
845 1585 1151 1638 prospiceretur.
1206 1583 1352 1636 Itaque
1378 1581 1630 1635 perlustratis
1654 1579 1794 1619 sedulo

82 1662 419 1703 bibliothecarum
448 1662 590 1702 forulis
619 1663 774 1702 codices
803 1678 941 1703 omnes
973 1664 1109 1704 denuo
1143 1663 1400 1709 excussimus,
1429 1676 1474 1701 ac
1506 1660 1670 1701 tandem
1704 1665 1793 1712 post

81 1745 280 1784 denorum
301 1759 500 1784 annorum
521 1745 737 1784 decursum
757 1744 903 1784 laboris
924 1745 1049 1784 nostri
1074 1745 1251 1784 fructum
1274 1744 1314 1783 in
1336 1743 1468 1783 lucem
1490 1742 1743 1796 proferimus.

164 1825 288 1866 Nunc
318 1841 446 1880 pauca
476 1833 631 1867 restant
659 1827 710 1866 de
740 1825 918 1866 instituti
949 1825 1075 1865 nostri
1111 1825 1266 1864 ratione
1299 1824 1511 1864 monenda.
1571 1822 1620 1861 In
1656 1821 1796 1875 primis

82 1907 207 1959 igitur
227 1920 390 1960 operam
411 1907 598 1946 dedimus
619 1913 666 1946 ut
687 1906 875 1946 foliorum
898 1905 1220 1959 uniuscujusque
1245 1905 1392 1944 codicis
1419 1903 1590 1948 numeri,
1611 1901 1796 1941 materies

83 1987 123 2025 in
155 2000 235 2039 qua
267 1986 439 2040 scriptus
472 1992 542 2034 est,
571 1987 823 2040 magnitudo,
854 1992 960 2032 aetas,
989 1992 1237 2032 ornamenta,
1267 1986 1297 2025 si
1329 1999 1410 2038 qua
1444 1990 1551 2029 sunt,
1582 1984 1633 2022 ob
1662 1981 1796 2021 oculos

83 2065 242 2105 lectoris
273 2073 605 2120 proponerentur,
631 2073 719 2106 tum
749 2074 797 2107 ut
826 2066 1077 2120 singulorum
1108 2073 1348 2119 argumenta
1379 2065 1466 2104 fuse
1496 2063 1796 2107 exhiberentur,

83 2146 323 2199 scriptorum
357 2147 522 2186 nomina
557 2154 742 2187 accurate
774 2148 1055 2201 proderentur,
1084 2154 1125 2187 et
1155 2147 1280 2186 sicubi
1315 2146 1465 2185 desunt
1501 2158 1573 2197 pro
1603 2140 1707 2181 virili
1738 2142 1796 2180 in-

83 2227 340 2279 dagarentur,
375 2227 528 2266 inedita
562 2228 706 2281 passim
742 2228 1030 2268 indicarentur.
1090 2227 1279 2280 Denique
1313 2240 1394 2279 quo
1428 2223 1583 2264 facilior
1612 2236 1796 2276 quaeren-

85 2307 194 2345 tibus
232 2306 387 2360 aliquid
423 2307 494 2347 fiat
531 2309 677 2355 aditus,
710 2309 751 2348 in
787 2309 868 2348 fine
901 2322 1157 2348 communem
1193 2308 1367 2347 indicem
1403 2306 1624 2360 adjecimus
1655 2302 1793 2342 ordine

83 2385 338 2438 alphabetico
372 2387 586 2440 digestum,
616 2388 656 2426 in
693 2402 774 2441 quo
813 2394 960 2442 praeter
995 2388 1235 2441 scriptorum
1273 2386 1437 2426 nomina
1475 2383 1795 2437 consignavimus

86 2463 281 2503 librorum
318 2464 567 2517 singulorum
606 2473 856 2519 argumenta.
920 2466 997 2504 His
1036 2466 1182 2511 fruere,
1215 2471 1256 2505 et
1295 2465 1326 2504 si
1360 2464 1460 2517 quid
1496 2460 1691 2502 inconditi
1725 2465 1796 2497 aut

87 2546 267 2585 mendosi
295 2546 506 2595 inveneris,
532 2562 604 2601 pro
630 2554 700 2587 tua
727 2547 979 2600 benignitate
1003 2547 1194 2600 ignoscas.

168 2686 276 2714 Dabam
292 2696 326 2714 cx
341 2686 412 2714 Bibl.
425 2687 505 2714 Bodl.

235 2739 301 2766 Feb.
317 2748 344 2775 4,
367 2740 416 2776 185
424 2748 448 2768 2.
