2254 3117
642 152 879 187 COLLEGII
908 153 1281 190 MERTONENSIS.
1833 167 1872 201 91

112 248 199 280 libris
223 249 339 287 decem,
356 249 528 291 interprete
549 249 758 282 Constantino
775 250 934 289 Africano,

111 310 181 330 cum
197 300 313 331 tabulis
328 301 545 342 capitulorum.

153 352 216 383 Tit.
241 360 259 370 ‘⁵
276 353 393 394 Incipit
416 353 538 384 theoria
565 353 733 394 Pantegni‚
761 356 793 384 ct
817 354 933 395 primus

131 403 237 434 liber.”

151 454 270 486 Exstat
286 454 425 496 impress.
443 454 525 486 inter
540 466 643 496 opera,
660 459 742 496 part.
759 456 789 486 ii.
806 456 858 487 fol.
876 466 899 486 1.

152 505 191 536 In
219 506 311 539 calce.
337 510 355 523 “
372 505 511 546 Explicit
541 505 620 536 liber
644 505 738 542 istc‚’'
763 511 793 536 ct
821 506 933 538 deinde

131 556 242 588 tabula
278 557 485 598 alphabetica,
510 556 542 587 in
574 557 661 598 cujus
695 557 756 587 fine
793 562 931 594 notatur,

131 616 149 625 ‘⁸
172 608 327 649 Magister
361 608 521 638 Johannes
551 608 688 645 Bredon,
719 609 771 650 qui
809 609 933 651 scripsit

129 659 210 690 hanc
225 659 366 690 tabulam
386 659 513 700 propria
533 670 636 696 manu,
651 660 762 690 doctor
784 660 815 690 in
838 661 933 692 medi-

130 710 208 746 cina,
225 710 316 741 sociis
342 710 432 741 istius
455 710 565 741 domus
590 710 678 742 dedit
700 710 796 742 istum
820 711 932 743 librum

128 761 199 793 huic
215 761 373 803 collegio?

366 860 598 896 CCXXXII.

47 924 166 958 Codex
183 923 479 964 membranaceus,
496 925 532 958 in
549 924 632 958 folio
650 926 787 965 minori,
802 926 835 959 ff.
851 929 931 965 148,

69 993 137 1016 sec.
152 982 233 1023 ΚΝ,
253 982 342 1016 binis
361 982 531 1017 columnis
558 988 740 1022 exaratus2
767 985 933 1030 “legatus

70 1040 147 1075 coll.
176 1041 219 1074 de
248 1039 513 1081 Martem-halle,
546 1041 660 1076 Oxon.
685 1054 746 1087 per
772 1043 825 1077 M.
842 1043 934 1077 Wil-

69 1097 212 1131 lelmum
231 1098 374 1132 Duffeld
392 1111 504 1144 nuper
521 1100 654 1134 socium
673 1101 861 1146 ejusde1n.''

87 1156 287 1188 Constantini
302 1158 455 1197 Africani,
471 1160 576 1201 potius
594 1160 694 1191 Isaaci
710 1161 732 1191 J
736 1162 825 1194 uclaei.
843 1173 931 1202 opus,

107 1208 190 1249 quod
219 1208 334 1239 dicitur
364 1209 531 1247 Viaticum,
552 1211 583 1241 in
614 1211 710 1242 libros
741 1216 861 1253 septem
889 1213 933 1243 di-

108 1259 268 1297 stinctum,
295 1266 472 1292 commento
499 1262 629 1293 Geraldi
660 1263 865 1295 Bituriccnsis
888 1265 932 1295 in—

108 1313 262 1340 structum
277 1315 309 1341 et
325 1311 464 1353 prologo.

149 1360 211 1392 Tit.
230 1368 248 1378 *⁵
262 1362 379 1402 Incipit
395 1362 574 1394 Breviarius
589 1363 797 1403 Constantini,
815 1366 867 1407 qui
887 1367 933 1398 di-

129 1412 210 1443 citur
227 1412 382 1451 Viaticus,
399 1425 468 1445 cum
483 1415 611 1456 glosulis
629 1416 789 1447 Geraldi.’'

152 1463 250 1505 Incip.
267 1464 359 1506 gloss.
378 1470 395 1481 “
409 1465 563 1504 Quoniam
576 1467 720 1507 quidem;
744 1468 822 1499 Cum
841 1480 932 1500 omne

128 1515 316 1547 elementum
346 1520 378 1547 et
408 1528 447 1547 ex
477 1517 639 1549 elementis
666 1530 778 1561 corpus
803 1532 931 1562 gencra-

128 1567 226 1598 tun1.”

148 1618 188 1649 In
204 1619 298 1656 calce,
317 1624 335 1637 ‘⁴
348 1620 531 1662 Expliciunt
555 1621 674 1663 glosule
691 1623 805 1654 Viatici
824 1635 931 1655 secun-

129 1669 203 1700 dum
217 1670 404 1712 magistrum
417 1671 588 1703 Geraldum
598 1672 828 1705 Bituricensem
838 1688 847 1713 3
863 1675 931 1706 Deo

127 1721 255 1763 gratias.

108 1772 233 1804 Gaudet
257 1784 333 1815 epar
357 1774 466 1816 spodio
488 1785 593 1806 macer
608 1786 660 1806 eor
675 1776 793 1807 cerebri
809 1787 931 1818 quoque

171 1835 278 1855 musco

110 1875 221 1906 Pulmo
236 1876 377 1918 quuricia
393 1888 503 1919 capere
519 1877 606 1920 splen
622 1884 724 1910 stoma
739 1880 901 1922 galanga*

362 1970 616 2006 CCXXXIII.

47 2029 346 2075 Membranaceus,
364 2035 399 2068 in
415 2035 507 2073 folio.
528 2036 561 2070 ff.
577 2036 658 2076 216,
678 2050 746 2072 sec.
762 2040 831 2073 xiV.
963 2048 964 2070 1

89 2092 243 2133 [Gulielmi
259 2094 393 2133 Peraldi‚
415 2096 478 2127 sive
501 2097 630 2134 Peralti,
647 2099 714 2129 ord.
738 2100 930 2132 Praedicato-

108 2145 199 2186 rum,]
223 2157 344 2178 summa
365 2148 403 2178 de
428 2152 548 2189 septem
574 2149 657 2180 vitiis
682 2150 878 2191 capitalibus,
899 2152 931 2182 in

108 2206 217 2227 novem
239 2202 345 2238 partes
368 2199 528 2237 distincta,
542 2211 611 2231 cum
634 2202 828 2242 praefatione
854 2214 931 2244 prae-
962 2244 963 2248 Ἰ

107 2251 198 2278 eunte
214 2250 382 2281 summario
398 2251 497 2281 totius
513 2252 623 2293 operis.

150 2297 212 2329 Tit.
239 2304 256 2316 ‘⁶
270 2299 385 2341 Incipit
411 2304 568 2332 tractatus
595 2302 720 2332 moralis
746 2303 785 2333 dc
811 2308 931 2344 septem

128 2349 213 2380 viciis
229 2351 444 2392 capitalibus.”

150 2400 267 2433 Exstat
283 2402 424 2444 impress.
441 2403 547 2435 Colon.
563 2412 654 2444 1479,
669 2408 701 2434 ct
717 2404 829 2446 saepius
844 2406 930 2438 alibi.
961 2422 963 2444 y

151 2452 189 2482 In
205 2453 300 2492 calce,
318 2458 336 2471 “
349 2454 489 2496 Explicit
504 2466 626 2486 summa
641 2456 679 2486 de
695 2456 809 2487 viciis.”
961 2456 962 2461 ¹

364 2550 610 2584 CCXXXIV.
961 2554 962 2570 ³

48 2608 348 2652 Membranaceus,
366 2613 402 2646 in
429 2613 512 2646 folio
539 2614 675 2654 minori,
705 2614 738 2648 ff.
762 2617 844 2655 218,
863 2626 929 2649 sec.
960 2573 962 2642 1

70 2669 148 2709 xiv„
166 2671 293 2714 partim
312 2670 457 2711 duabus,
476 2672 603 2715 partim
622 2672 734 2706 tribus
760 2672 930 2708 columnis

68 2725 157 2761 haud
177 2729 299 2762 eadem
316 2740 422 2762 manu
440 2734 626 2771 exaratus3
655 2741 699 2765 ex
718 2731 808 2765 dono
828 2731 929 2766 Will.

69 2784 177 2827 Reed,
191 2797 245 2831 ep.
263 2786 409 2821 Cicestr.
959 2761 962 2841 ¹

1011 252 1039 282 1.
1058 253 1164 285 Prima
1199 266 1270 295 pars
1309 256 1536 287 correctionum
1567 257 1686 292 Bibliae,
1722 259 1871 291 videlicet.

1072 304 1306 346 Orthographia
1319 306 1475 336 nominum
1490 307 1706 341 Ilebraeorum,
1721 320 1789 339 cum
1804 321 1871 351 pro-

1071 354 1150 395 logo,
1170 357 1311 395 [auctore
1328 357 1509 388 Alexandro
1526 359 1688 390 Neckham
1699 361 1720 401 ἕ]
1748 361 1800 391 fol.
1813 370 1839 392 2.

1117 406 1216 447 Incip.
1232 412 1252 424 “
1265 408 1417 447 Quoniam
1443 410 1557 441 multos
1581 411 1611 441 in
1632 411 1795 453 hebraycis
1815 424 1867 443 no-

1093 457 1227 489 minibus
1242 470 1346 490 crrarc
1362 462 1538 502 conspexi.”

1117 508 1155 537 In
1172 508 1265 546 calce,
1283 514 1300 526 ‘⁴
1315 510 1451 551 Explicit
1467 511 1692 554 orthographia
1713 514 1869 545 nominum

1094 557 1279 589 hebreorum
1295 560 1332 590 dc
1348 565 1417 592 tota
1432 562 1553 593 biblia?

1009 640 1037 648 ...
1058 617 1223 658 [Ejusdem
1239 620 1390 661 auctoris]
1412 621 1630 662 chcrtorium
1652 624 1870 655 vocabulorum

1073 669 1189 705 Bibliae,
1207 681 1276 700 cun]
1292 670 1430 712 prologo.
1456 672 1507 702 fol.
1526 675 1571 704 16.

1116 720 1212 762 Incip.
1229 722 1304 762 prol.
1323 727 1340 738 ⁴*
1358 722 1446 753 Licet
1462 724 1598 755 nonnulli
1617 725 1699 756 circa
1721 727 1870 758 vocabula

1094 771 1186 802 biblie
1203 772 1470 814 siniplicioribuS.”

1117 824 1216 865 Incip.
1233 824 1284 855 lib.
1303 832 1320 841 ⁸*
1333 824 1436 859 Abba.
1459 827 1627 857 secundum
1650 827 1792 869 Papiam,
1818 829 1871 869 Sy-

1094 885 1163 905 rum
1179 886 1291 906 nomen
1307 876 1389 906 cst.”

1008 931 1037 960 8.
1056 930 1177 961 Tabula
1199 931 1428 968 notabiliorum,
1453 943 1522 972 quae
1546 932 1576 963 in
1609 933 1639 963 S.
1657 934 1870 975 Chrysostomi

1072 992 1165 1022 opere
1180 982 1362 1023 imperfecto
1387 983 1418 1013 in
1447 983 1479 1013 S.
1499 983 1688 1015 Matthaeum
1714 986 1870 1016 continen-

1073 1037 1133 1070 tur,
1164 1034 1281 1074 praevio
1311 1045 1440 1064 numero
1466 1038 1498 1065 et
1530 1035 1638 1066 ordine
1669 1037 1869 1068 homiliarum.

1072 1085 1279 1126 alphabetice.
1304 1086 1355 1116 fol.
1372 1096 1411 1127 53
1431 1087 1458 1116 b.

1116 1140 1178 1171 Tit.
1205 1146 1222 1157 “
1237 1141 1352 1182 Incipit
1379 1141 1488 1172 tabula
1515 1152 1607 1183 super
1625 1141 1869 1174 Crisostomum:

1094 1192 1207 1222 omelia
1222 1192 1355 1233 prima.”

1117 1243 1218 1284 Incip.
1232 1243 1296 1274 tab.
1315 1247 1332 1260 ‘⁵
1344 1243 1548 1279 Adversitas3
1573 1244 1693 1275 utilitas
1704 1245 1872 1276 adversita-

1094 1298 1161 1325 tum
1177 1295 1428 1336 temporalium.”

1117 1346 1156 1375 In
1171 1346 1262 1383 calce.
1282 1352 1299 1363 ⁸·
1313 1346 1450 1388 Explicit
1465 1347 1574 1378 tabula
1592 1347 1806 1379 Crisostomi.”

1008 1399 1036 1427 4.
1055 1397 1176 1429 Tabula
1203 1398 1401 1439 alphabetico,
1428 1399 1459 1428 in
1485 1398 1516 1429 S.
1541 1399 1683 1439 Gregorii
1712 1398 1873 1429 moralium

1073 1462 1166 1492 super
1181 1451 1243 1482 ι101)
1259 1451 1366 1488 libros,
1385 1451 1527 1492 [auctore
1542 1451 1678 1482 Ricardo
1698 1451 1736 1481 de
1756 1450 1872 1486 lnsula,

1073 1503 1138 1533 ord.
1156 1502 1267 1532 minor.
1279 1504 1300 1543 ἓ]
1328 1502 1378 1532 fol.
1396 1503 1445 1542 78.

1116 1553 1213 1595 Incip.
1231 1558 1250 1571 “
1264 1554 1365 1590 Abest
1390 1554 1428 1584 de
1444 1552 1619 1583 innocentia
1635 1553 1732 1593 ejus.”

1116 1604 1153 1635 In
1181 1605 1275 1642 calce,
1302 1610 1319 1622 ⁴⁶
1337 1605 1423 1636 Scias
1454 1605 1537 1646 quod
1567 1604 1741 1646 prescripta
1766 1603 1873 1634 tabula

1093 1667 1186 1698 super
1200 1656 1330 1687 moralia
1342 1656 1427 1687 beati
1441 1656 1583 1697 Gregorii
1599 1667 1691 1697 super
1702 1655 1724 1686 J
1727 1655 1766 1686 ob
1778 1655 1871 1685 facili-

1093 1711 1142 1738 tcr
1165 1712 1197 1738 et
1220 1708 1365 1749 expedite
1394 1707 1530 1738 invenire
1555 1707 1646 1737 docet
1671 1706 1813 1748 quicquid
1841 1705 1872 1735 in

1093 1759 1167 1800 ipsis
1191 1759 1265 1789 utile
1281 1758 1375 1789 fuerit
1391 1758 1421 1788 in
1446 1769 1629 1799 quacunque
1643 1757 1776 1788 materia
1792 1757 1872 1787 circa

1093 1821 1187 1851 quam
1203 1810 1249 1840 vcl
1265 1810 1304 1840 de
1320 1821 1381 1851 qua
1396 1809 1575 1851 predicator
1590 1809 1700 1850 aliquis
1716 1809 1869 1839 desiderat

1093 1861 1205 1902 loquis*

1115 1911 1263 1953 Sequitur
1278 1911 1509 1942 vocabularium
1525 1911 1640 1943 tabulae
1656 1911 1823 1953 praedictae.

1007 1969 1036 1998 5.
1053 1967 1176 1998 Tabula
1199 1978 1292 2008 super
1325 1967 1568 1998 auctoritatibus
1591 1966 1700 1997 Bibliae
1726 1965 1870 1997 tractatis

1071 2030 1127 2059 per
1143 2018 1174 2049 S.
1189 2019 1374 2059 Gregorium
1390 2019 1421 2049 in
1436 2019 1605 2050 moralibus
1621 2029 1713 2058 super
1725 2018 1745 2049 J
1747 2018 1795 2049 ob.
1819 2017 1868 2047 fol.

1076 2079 1144 2110 127.

1007 2125 1035 2157 6.
1054 2125 1175 2156 Tabula
1190 2125 1355 2156 titulorum
1371 2125 1583 2156 Decretalium
1606 2125 1774 2156 secundum
1790 2123 1869 2154 ordi-

1071 2188 1141 2208 nem
1164 2177 1323 2218 alphabeti
1347 2188 1416 2207 cum
1439 2177 1539 2208 titulis
1555 2176 1642 2208 Sexti
1661 2176 1730 2207 libri
1754 2179 1785 2206 et
1802 2174 1866 2205 Cle-

1070 2229 1184 2259 mentis
1200 2228 1463 2259 concordantibus
1479 2228 1519 2259 ad
1532 2228 1666 2259 eosdem.
1689 2227 1740 2257 fol.
1757 2236 1823 2267 139.

961 2300 963 2313 ι
1007 2286 1034 2317 ’7.
1053 2285 1175 2315 Tabula
1201 2284 1401 2326 alphabetica
1432 2295 1525 2325 super
1547 2283 1732 2314 dictionibus
1758 2286 1790 2312 et
1815 2291 1866 2311 au-

1070 2336 1270 2367 ctoritatibus
1294 2335 1404 2365 Bibliae
1428 2334 1571 2376 allegatis
1594 2345 1649 2375 per
1674 2333 1718 2363 M.
1741 2331 1867 2362 Gratia-

1071 2398 1145 2417 num
1161 2386 1192 2416 in
1207 2385 1350 2417 decretis.
1374 2385 1425 2416 fol.
1442 2395 1510 2424 144.

1114 2437 1212 2478 Incip.
1238 2437 1394 2473 “Aaron3
1423 2437 1549 2478 Moyses
1572 2446 1609 2466 ex
1633 2437 1778 2475 precepto
1802 2432 1864 2462 Do-

1092 2489 1167 2519 mini
1184 2489 1294 2519 Aaron
1310 2488 1341 2519 in
1358 2499 1511 2519 summum
1526 2485 1730 2528 pontificem.”

1113 2540 1294 2581 Sequuntur
1316 2540 1347 2570 in
1371 2540 1453 2570 calco
1478 2538 1590 2569 codicis
1613 2535 1808 2567 vocabulario.
1823 2534 1865 2565 al-

1091 2591 1258 2633 phabetica
1287 2591 1461 2633 perbrevia,
1484 2599 1575 2630 super
1606 2587 1651 2628 (a)
1675 2586 1749 2617 Joh.
1767 2585 1864 2616 Saris-

1091 2642 1241 2673 beriensis
1254 2642 1468 2683 Polycratica3
1495 2641 1539 2679 (b)
1555 2638 1733 2680 Registrunl
1744 2637 1862 2678 Epps.

1093 2694 1250 2735 Gregorii;
1268 2696 1308 2733 (c)
1320 2694 1350 2724 S.
1359 2691 1569 2733 Chrysostomi
1581 2689 1722 2720 homilias
1732 2689 1762 2719 in
1772 2700 1864 2730 opere

1090 2745 1290 2786 imperfect03
1320 2745 1368 2785 (d)
1383 2741 1750 2784 S.Cyprianiepistolas;
1776 2742 1815 2780 (c)
1832 2740 1863 2771 S.

1090 2795 1275 2838 Hieronymi
1284 2795 1430 2837 epistolas
1436 2806 1444 2831 ,·
1460 2794 1498 2833 (f)
1513 2792 1760 2834 S.Chrysostomi
1770 2791 1865 2822 homi-

1134 2850 1159 2873 N
1179 2843 1200 2874 2
