2254 3117
645 636 1076 696 CODICES

1138 639 1342 698 MSS.

343 827 868 895 COLLEGH
956 830 1643 899 ORIELENSIS.

515 1146 542 1179 Ι.

90 1205 214 1239 Consx
247 1206 565 1249 MEMBRANACEUS,
579 1210 614 1243 in
630 1210 713 1244 folio
731 1212 861 1256 majori,
881 1212 971 1246 foliis

115 1270 272 1298 constans
300 1266 434 1310 scriptis
454 1269 534 1304 127,
553 1280 621 1302 sec.
638 1269 710 1309 xii„
730 1269 817 1303 binis
841 1270 971 1304 colum-

114 1323 165 1356 nis
180 1323 267 1356 bene
286 1329 447 1358 exaratus
462 1330 497 1358 et
516 1332 688 1367 servatus3
707 1327 844 1373 collegii
860 1328 972 1363 Oriel-

114 1382 203 1415 ensis
236 1381 413 1426 peculium
446 1388 454 1401 ‘
478 1395 521 1417 ex
554 1384 644 1418 dono
676 1386 881 1420 venerabilis
909 1388 970 1421 viri

115 1440 163 1472 M.
180 1439 324 1474 Henrici
344 1440 524 1486 Sampson,
543 1444 716 1487 quondam
740 1444 867 1478 ibidem
888 1457 971 1490 prae-

112 1499 231 1542 positi.'

130 1558 256 1588 Eusebii
272 1558 471 1590 Caesariensis
489 1560 631 1592 Historia
644 1562 874 1602 Ecclesiastica‚
886 1564 971 1595 libris

151 1610 291 1640 undecim
308 1611 535 1651 comprehensa.

194 1661 244 1691 Ad
256 1662 347 1692 finem
358 1662 426 1692 libri
440 1662 480 1693 ix.
493 1663 606 1705 legitur
618 1665 742 1703 notitia,
753 1666 844 1708 incip.
856 1671 873 1683 ‘²
886 1666 970 1698 Huc-

172 1724 268 1754 usque
292 1713 381 1744 nobis
406 1714 559 1745 Eusebius
584 1716 773 1747 Cesariensis
804 1729 907 1748 rerum
938 1718 969 1748 in

171 1765 298 1796 ecclesia
311 1770 471 1806 gestarum
491 1767 671 1797 memoriam
692 1768 852 1799 tradidit?

193 1816 286 1847 Liber
302 1828 330 1846 x.
348 1816 453 1857 capita
469 1822 612 1848 numerat
629 1818 738 1855 xxxii„
756 1829 886 1860 quorum
909 1819 969 1860 pri-

171 1878 254 1897 mum
270 1868 308 1898 de
324 1867 411 1897 Arrii
434 1868 553 1898 haeresi.
601 1868 669 1899 Lib.
687 1869 726 1899 xi.
751 1881 818 1911 cap.
835 1870 890 1901 ult.
910 1875 968 1907 est,

171 1922 178 1935 ‘
193 1918 242 1948 De
258 1918 318 1949 fide
335 1919 522 1950 Theodosii?

193 1969 230 1999 In
246 1969 315 2006 fine,
334 1974 354 1987 ‘²
366 1970 505 2011 Explicit
521 1971 597 2001 liber
613 1971 822 2002 undecimus.''

87 2121 385 2159 Membranaceus,
410 2124 445 2156 in
471 2123 553 2157 folio
579 2124 711 2167 majori,
738 2124 771 2157 ff.
795 2127 873 2162 188.
901 2136 966 2159 sec.

110 2181 168 2213 xii.
196 2182 376 2221 exeuntis3
405 2181 494 2215 binis
512 2181 682 2215 columnis
701 2183 832 2226 optime
851 2194 967 2217 exara-

110 2244 165 2271 tus
184 2246 219 2272 et
237 2245 400 2273 servatus.

129 2299 238 2329 Isidori
257 2299 451 2340 Hispalensis
473 2299 739 2340 Etymologiarum
762 2300 831 2331 libri
848 2302 963 2343 viginti,

150 2350 270 2390 praeviis
287 2349 399 2380 Isidori
415 2355 447 2380 et
463 2350 638 2380 Braulionis
653 2350 790 2391 epistolis
806 2353 929 2383 mutuis.

192 2399 313 2429 Excisae
326 2404 397 2430 sunt
409 2399 506 2430 literae
523 2400 620 2430 totius
630 2400 694 2431 fere
709 2401 810 2442 operis
823 2402 963 2434 initiales.

191 2449 228 2479 In
253 2448 347 2485 calce,
373 2454 390 2465 *⁴
415 2448 552 2490 Explicit
580 2450 657 2480 liber
684 2451 964 2494 Ethimologiarum

169 2500 251 2530 beati
270 2500 398 2530 Ysidom'
414 2500 609 2541 Hispalensis
624 2501 873 2544 archiepiscopi.”

190 2551 378 2592 Sequuntur,

104 2614 133 2633 a.
151 2603 293 2644 Epistola
307 2602 328 2632 J
332 2602 462 2632 ohannis
481 2603 562 2644 regis
578 2603 676 2634 Indiae
692 2604 732 2634 ad
749 2604 961 2644 Emanuelem,

170 2654 394 2695 Imperatorem
410 2653 503 2684 OP01.
517 2655 555 2685 de
572 2655 701 2696 imperio
717 2667 782 2686 suo.
807 2657 858 2688 fol.
875 2659 940 2695 18⁴-

210 2705 306 2746 Incip.
326 2709 343 2721 ‘⁵
357 2704 516 2736 Presbiter
535 2705 705 2743 Johannes,
728 2711 785 2737 etc.
831 2708 961 2740 Nuntia-

188 2757 282 2787 batur
296 2757 378 2797 apud
395 2757 590 2798 majestatem
607 2758 773 2788 nostram.”

1041 1149 1070 1179 b.
1091 1149 1212 1181 Fabula
1229 1151 1267 1181 de
1282 1150 1401 1181 caballo
1417 1161 1503 1181 aeneo
1521 1149 1587 1191 [qui
1604 1149 1680 1180 falso
1696 1149 1809 1180 dicitur
1823 1150 1900 1181 Con-

1105 1200 1251 1241 stantini]
1271 1200 1418 1231 Laterani
1440 1199 1542 1241 posito
1559 1200 1624 1230 sine
1639 1200 1716 1241 pelle
1734 1211 1802 1230 cum
1817 1211 1900 1231 coco-

1104 1251 1154 1282 nia
1170 1251 1201 1281 in
1219 1252 1321 1293 capite
1333 1264 1340 1288 3
1364 1252 1439 1282 item
1452 1251 1490 1281 de
1506 1251 1618 1281 statuis
1631 1250 1766 1280 omnium
1782 1251 1900 1291 provin-

1103 1302 1220 1332 ciarum
1236 1314 1305 1333 cum
1325 1302 1542 1334 tintinnabulis
1565 1302 1595 1332 in
1617 1301 1762 1342 capitolio
1783 1302 1899 1342 positis,

1103 1357 1133 1384 et
1159 1354 1197 1384 de
1220 1354 1336 1395 templo
1352 1353 1481 1395 Cybeles
1508 1364 1563 1394 per
1579 1352 1772 1383 Bonifacium
1796 1352 1866 1393 [IV.
1880 1353 1900 1393 ἕ]

1104 1405 1139 1436 B.
1155 1405 1199 1435 M.
1214 1406 1255 1436 V.
1272 1406 1435 1442 dedicat0;
1458 1409 1515 1436 etc.
1540 1405 1590 1435 fol.
1608 1405 1665 1435 186
1682 1404 1711 1435 b.

1126 1457 1222 1498 Incip.
1240 1462 1257 1474 ‘⁸
1272 1457 1419 1488 Laterani
1435 1460 1483 1487 est
1499 1456 1634 1487 caballus
1657 1456 1782 1496 quidam
1798 1466 1899 1491 cneus,

1104 1508 1154 1549 qui
1171 1508 1285 1539 dicitur
1300 1508 1510 1545 Constantini,
1527 1508 1579 1538 sed
1596 1518 1657 1537 non
1673 1507 1718 1538 ita
1736 1507 1812 1538 ests*

1040 1570 1065 1589 c.
1084 1560 1287 1591 Tetrasticha
1302 1560 1429 1600 xxxviij.
1443 1559 1481 1589 de
1494 1560 1617 1589 Accone
1634 1558 1709 1588 urbe
1724 1569 1805 1588 anno
1822 1568 1831 1587 1
1844 1559 1893 1587 131

1103 1616 1290 1652 expugnata.
1315 1611 1366 1642 fol.
1384 1612 1451 1650 187.

1145 1662 1242 1703 Incip.

1083 1718 1100 1730 ‘²
1113 1714 1231 1744 Sabato
1247 1717 1316 1755 post
1333 1713 1458 1743 Domini
1475 1712 1730 1743 resurrectionem

1114 1765 1274 1806 Philippus
1289 1775 1343 1795 rex
1360 1764 1491 1795 Francie
1507 1764 1630 1794 veniens
1647 1764 1794 1799 Aeonem,

1113 1816 1226 1846 Totam
1241 1816 1354 1847 mentis
1368 1827 1493 1857 operam
1510 1820 1541 1846 et
1557 1815 1770 1850 intentionem,

1113 1867 1202 1898 Circa
1218 1867 1285 1898 ville
1301 1867 1403 1909 posuit
1421 1866 1710 1908 expugnationeni.”

1423 1959 1490 1992 III.

1017 2021 1136 2054 Codex
1162 2021 1453 2059 membranaceus,
1481 2021 1515 2054 in
1544 2020 1636 2056 folio,
1666 2019 1698 2052 ff.
1721 2021 1798 2057 105,
1828 2029 1892 2051 sec.

1040 2080 1151 2112 forsan
1171 2091 1214 2117 x„
1234 2081 1365 2124 optime
1383 2084 1544 2113 exaratus
1563 2083 1599 2112 et
1613 2078 1701 2111 bene
1720 2081 1888 2113 se1·vatus;

1040 2138 1120 2171 olim
1136 2137 1187 2170 M.
1199 2137 1368 2171 ,Iohannis
1382 2137 1530 2175 Taileur,
1546 2136 1580 2170 S.
1593 2136 1631 2169 Τ.
1644 2135 1694 2174 P„
1710 2134 1890 2179 praepositi.

1057 2200 1176 2230 Aurelii
1200 2200 1362 2231 Prudentii
1384 2201 1551 2232 Clementis
1575 2211 1679 2241 opera,
1695 2209 1762 2228 cum
1784 2197 1891 2238 praefa-

1080 2251 1174 2286 tione,
1201 2251 1343 2292 glossulis
1369 2252 1627 2287 interlinearibus,
1642 2248 1890 2290 argumentisque

1077 2302 1115 2332 de
1131 2302 1301 2333 carminum
1316 2303 1498 2344 generibus:
1523 2302 1649 2338 scilicet,

1035 2354 1063 2383 1.
1082 2353 1197 2394 Hymni
1220 2353 1334 2390 decem,
1361 2365 1489 2395 quorum
1523 2354 1639 2394 primus
1673 2351 1711 2381 ad
1739 2348 1889 2380 Gallican-

1098 2410 1175 2441 tum,
1191 2405 1317 2436 ultimus
1329 2405 1418 2436 Circa
1430 2405 1575 2446 exequias
1588 2403 1809 2434 defunctorum.
1827 2400 1846 2429 f.
1859 2409 1887 2439 5.

1139 2456 1200 2487 Tit.
1219 2456 1367 2498 “Incipit
1390 2455 1549 2487 Praefatio
1574 2452 1690 2484 Aurelii
1717 2450 1887 2481 Prudentii.

1118 2507 1180 2537 Per
1192 2507 1410 2548 Quinquennia
1421 2508 1486 2548 jam
1502 2506 1637 2536 deceni.’'

1032 2558 1061 2587 2.
1081 2557 1173 2588 Liber
1188 2558 1259 2588 Peri
1277 2558 1465 2599 Stephanon.
1489 2556 1539 2586 fol.
1558 2565 1604 2586 20.

1138 2608 1190 2638 Ad
1213 2607 1264 2638 fol.
1281 2617 1334 2648 43,
1353 2619 1414 2648 seq.
1438 2608 1614 2640 occurrunt,
1638 2609 1655 2619 ‘⁴
1673 2601 1789 2631 Versus
1812 2600 1888 2631 Con-

1117 2659 1263 2690 stantinae
1288 2659 1394 2700 scripti
1417 2658 1447 2688 in
1472 2656 1604 2687 Basilica
1631 2663 1722 2694 quam
1750 2650 1887 2681 condidit

1115 2710 1146 2740 in
1161 2710 1309 2740 honorem
1324 2713 1439 2740 sanctie
1456 2706 1584 2748 Agnetis
1595 2705 1623 2740 ;”
1647 2708 1678 2734 et
1691 2704 1806 2733 Versus
1822 2700 1885 2731 Da-

1115 2760 1193 2791 masi
1209 2760 1342 2802 episcopi
1358 2760 1395 2790 (le
1411 2758 1516 2789 cadem
1533 2768 1573 2787 re.

1156 2823 1177 2846 B
