2254 3117
636 166 873 201 COLLEGH
903 168 1281 207 BALLIOLENSIS.
1813 179 1854 209 81

135 264 172 294 de
187 262 310 299 Arceio,
325 263 412 303 cujus
428 262 546 304 primus
562 263 639 294 liber
654 269 702 295 cst
718 266 756 294 do
773 266 935 306 provinciis

135 320 167 346 et
182 314 360 355 regionibus
376 314 544 344 secundum
561 315 700 345 ordinem
715 315 903 356 alpliabcti.”

157 366 219 397 Tit.
242 365 300 395 vol.
317 375 346 403 4,
373 369 390 381 *⁴
408 364 522 406 Incipit
545 365 622 395 libcr
644 366 682 395 dc
705 367 842 397 moribus
864 379 935 408 gen-

136 418 216 448 cium
237 427 290 446 seu
309 416 492 457 populorum
510 416 612 447 editus
631 428 650 446 a
665 417 815 458 magistro
832 418 936 449 Domi-

137 469 204 499 nico
221 467 362 509 magistri
380 467 513 498 Bandini
529 468 567 498 dc
584 468 725 498 Arecio.”

160 521 195 550 In
208 519 301 556 calce,
315 522 480 560 postquam
495 520 533 549 de
545 520 678 550 metallis
694 524 866 551 tractatum
879 527 936 557 est,

119 577 136 588 ⁴⁶
149 571 191 602 Et
208 571 251 601 sic
266 574 315 601 est
330 570 409 607 finis,
426 570 467 600 sit
482 570 549 601 laus
564 574 596 601 ct
611 571 711 610 gloria
727 571 858 602 Trinis.”

161 622 197 652 In
218 621 300 652 calce
316 621 373 651 vol.
390 629 419 662 5,
442 622 529 662 cujus
552 621 707 662 margines
728 623 939 654 delineationi-
968 618 969 646 i

139 674 196 704 bus
217 672 358 714 pluribus
379 673 456 703 bene
479 676 552 703 sunt
575 672 750 710 illustratae,
771 685 871 704 sermo
892 678 940 705 est

140 725 179 756 ad
201 724 325 761 librum,
347 724 399 765 qui
422 724 465 754 sic
488 724 690 761 concluditur,
714 728 732 741 ‘⁶
743 728 776 756 et
796 725 873 756 satis
896 730 940 756 tc-

140 787 210 807 cum
233 775 318 807 verbi
344 782 470 817 gratum
496 775 558 813 sii-,3
591 775 659 806 Deo
684 776 814 816 gracias.
861 776 940 807 Lau—

141 828 260 859 rencius
283 826 471 868 Dyamantis
497 826 621 868 scripsit
645 827 685 857 ad
712 826 941 858 institutionem

142 878 275 920 eggregii
294 889 330 909 ac
351 877 554 919 prefulgentis
570 877 626 908 viri
647 877 762 908 domini
780 878 940 908 Guillcrmi

142 929 236 971 Gray,
255 929 287 959 in
307 929 420 960 ceteris
442 929 579 960 scientiis
601 929 752 970 superiori
774 929 941 970 theologia-

143 992 201 1022 que
232 980 385 1022 magistra
414 980 561 1017 doctoris,
596 984 747 1021 regnante
780 981 942 1012 excellenti

140 1032 303 1074 magnifico
330 1035 363 1063 et
390 1031 512 1073 potenti
536 1032 674 1073 principe
698 1031 845 1068 Henrico‚
871 1043 942 1073 rege

142 1083 265 1125 Anglie,
279 1082 423 1121 Framie,
437 1082 570 1118 Irlande,
586 1081 736 1118 Ybernie,
752 1081 942 1122 aliarumque

142 1138 304 1171 terrarum,
332 1144 507 1175 regnorum,
538 1144 575 1164 ac
605 1132 786 1169 insularum,
815 1136 944 1174 propter

143 1187 233 1217 breve
249 1190 371 1227 tempus
387 1196 448 1216 non
464 1184 749 1226 explicanda1·um.”

167 1237 203 1267 In
219 1237 271 1267 fol.
285 1245 323 1278 57
342 1247 439 1277 marg.
456 1235 593 1266 inferiori
611 1234 756 1265 delineati
773 1238 845 1265 sunt
860 1245 944 1265 men-

144 1289 292 1325 dicanteS,
300 1299 431 1330 quorum
443 1298 548 1323 unum,
560 1286 611 1328 qui
622 1298 721 1318 caecus
733 1290 790 1323 est,
799 1287 885 1317 ducit
896 1297 944 1318 ca-

146 1340 191 1370 nis
202 1352 210 1377 5
226 1346 257 1370 et
268 1340 309 1371 ad
323 1339 374 1370 fol.
386 1340 425 1370 68
440 1339 531 1369 urbes
543 1338 657 1369 Januae
669 1338 943 1378 Venetiarumque.

377 1432 627 1468 CCXXXIX.

65 1499 182 1533 Codex
207 1499 499 1537 membranaceus,
528 1499 563 1531 in
593 1497 685 1536 folio,
712 1497 745 1531 ff.
767 1500 846 1537 141,
877 1509 943 1531 sec.

90 1569 154 1598 XV„
169 1558 256 1592 binis
273 1557 444 1591 columnis
461 1562 631 1595 exaratus
647 1557 705 1590 sed
721 1557 832 1601 quoad
848 1556 946 1589 folio-

90 1628 163 1650 rum
192 1617 346 1650 ordinem
376 1616 499 1649 misere
530 1620 730 1660 compactus
745 1627 752 1655 ;
784 1626 828 1649 ex
856 1615 946 1648 dono

92 1673 254 1708 Gulielmi
283 1674 431 1713 Dukins,
460 1673 539 1707 Art.
564 1672 658 1718 Mag.
690 1677 726 1706 et
755 1672 833 1706 coll.
858 1671 946 1706 Ball.
976 1713 977 1728 ἢ

92 1733 171 1766 socii
188 1732 234 1766 A.
248 1732 293 1766 D.
314 1732 420 1766 1656.

109 1800 136 1830 1.
154 1799 301 1841 Dialogus
323 1800 406 1831 inter
426 1799 609 1840 discipulum
631 1802 663 1829 ct
685 1798 878 1839 magistrum,
896 1798 946 1838 qui
977 1813 978 1820 κ

171 1851 284 1882 dicitur
314 1851 507 1887 Lucidarius,
541 1853 593 1890 [an
626 1850 798 1888 AnsclmiZ]
814 1862 822 1886 ;
860 1849 948 1879 initio

172 1903 269 1934 mutil.
293 1903 344 1934 fol.
359 1914 391 1942 4.

216 1953 311 1995 Inmp'
328 1965 359 1984 m
375 1953 486 1986 xerb1s.
515 1953 581 1983 ‘M‘
600 1952 659 1992 Qm
675 1952 748 1983 fem
763 1953 843 1982 eglog
861 1951 948 1982 mml-
978 1973 980 1993 ⁴*
1002 1977 1121 2011 Codex
1147 1976 1437 2014 membranaceus,
1462 1976 1497 2008 in
1523 1974 1614 2013 folio,
1638 1973 1670 2006 ff.
1691 1972 1770 2011 256,
1794 1982 1876 2005 secc.

979 2052 981 2058 ⁴
1026 2035 1084 2068 xii.
1101 2034 1390 2072 exeuntis—xiv„
1410 2032 1563 2077 pluribus
1582 2035 1739 2064 constans
1757 2029 1877 2063 codici-

980 2083 981 2090 *
1026 2093 1110 2131 bus3
1138 2091 1219 2125 olim
1243 2096 1282 2124 ut
1300 2091 1436 2123 videtur
1460 2089 1628 2134 prioratus
1649 2087 1692 2119 dc
1711 2084 1876 2128 Kirkeby,

1027 2155 1147 2196 postea
1165 2149 1241 2183 coll.
1262 2148 1349 2182 Ball.
1369 2159 1412 2181 ex
1431 2147 1520 2179 dono
1540 2144 1676 2178 Ricardi
1696 2142 1790 2176 Bole.

193 2005 284 2036 lectu.
329 2005 383 2036 Sol
408 2010 440 2035 et,
465 2004 554 2035 Luna
578 2004 680 2034 Deum
706 2003 854 2040 sencinut,
879 2003 951 2044 quia

193 2055 259 2086 loca
275 2056 321 2087 sui
337 2057 477 2086 cursus.’'

215 2107 290 2148 Cap.
311 2107 367 2138 ult.
390 2111 448 2144 est,
473 2106 521 2137 De
543 2105 685 2147 potentia
707 2109 895 2141 sanctorum,
919 2108 951 2135 ct

195 2158 291 2188 desin.
317 2158 468 2188 “Videas
498 2158 581 2187 bona
608 2156 780 2186 Jerusalem
810 2156 951 2186 omnibus
980 2170 982 2177 ·

196 2209 303 2239 diebus
317 2209 380 2240 vite
395 2213 468 2243 tue;
494 2208 624 2238 Anien.”

218 2260 256 2290 In
273 2260 366 2298 calce,
385 2264 402 2277 “
416 2259 554 2299 Explicit
574 2257 784 2288 Lucidarius.''

114 2320 142 2349 2.
159 2319 351 2358 Quaestiones
379 2324 411 2350 et
437 2329 586 2360 responsa.
612 2318 693 2349 inter
715 2317 894 2358 Epictetum
920 2319 953 2347 et

178 2370 374 2402 Hadrianum
391 2371 626 2412 Imperatorem.
650 2369 700 2399 fol.
716 2378 755 2406 24
767 2368 796 2398 b.

220 2420 315 2462 Incip.
337 2426 354 2438 ‘⁴
368 2421 524 2451 Tribunus
546 2418 773 2451 commendavit
795 2417 879 2448 illum
902 2428 951 2447 co-

197 2472 298 2503 miti.”

117 2527 145 2557 3.
166 2527 258 2558 Liber
287 2528 397 2565 dictus,
431 2526 594 2568 Speculum
625 2524 802 2560 Christiani,
834 2523 954 2553 duabus

178 2578 320 2617 partibus
350 2577 599 2618 comprehensus,
630 2575 745 2616 praevio
774 2573 955 2604 kalendario

179 2630 314 2671 capitum
332 2629 373 2660 lii.
391 2634 422 2660 et
437 2629 511 2659 lxix.
536 2627 566 2658 ff.
581 2636 714 2668 27-—31‚
730 2636 782 2665 40,
802 2625 854 2655 sed
865 2625 956 2666 soliis

178 2680 251 2711 mire
265 2681 402 2721 confusis.

223 2730 319 2772 Incip.
338 2736 355 2747 ‘⁵
370 2731 454 2760 Deus
474 2729 503 2758 in
519 2727 687 2768 evangelio,
703 2727 754 2767 qui
771 2738 807 2757 ex
826 2726 893 2756 Deo
909 2729 956 2756 cst

201 2781 308 2812 Verba
325 2781 383 2812 Dei
400 2779 519 2811 audit.”

980 2193 983 2222 l

1112 269 1216 300 Desin.
1232 271 1271 301 ad
1288 271 1336 301 sol.
1349 272 1389 309 48
1402 271 1422 301 b
1442 271 1471 301 in
1493 283 1560 312 cap.
1576 273 1614 302 (10
1630 273 1693 303 vita
1711 273 1812 304 activa.
1827 279 1857 304 ct

1091 322 1330 362 contemplativa
1345 323 1453 360 verbis,
1471 328 1488 340 ‘⁵
1501 323 1582 354 bona
1600 324 1789 365 conjungunt
1804 329 1859 354 aut

1092 371 1172 401 mala
1188 372 1393 413 disjungunt*

1114 422 1301 462 Sequuntur,

1030 482 1058 501 a.
1076 471 1159 502 Nota
1177 473 1215 502 (lo
1234 474 1333 504 tribus
1355 475 1474 505 annulis
1494 476 1596 506 aureis
1618 477 1649 506 in
1670 476 1860 517 sarcophago

1094 523 1207 552 mortui
1224 525 1381 563 cujusdam
1399 526 1538 556 inventis
1563 527 1612 556 sol.
1626 528 1665 565 48
1680 527 1707 556 b.

1032 572 1061 602 b.
1078 573 1238 611 Quomodo
1254 575 1346 606 debet
1361 581 1466 617 pastor
1479 588 1603 618 grogorii
1619 588 1706 607 suum
1727 588 1860 618 pascere.

1096 624 1145 653 fol.
1162 635 1212 664 49.

1033 686 1058 705 c.
1077 675 1196 706 Versus
1226 676 1264 706 (10
1294 677 1538 708 Annuneiationc
1570 679 1739 715 Dominiea,
1772 679 1861 719 incip.

1098 731 1115 743 “
1129 727 1218 756 Salve
1234 727 1313 757 festa
1328 728 1420 757 dics?5
1444 729 1491 758 fol.
1508 740 1556 767 49.

1034 776 1064 806 d.
1080 776 1183 815 Quare
1210 777 1417 818 depinguntur
1443 779 1634 819 evangelistar
1660 780 1698 810 ad
1726 780 1862 810 similinu-

1097 827 1201 858 dinem
1217 833 1350 869 quatuor
1364 829 1548 860 animalium.
1572 830 1622 860 fol.
1639 841 1687 870 49.

1143 878 1235 919 Incip.
1251 884 1268 895 ‘⁸
1281 879 1418 909 Mundus
1434 884 1497 910 stat
1509 880 1538 909 in
1553 884 1683 921 quatuor
1698 880 1864 921 partibus.”

1014 936 1043 965 4.
1060 934 1090 965 S.
1105 934 1273 975 Augustini
1294 934 1363 964 libri
1383 935 1443 965 duo
1463 935 1500 965 dc
1521 936 1661 966 conflictu
1677 936 1817 967 vitiorum
1833 940 1864 966 et

1078 985 1235 1015 virtutum.
1260 985 1289 1015 ff.
1303 995 1427 1026 32—-39
1441 986 1469 1022 b,
1488 986 1537 1025 87.

1122 1035 1220 1076 Incip.
1243 1040 1261 1052 “
1275 1036 1455 1077 Apostolica
1477 1047 1536 1066 vox
1559 1036 1669 1066 clamat
1682 1036 1708 1073 ;''
1731 1040 1765 1067 ut
1788 1037 1867 1067 inter

1101 1098 1204 1128 opera,
1223 1091 1298 1118 tom.
1315 1087 1353 1117 vi.
1372 1088 1452 1128 App.
1472 1087 1529 1117 col.
1545 1096 1612 1127 219.

1122 1138 1185 1168 Tit.
1203 1138 1252 1169 lib.
1270 1138 1299 1168 ii.
1318 1142 1376 1175 est,
1393 1143 1410 1155 ‘⁶
1424 1138 1473 1180 qui
1490 1142 1616 1168 vocatur
1631 1138 1797 1169 sin‹)nin1i.”

1017 1194 1046 1223 5.
1064 1193 1228 1233 Expositio
1244 1193 1274 1223 in
1292 1193 1471 1234 Symbolum
1486 1193 1707 1234 Apostolicum.
1729 1193 1778 1223 fol.
1791 1203 1825 1233 91
1840 1193 1867 1222 b.

1125 1244 1221 1284 Incip.
1240 1250 1257 1261 ‘⁵
1271 1244 1409 1285 Accepto
1427 1243 1543 1284 Spiritu
1560 1243 1700 1274 sanctos*

1126 1295 1163 1325 In
1180 1295 1230 1325 fol.
1245 1305 1283 1335 92
1301 1295 1437 1336 margine
1459 1299 1594 1327 notatur.
1614 1299 1631 1311 ‘³
1644 1294 1776 1324 Richard
1795 1294 1871 1334 Bay-

1103 1346 1163 1376 lied
1192 1346 1265 1386 Esq.
1298 1347 1478 1377 Govcrnour
1507 1346 1541 1376 of
1567 1345 1827 1375 Graston-Kohen
1859 1345 1868 1374 1

1103 1397 1187 1427 writt
1211 1397 1273 1427 this
1297 1397 1419 1432 booke3
1446 1396 1530 1427 John
1554 1395 1759 1426 Maundcvillo
1782 1395 1822 1425 K.
1845 1396 1877 1425 of

1105 1448 1223 1489 Lycd.''

1019 1502 1047 1534 6.
1072 1503 1123 1533 Sir
1144 1503 1230 1533 John
1254 1502 1486 1532 Maundeville's
1510 1501 1636 1532 Travels
1660 1504 1691 1531 to
1714 1501 1767 1532 the
1790 1500 1873 1541 Holy

1084 1554 1181 1584 Land.
1205 1554 1256 1584 fol.
1276 1563 1343 1583 112.

1126 1604 1239 1645 Bcgins
1256 1605 1328 1635 with
1345 1604 1398 1635 the
1414 1603 1522 1640 words,
1540 1608 1557 1620 “
1573 1603 1642 1634 that
1661 1603 1685 1633 it
1706 1613 1775 1643 may
1791 1613 1874 1632 come

1104 1658 1138 1686 to
1158 1655 1279 1695 mynde.
1324 1654 1397 1684 And
1419 1653 1563 1695 specially
1583 1653 1631 1683 sor
1652 1653 1722 1683 hem
1742 1652 1812 1683 that
1828 1651 1874 1681 wil

1104 1716 1236 1746 purpose
1248 1708 1281 1735 to
1293 1705 1381 1735 visite
1392 1704 1446 1735 the
1462 1704 1523 1734 holi
1539 1704 1616 1734 citee
1628 1704 1662 1733 of
1671 1702 1871 1733 Jerusalemf*

1124 1756 1191 1787 The
1206 1756 1308 1787 leaves
1323 1767 1376 1786 arc
1392 1756 1482 1786 much
1499 1754 1691 1795 transposed.

1126 1809 1171 1838 At
1187 1808 1241 1838 the
1257 1807 1326 1844 end,
1345 1812 1361 1824 ‘⁶
1374 1806 1511 1848 Explicit
1528 1804 1765 1846 Maundevylc.''

1370 1911 1511 1946 CCXL.

1048 2221 1074 2248 1.
1092 2217 1264 2248 Salomonis
1279 2216 1348 2247 libri
1365 2215 1415 2256 qui
1432 2216 1602 2254 sequuntur
1612 2225 1620 2249 ;

1066 2281 1094 2300 a.
1116 2269 1305 2304 Proverbia;
1337 2267 1452 2309 praevia
1479 2263 1660 2304 Hieronymi
1685 2261 1813 2302 epistola
1839 2260 1878 2290 ad

1131 2319 1344 2351 Chromatium
1361 2322 1393 2348 et
1409 2316 1621 2347 Heliodorum.
1646 2313 1694 2343 fol.
1711 2323 1738 2349 4.

1175 2371 1270 2412 Incip.
1287 2370 1375 2411 epist.
1394 2373 1412 2385 ‘⁵
1424 2368 1545 2408 Jungat
1560 2364 1688 2407 epistola
1703 2363 1805 2404 quos.”

1068 2423 1097 2453 b.
1116 2422 1329 2457 Ecclesiastes,
1343 2430 1412 2450 cum
1429 2421 1600 2449 commento
1618 2425 1744 2445 anncxo.
1765 2412 1815 2442 fol.
1828 2421 1878 2453 32.

1174 2472 1271 2513 Incip.
1279 2482 1357 2502 com.
1366 2474 1383 2487 “
1393 2468 1551 2509 Quomodo
1562 2466 1610 2497 hic
1623 2465 1698 2495 liber
1707 2461 1879 2503 legendus.”

1068 2537 1093 2556 e.
1112 2525 1241 2556 Cantica
1253 2523 1462 2557 Canticorum,
1479 2530 1546 2550 cum
1562 2520 1741 2548 commento.
1764 2514 1812 2544 fol.
1827 2515 1877 2552 46.

1176 2574 1271 2614 Incip.
1290 2577 1307 2590 “
1320 2573 1397 2604 Cum
1413 2574 1493 2602 essct
1508 2580 1561 2599 rex
1577 2568 1607 2597 in
1622 2565 1794 2597 accubitu.’'

1048 2676 1076 2705 2.
1094 2674 1301 2705 Homiliarum
1322 2670 1467 2702 collectio,
1492 2677 1617 2698 numero
1636 2665 1712 2696 xciv.
1734 2675 1788 2705 per
1808 2663 1881 2694 anni

1112 2724 1258 2755 circulum
1269 2723 1475 2763 legendarum,
1486 2718 1598 2760 praevia
1608 2716 1787 2757 praefatione
1799 2715 1881 2745 brevi

1112 2780 1143 2806 et
1160 2775 1275 2806 tabula.
1299 2773 1349 2803 fol.
1363 2780 1412 2813 57.

1171 2837 1198 2860 M
