2254 3117
632 133 872 169 COLLEGII
899 135 1302 175 UNIVERSITATIS.
1835 152 1880 186 27

85 234 115 263 3.
133 232 282 274 Ejusdem
306 232 512 274 Prognostica
536 243 606 263 cum
629 232 739 264 Galerii
763 239 950 272 commento,

149 285 257 315 eodem
274 284 463 325 interprete;
489 283 578 315 initio
594 284 694 315 mutil.
717 285 767 315 fol.
784 294 851 327 155.

191 335 288 377 Incip.
304 336 335 366 in
352 336 462 373 verbis,
478 346 539 366 non
554 336 645 377 longe
659 336 699 367 ab
716 336 817 374 initio,
834 342 852 354 “

173 387 349 428 Ypocrates
364 387 395 417 in
410 387 468 417 hoc
488 398 628 417 sermone
645 411 776 418 ......
793 407 835 411 -—
851 388 946 419 eitum

169 438 224 468 sed
239 449 278 468 ex
288 437 506 479 juvamentis.”

190 489 228 519 In
252 489 344 525 calce,
374 493 392 506 ‘⁶
416 488 553 529 Explicit
583 488 660 519 liber
690 489 946 521 Pronosticorum

171 540 339 582 Ypocratis
355 551 424 570 eum
440 545 615 571 commento
632 540 794 571 Gallieni.''

85 598 113 625 4.
131 595 280 636 Ejusdem
314 595 392 625 liber
421 595 459 626 de
488 595 637 637 regimine
670 601 843 633 acutorum,
875 608 945 627 cum

146 646 281 687 ejusdem
305 650 490 683 commento,
513 647 620 677 eodem
642 647 831 689 interprete;
856 648 945 679 initio

143 697 241 728 mutil.
267 697 319 728 fol.
337 707 406 738 203.

186 748 284 790 Incip.
314 749 346 779 in
371 749 472 779 verbis
498 753 675 785 comment,
701 754 718 766 “
846 751 944 792 partis

164 800 255 841 hujus
270 800 348 831 artis
363 800 525 838 medicine,
542 801 658 832 scilicet
675 801 922 832 medicacionis.”

106 927 107 930 ,
462 899 543 934 XC.

60 963 178 997 Codex
201 962 412 1002 chartaceus,
433 962 467 995 in
494 962 587 1002 folio,
612 963 646 996 ff.
663 967 719 1005 83,
738 976 828 999 anno
849 968 943 999 1480

83 1032 185 1054 manu
205 1020 378 1053 Willelmi
399 1020 524 1054 white
542 1022 698 1066 scriptus.

101 1081 177 1111 This
200 1081 280 1111 boke
305 1080 330 1110 is
357 1080 411 1110 the
435 1091 512 1121 copy
532 1081 566 1111 of
584 1082 638 1113 the
662 1088 771 1114 extent
793 1084 828 1114 of
844 1084 943 1115 lorde-

123 1132 248 1174 shippes
263 1132 324 1162 and
342 1131 448 1162 londes
464 1137 659 1175 pel-teynyng
674 1140 750 1165 unte
765 1135 819 1166 the
835 1136 896 1166 erle
913 1136 947 1166 of

122 1183 260 1214 Ormond
275 1183 306 1213 in
324 1183 447 1213 Irlande
463 1187 530 1214 atte
552 1184 607 1215 the
625 1189 709 1226 tyme
730 1187 764 1217 of
780 1187 834 1217 the
857 1188 943 1218 mal<-

123 1235 175 1277 ing
197 1235 231 1266 of
248 1235 301 1266 the
320 1234 388 1265 said
414 1239 548 1271 extents,
566 1236 639 1267 with
664 1238 767 1278 copies
794 1239 828 1269 of
849 1239 943 1270 dedes

123 1287 184 1318 and
208 1287 296 1318 other
319 1286 435 1326 thingis
462 1286 493 1316 in
520 1287 574 1318 the
601 1299 704 1324 same;
740 1290 857 1320 whiehe
880 1291 943 1321 this

121 1350 198 1380 copy
214 1350 276 1369 was
294 1338 401 1379 copied
425 1337 457 1367 in
480 1338 535 1368 the
557 1350 599 1369 xx
622 1351 695 1381 yere
717 1341 751 1371 of
771 1341 825 1372 the
849 1353 943 1384 regne

122 1391 156 1421 of
179 1392 262 1432 kyng
288 1391 423 1422 Edward
450 1392 504 1422 the
530 1392 635 1423 fourth
661 1397 733 1423 oute
760 1393 794 1423 of
817 1405 835 1424 a
862 1394 942 1424 beke

122 1442 218 1473 called
235 1444 289 1475 the
309 1445 404 1475 redde
427 1445 517 1480 boke.
535 1444 651 1474 whiche
673 1454 734 1474 was
755 1444 786 1474 111
808 1450 892 1486 tyme
912 1445 946 1475 of

121 1494 175 1525 the
190 1495 342 1537 wrytinge
354 1496 446 1527 herof
457 1497 487 1526 in
501 1496 555 1527 t'ne
570 1495 685 1536 keping
698 1495 733 1525 of
744 1495 853 1527 James
867 1496 941 1527 Bot-

122 1545 166 1576 ler
181 1545 279 1577 eldest
295 1558 369 1578 sone
385 1548 419 1577 of
430 1548 575 1578 Edmond
592 1547 796 1578 Richardson.

162 1596 237 1639 Beg.
257 1602 274 1615 ‘⁴
290 1598 433 1630 Extenta
456 1603 611 1630 terrarum
635 1603 667 1630 et
694 1603 943 1630 tenementorum

143 1648 295 1680 Pincerne
318 1650 448 1681 Hibern.
465 1651 496 1681 in
519 1650 671 1681 comitatu
692 1651 730 1681 de
752 1651 943 1682 Katherlath

142 1700 226 1732 facta
241 1712 346 1732 coram
362 1702 497 1733 Ricardo
516 1702 544 1733 le
567 1702 699 1733 Botiller
719 1707 751 1733 et
774 1703 816 1733 H.
833 1703 942 1734 clerico

142 1751 191 1781 die
206 1752 349 1783 dominic.
375 1763 463 1792 prox.
488 1757 559 1794 post
574 1753 687 1784 festum
704 1753 888 1784 Nativitatis
905 1754 941 1784 B.

142 1803 163 1833 J
166 1803 296 1834 ohannis
312 1804 466 1847 Baptistc,
482 1816 562 1835 anno
585 1805 667 1846 regis
692 1805 839 1836 Edwardi
856 1807 940 1848 xxxj.

142 1865 197 1895 per
212 1860 440 1887 sacramentum
456 1856 730 1898 subscript01'um.”

448 1949 547 1984 XCI.

60 2011 355 2051 Membranaceus,
374 2014 408 2046 in
428 2013 520 2051 folio,
539 2013 575 2047 ff.
595 2017 616 2048 3
632 2018 667 2047 et
683 2017 763 2054 225,
777 2027 844 2050 see.
859 2017 941 2054 xiii..

83 2070 171 2104 binis
189 2070 358 2104 columnis
380 2071 469 2105 bene
496 2077 658 2106 exaratus
671 2085 678 2112 ;
711 2073 793 2108 olim
821 2075 942 2109 decani

83 2127 126 2160 de
145 2127 320 2167 Crediton,
334 2139 377 2162 ex
397 2128 569 2173 legatione
584 2129 644 2163 W.
660 2130 808 2172 Palmer,
823 2137 943 2177 postea

85 2185 252 2219 Gulielmi
270 2184 396 2231 Muggi
415 2198 459 2220 ex
478 2188 568 2221 dono
587 2188 728 2234 Georgii
744 2189 879 2224 Mason.

103 2246 247 2277 Gulielmi
262 2246 388 2277 Peraldi
403 2247 618 2289 Lugdunensis
630 2260 709 2291 opus
724 2250 763 2280 de
778 2251 860 2282 vitiis
876 2263 942 2294 sep-

123 2302 187 2328 tem
202 2297 235 2327 in
250 2302 355 2338 partes
370 2298 501 2329 totidem
517 2299 709 2332 distinctum.

166 2348 228 2379 Tit.
255 2352 273 2365 ‘⁴
289 2348 405 2390 Incipit
429 2354 584 2382 tractatus
610 2352 735 2383 moralis
759 2353 797 2384 de
822 2359 941 2396 septem

145 2399 229 2430 viciis
245 2399 428 2440 capitalibus
444 2405 475 2432 et
491 2402 528 2432 de
545 2408 672 2443 peceato
687 2404 818 2444 lingue.”

169 2450 285 2481 Exstat
301 2451 439 2492 impress
458 2452 563 2483 Gelon.
584 2464 674 2494 1479.

130 2528 141 2531 s
166 2501 204 2531 In
219 2501 312 2538 calce,
329 2506 347 2518 “
361 2502 497 2543 Explicit
515 2515 635 2536 summa
656 2506 693 2536 de
714 2507 799 2538 viciis
821 2512 941 2549 septem

144 2555 175 2582 et
191 2562 297 2582 eorum
313 2552 472 2593 speciebus
487 2554 716 2592 mult-imoclis;”
737 2558 785 2588 cui
802 2560 940 2590 succedit

144 2602 251 2633 tabula
267 2603 471 2643 capitulorum
487 2604 584 2635 totius
600 2607 710 2646 operis.

166 2653 300 2691 Deinde,
322 2666 401 2685 man.
426 2660 531 2686 recent.
554 2657 667 2688 notitia
688 2659 725 2689 de
751 2660 939 2692 dissensione

145 2709 215 2736 orta
229 2705 312 2736 inter
327 2705 490 2736 canonicos
506 2706 577 2736 eccl.
594 2707 763 2750 collegiatae
780 2711 818 2741 de
834 2712 939 2742 Credi-

145 2759 200 2786 ton
214 2760 245 2787 et
261 2757 410 2788 decanum
427 2757 565 2797 ejusdem
580 2768 636 2799 pro
651 2762 824 2793 mortuario
840 2763 939 2804 cujus-

1085 237 1156 268 dam
1174 238 1325 270 willelmi
1349 240 1518 283 Bremryge
1540 242 1578 272 de
1600 241 1779 279 Shobroke;
1812 246 1880 277 Oct.

1090 291 1177 329 1518.

1107 339 1144 369 In
1169 340 1221 370 fol.
1243 343 1283 382 3*
1304 342 1345 378 b.‚
1362 348 1379 359 ‘·
1395 343 1487 374 Liber
1508 343 1554 374 M.
1572 344 1721 376 Willelmi
1746 346 1880 381 l‘almer,

1085 391 1240 430 quondam
1264 394 1452 432 precentoris
1479 395 1613 427 ecclcsiae
1635 397 1784 428 Crediton
1800 409 1881 439 emp-

1086 444 1136 471 tus
1166 452 1184 471 a
1215 442 1335 474 Thoma
1360 444 1491 487 Veyscy,
1523 448 1710 479 stacionario
1742 449 1882 480 London.

1085 502 1141 532 pro
1158 493 1264 534 xxxiij.
1282 505 1304 523 s.
1319 494 1388 535 iiij.=1
1400 508 1481 527 anno
1496 497 1613 529 Christi
1632 509 1723 541 1433,
1735 500 1766 530 in
1779 511 1882 531 mense

1086 544 1225 574 octavo?

1108 598 1127 611 “
1142 594 1204 625 Hic
1224 595 1301 626 liber
1316 597 1491 638 disponitur
1509 600 1624 630 decano
1640 610 1672 631 et
1688 601 1882 641 parochianis

1084 645 1231 676 Crediton
1247 658 1302 687 per
1317 654 1513 680 executorem
1530 651 1605 682 dicti
1621 651 1668 682 M.
1681 652 1734 683 W.
1748 653 1881 685 Palmcr.

1085 695 1130 725 M.
1148 695 1169 725 J
1173 696 1309 728 ohannes
1328 698 1486 739 Lyndon.”

998 838 1118 873 Codex
1146 841 1440 879 membranaceus,
1469 843 1503 876 in
1532 843 1622 881 folio,
1651 844 1683 878 fl'.
1705 848 1786 885 198,
1813 858 1879 883 see,

1022 902 1101 935 xiv..
1131 902 1220 936 binis
1247 903 1416 937 columnis
1441 904 1550 938 nitide
1574 912 1753 946 exaratus;
1781 908 1879 941 initio

1022 964 1058 993 et
1078 961 1147 994 fine
1164 961 1321 994 mutilus.

1039 1020 1287 1051 Commentarius
1304 1021 1334 1051 in
1351 1021 1584 1053 Sententiarum
1605 1023 1715 1054 librum
1737 1026 1876 1066 primum,

1066 1073 1204 1113 [auctore
1221 1073 1358 1103 Roberto
1374 1074 1502 1104 Cowton
1513 1075 1536 1114 ἒ]

1104 1124 1202 1165 Incip.
1225 1124 1255 1154 111
1278 1124 1390 1161 verbis,
1408 1130 1425 1141 “
1441 1125 1513 1155 boni
1538 1130 1569 1156 et
1593 1126 1706 1156 bonum
1730 1127 1759 1157 in
1781 1128 1878 1158 infini-

1082 1179 1148 1205 tum
1165 1179 1196 1205 et
1212 1175 1329 1206 tenet.''

1103 1226 1202 1267 Incip.
1225 1226 1362 1257 distinct.
1381 1236 1408 1262 2,
1431 1232 1539 1268 quaest.
1562 1239 1587 1265 1,
1607 1234 1624 1245 ‘⁴
1641 1228 1732 1260 Circa
1758 1230 1881 1261 distinc-

1081 1278 1198 1308 tionem
1220 1278 1386 1308 secundam
1403 1290 1498 1319 quero
1517 1279 1629 1320 primo,
1646 1279 1762 1311 Utrum
1779 1281 1880 1312 Deum

1081 1340 1148 1359 esse
1164 1329 1206 1359 sit
1221 1340 1277 1370 per
1292 1331 1356 1359 se.⁷'

1104 1379 1203 1410 Defic.
1219 1379 1249 1409 in
1263 1380 1364 1411 verbis
1377 1386 1486 1422 quaest.
1499 1392 1516 1422 3
1531 1382 1668 1413 distinct.
1686 1383 1764 1413 xlvii.
1783 1387 1800 1399 ⁴⁴
1812 1383 1881 1414 licet

1081 1431 1213 1461 actualis
1229 1431 1403 1462 abstraccio
1420 1433 1478 1464 sit*

1103 1481 1202 1523 Incip.
1218 1488 1382 1514 comment.
1400 1484 1431 1514 in
1447 1484 1585 1515 distinct.
1602 1486 1742 1523 eandem,
1761 1490 1779 1502 “
1791 1485 1881 1517 Circa

1082 1533 1312 1564 distinctionem
1328 1545 1366 1574 47
1386 1536 1528 1577 queritur
1546 1536 1662 1567 Utrum
1681 1538 1758 1579 ydee
1774 1538 1836 1569 sint
1851 1538 1882 1568 in

1080 1585 1215 1615 mente.”

1397 1668 1535 1704 XCIII.

996 1729 1216 1769 Chartaceus,
1242 1731 1276 1763 in
1302 1730 1395 1771 folio,
1422 1731 1455 1764 ff.
1476 1734 1556 1771 325,
1586 1744 1731 1777 quorum
1758 1733 1791 1767 ff.
1811 1737 1880 1768 200

1020 1800 1130 1833 usque
1165 1789 1207 1821 ad
1237 1789 1340 1823 finem
1372 1801 1480 1823 vacua
1512 1795 1601 1829 sunt,
1640 1802 1704 1824 sec.
1724 1792 1792 1825 xvi.
1823 1804 1881 1825 ex-

1021 1847 1144 1880 euntis.

1039 1907 1195 1948 Anonymi
1212 1907 1372 1949 cujusdam
1390 1907 1420 1937 S.
1435 1907 1612 1950 Theologiae
1629 1909 1808 1950 professoris
1824 1909 1879 1940 lec-

1059 1963 1138 1988 turae
1155 1958 1192 1988 de
1205 1958 1422 1989 controversiis
1435 1958 1516 1989 inter
1529 1959 1727 1990 Reformatos
1742 1964 1773 1991 et
1788 1960 1878 1990 eccle-

1059 2009 1137 2040 siam
1158 2009 1343 2045 Romanam,
1363 2021 1418 2050 per
1433 2021 1532 2041 annos
1551 2012 1756 2052 1586—1588
1785 2012 1878 2052 [apud

1060 2060 1212 2091 Oxoniam
1224 2061 1247 2101 3]
1266 2061 1390 2092 habitae.

1102 2111 1200 2153 Incip.
1219 2112 1340 2151 “Quod
1366 2112 1458 2142 foelix
1479 2113 1676 2154 faustumque
1697 2115 1738 2145 sit
1759 2118 1878 2145 contro-

1080 2163 1186 2193 versiis
1209 2164 1247 2194 de
1269 2163 1416 2204 religione
1443 2175 1549 2195 omnes
1570 2176 1638 2206 quae
1663 2166 1744 2197 inter
1768 2177 1823 2196 nos
1846 2170 1877 2196 et

1080 2213 1255 2255 pontificios
1267 2214 1429 2255 agitantur
1444 2216 1628 2247 tractandas
1643 2217 1793 2258 suscepi.’'

1101 2265 1205 2295 Desiu.
1223 2265 1255 2295 in
1277 2265 1346 2296 leet.
1365 2266 1399 2296 81
1421 2266 1567 2297 Decemb.
1589 2277 1636 2303 12,
1657 2268 1734 2308 1588
1757 2268 1874 2304 habita,

1080 2317 1161 2347 “illa
1176 2317 1326 2358 petitione
1342 2318 1524 2358 Augustini,
1540 2329 1631 2358 quam
1649 2319 1679 2348 111
1695 2318 1874 2359 praefatione

1080 2369 1352 2399 Retractationum
1364 2380 1489 2399 suarum
1506 2369 1593 2410 pouit
1608 2369 1748 2399 omnibus
1760 2369 1874 2398 bonis.“'

1368 2461 1504 2496 XCIV.

994 2523 1294 2562 Membranaeeus,
1313 2524 1346 2556 in
1363 2524 1455 2563 folio,
1471 2524 1504 2557 ff.
1521 2526 1601 2561 245,
1616 2534 1753 2557 secuxv..
1770 2534 1872 2555 manu

1018 2581 1140 2614 Italica
1158 2582 1289 2626 optime
1307 2587 1467 2614 exaratus
1485 2585 1518 2613 et
1538 2581 1648 2624 quoad
1675 2579 1789 2613 literas
1811 2581 1874 2613 ini-

1016 2639 1115 2673 tiales
1142 2645 1302 2679 ornatus3
1329 2639 1409 2672 olim
1436 2639 1573 2672 Thema*
1593 2637 1693 2671 Keeh
1718 2649 1761 2671 ex
1780 2638 1870 2671 dono

1017 2696 1067 2730 M.
1087 2697 1227 2730 Thomae
1247 2697 1381 2741 Gansly.

1034 2756 1182 2797 Diogenis
1200 2756 1316 2787 Laertii
1333 2756 1370 2786 dc
1386 2755 1456 2786 vitis
1471 2758 1566 2795 atque
1591 2755 1752 2786 sententiis
1770 2755 1873 2786 Philo-

1115 2819 1135 2842 E
1154 2812 1176 2842 2
