2254 3117
350 147 395 181 56
912 146 1213 183 CATALOGUS
1239 147 1475 183 CODICUM
1503 149 1612 184 MSS.

368 246 397 274 12.
416 244 532 286 AEgidii
550 243 687 280 Carlerii,
705 243 812 275 decani
833 244 903 275 eccl.
920 245 1091 281 Gamerae,
1108 256 1233 286 respon-

433 296 478 326 sio
500 296 539 326 ad
568 295 735 325 secundum
762 295 927 326 articulum
950 300 1060 326 contra
1084 296 1232 327 Hussitas

433 348 471 377 de
487 346 676 387 corrigendis
691 347 827 386 peccatis
842 346 980 387 publicis.
1005 358 1034 388 p.
1051 357 1119 387 219.

476 397 592 427 Exstat
607 396 679 426 ibid.
697 397 753 427 vol.
772 397 808 427 iv.
827 409 856 438 p.
869 399 940 439 566.

369 457 397 485 3.
416 455 545 486 Henrici
563 456 746 487 Kaltheisen
767 458 926 498 responsio
947 458 987 488 ad
1007 458 1134 489 tertium
1157 458 1231 488 arti-

432 506 533 536 culum
558 506 760 537 Hussitarum
783 507 821 537 de
845 512 1001 548 potestate
1024 507 1231 538 ecclesiastica

432 562 464 589 et
479 558 578 588 officio
594 558 791 599 praedicandi.
813 570 842 600 p.
854 568 925 601 355.

475 609 593 641 Exstat
609 610 681 641 ibid.
698 611 755 641 vol.
772 611 809 641 iv,
827 622 854 652 p.
870 612 940 642 628.

370 665 395 693 4.
413 664 435 693 J
438 664 569 695 ohannis
586 664 730 696 Polemar
745 666 910 697 archidiac.
928 666 1165 697 Barcinonensis
1185 678 1231 698 re-

431 716 556 755 sponsio
585 716 625 746 ad
655 721 801 757 quartum
829 718 995 748 articulum
1022 718 1230 749 Bohemorum

431 767 469 796 de
485 767 620 797 dominio
636 767 770 799 ecclesiae
787 769 959 810 temporali.
984 781 1012 810 p.
1026 778 1097 810 535.

474 819 591 850 Exstat
607 819 680 850 ibid.
698 820 755 851 vol.
772 821 808 851 iv.
827 832 857 863 p.
872 830 942 861 7¹0·

477 869 512 899 ln
539 869 633 906 calce,
660 874 678 887 “
695 870 875 912 Expliciunt
902 872 1118 913 responciones
1148 872 1229 902 dom.

451 920 473 949 ,J
476 921 606 951 ohannis
619 921 776 958 Polomar‚
788 922 921 953 auditor.
936 923 1013 953 sacri
1031 923 1140 963 palacii
1157 934 1229 964 apo-

451 971 563 1009 stolici,
596 973 762 1003 archidiac.
793 973 864 1004 eccl.
896 974 1082 1004 Barchinon.
1114 975 1229 1005 decret.

451 1023 535 1054 doct.
558 1023 599 1054 ad
625 1024 785 1065 proposita
812 1036 866 1066 per
892 1025 1075 1066 magistrum
1100 1025 1228 1055 Petrum

453 1074 576 1116 [Paiue]
596 1074 762 1116 Anglicum
784 1075 963 1112 hereticum,
984 1088 1037 1107 scu
1057 1077 1097 1106 ad
1118 1077 1230 1107 articu-

449 1125 512 1155 lum
524 1130 669 1167 quartum
684 1127 899 1163 Bohemormn.
912 1128 963 1168 qui
977 1128 1116 1169 estquod
1129 1128 1229 1158 clerici

451 1187 512 1207 non
528 1177 641 1208 debent
657 1177 771 1208 habero
787 1179 971 1219 temporalia
987 1178 1068 1209 facte
1087 1179 1117 1209 in
1135 1190 1227 1219 gene-

450 1228 506 1258 rali
530 1229 770 1270 congregatione
793 1230 910 1260 concilii
934 1230 1111 1261 Basiliensis
1133 1231 1172 1260 A.
1189 1231 1229 1261 D.

454 1280 563 1321 1433-''

473 1332 618 1363 Meminit
635 1335 790 1363 tractatus
811 1332 901 1363 istius
917 1332 993 1363 Tho.
1008 1333 1182 1374 Gascoigne
1199 1334 1229 1363 in

451 1383 646 1414 Dictionario
669 1395 724 1414 suo
746 1384 929 1425 theologico,
955 1385 1011 1415 sub
1035 1385 1118 1415 verb.
1144 1385 1229 1415 l‘rae-

451 1435 565 1472 dicare,
584 1434 654 1465 MS.
672 1435 738 1465 coll.
758 1435 895 1465 Liucoln.
915 1436 1041 1476 [cxwr]
1068 1447 1096 1477 p.
1114 1444 1185 1477 455.

366 1498 393 1525 5.
413 1494 584 1536 Responsio
606 1495 652 1525 M.
670 1495 788 1536 AEgidii
811 1494 990 1537 [CarleriiZ]
1014 1496 1075 1526 ‘ad
1098 1496 1230 1536 replicas

428 1545 509 1575 dom.
528 1545 651 1576 Nicolai
670 1546 848 1577 memorati*
864 1547 940 1577 (lata
960 1557 1063 1577 coram
1082 1547 1230 1577 Patribus

428 1597 460 1626 in
485 1597 726 1638 congregatione
755 1597 899 1639 generali,
925 1599 964 1628 A.
982 1598 1021 1629 D.
1043 1608 1131 1639 1433,
1161 1609 1229 1629 cum

430 1647 620 1689 praefatione.
645 1660 674 1690 p.
690 1650 762 1690 631.

472 1697 568 1739 lncip.
585 1698 670 1739 praef.
689 1704 706 1715 ‘⁴
720 1699 797 1730 Cum
814 1700 964 1731 exerescit
981 1700 1087 1742 ignis.”

472 1749 567 1791 Incip.
590 1761 710 1792 respon.
733 1756 750 1767 ‘⁴
764 1751 841 1782 Cum
864 1751 993 1792 replicas
1016 1756 1127 1783 contra
1150 1752 1228 1793 posi-

450 1801 599 1832 tioncm.”

365 1903 392 1933 (5.
411 1904 441 1934 S.
454 1904 604 1934 Ber-nardi
622 1904 745 1935 abbatis
761 1905 800 1935 ad
814 1905 988 1946 Eugenium
1001 1906 1039 1936 de
1055 1906 1229 1938 considera-

429 1956 513 1986 tione
529 1955 597 1985 libri
614 1956 756 1997 quinque.
782 1968 811 1997 p.
828 1965 898 1997 727.

474 2007 560 2037 Inter
572 2018 677 2048 opera,
687 2008 735 2038 ed.
748 2008 845 2038 Paris.
862 2011 952 2049 1690,
966 2013 1040 2039 tom.
1055 2009 1073 2039 i.
1086 2009 1142 2040 col.
1155 2018 1227 2049 407.

475 2059 511 2088 ln
530 2059 622 2093 ealce,
641 2060 809 2101 “Explicit
830 2060 907 2090 liber
928 2060 1054 2101 quintus
1077 2060 1228 2092 Bernardi

451 2110 574 2140 abbatis
596 2111 633 2141 de
655 2111 899 2142 consideratione
919 2112 959 2142 ad
980 2112 1153 2153 Eugenium
1176 2123 1228 2153 pa-

450 2171 540 2201 pa1n3
565 2161 632 2191 Deo
647 2161 795 2201 g1·atias.”

367 2221 394 2250 7.
412 2219 538 2250 Ricardi
555 2220 592 2250 (10.
609 2220 703 2260 Bury,
720 2231 766 2261 epa
781 2221 1005 2255 Dunclmensis.
1022 2221 1227 2252 Pliilobiblon.

430 2283 459 2312 P·
480 2280 549 2311 79¹⁴

657 2352 823 2386 CLXVI.
856 2358 916 2397 (Β.)

347 2420 465 2452 Codex
480 2418 771 2457 membranaceus,
784 2418 817 2450 in
834 2418 914 2451 folio
927 2419 1088 2453 maximo.
1102 2418 1134 2452 ff.
1148 2422 1226 2455 303.

369 2490 435 2511 sce.
452 2478 519 2510 xiv.
539 2476 709 2515 exeuntis,
727 2476 814 2509 binis
833 2476 1001 2510 columnis
1020 2477 1129 2510 nitide
1148 2489 1228 2510 exa-

374 2541 473 2574 ratus,
493 2535 604 2579 quoad
628 2534 743 2568 literas
767 2533 916 2566 initiales
940 2545 1023 2567 auro
1042 2534 1228 2568 coloribus-

371 2605 437 2637 que
456 2597 606 2626 ornatus.

392 2661 508 2691 Nicolai
532 2661 569 2691 (10
594 2661 677 2702 Lyra
702 2659 832 2702 postillae
857 2671 949 2701 super
972 2660 1096 2691 Veteris
1119 2661 1249 2692 'sestam

412 2714 506 2743 menti
530 2712 635 2750 libros,
658 2712 710 2754 qui
733 2716 912 2753 sequuntur,
936 2711 999 2742 scil.
1020 2711 1164 2742 Genesim
1188 2713 1226 2743 ad

412 2764 497 2793 Ruth
524 2763 679 2801 inclusive,
704 2764 824 2805 Regum
850 2767 994 2804 quatuor,
1020 2763 1228 2804 Paralipome-

1349 257 1410 277 non
1429 248 1499 284 duo,
1520 247 1631 278 Esdrae
1654 247 1724 283 duo,
1747 247 1894 286 Neemiae,
1911 249 2036 286 Esther,
2054 249 2173 284 Tobiae,

1349 297 1371 326 J
1375 297 1474 334 udith,
1506 297 1579 335 Job,
1615 298 1786 329 parabolas
1822 299 2006 338 Salomonis,
2041 300 2173 331 Ecclesi-

1349 351 1450 384 asten‚
1466 347 1597 379 Cantica
1616 349 1826 386 Canticorum,
1849 349 2040 391 Sapientiam
2064 354 2096 381 et
2116 351 2172 381 Ec-

1350 398 1565 430 clesiasticum.

1635 480 1827 515 CLXVII.

1287 541 1407 575 Codex
1426 543 1721 582 membranaceus,
1740 544 1774 576 in
1793 543 1876 576 folio
1896 543 2028 583 minori,
2042 543 2076 577 ff.
2091 546 2170 583 215,

1311 611 1377 633 sec.
1396 601 1467 633 xiii.
1486 601 1647 641 ineuntis,
1666 601 1755 634 binis
1778 601 1947 634 columnis
1965 602 2074 635 nitide
2093 613 2172 635 exa—

1311 662 1425 697 ratus;
1452 670 1496 691 ex
1516 659 1606 692 dono
1626 658 1721 693 Will.
1737 658 1841 703 Gray.

1329 719 1357 747 1.
1375 718 1497 748 Rabani
1526 718 1642 755 Mauri,
1669 729 1717 759 ep.
1743 718 1989 759 Ratisponensis,
2021 730 2173 749 commen-

1392 769 1491 799 tarius
1507 780 1600 810 super
1610 769 1764 806 Genesim,
1778 770 1893 810 praevia
1909 770 1949 800 ad
1964 769 2173 811 Freculphum

1393 820 1586 860 praefatione.
1610 820 1661 850 fol.
1678 830 1706 861 3.

1435 871 1496 901 Tit.
1519 876 1536 887 *⁴
1550 871 1665 912 Incipit
1688 871 1820 913 epistola
1843 872 1965 902 Rabani
1988 872 2028 902 ad
2049 872 2173 903 Frecul-

1414 922 1476 952 siun
1493 923 1700 963 episcopiini.”

1436 973 1533 1014 Incip.
1552 978 1570 990 ‘⁶
1583 973 1773 1014 Magnorum
1789 974 1925 1004 virorum
1937 974 1963 1010 ;”
1986 977 2021 1005 ut
2036 974 2067 1004 in
2084 975 2157 1005 edit.

1435 1024 1472 1054 Iu
1486 1024 1577 1061 calce,
1593 1029 1609 1041 ‘'-
1622 1024 1760 1066 Explicit
1774 1025 1928 1066 exposicio
1942 1025 2064 1056 Rabani
2080 1036 2173 1066 super

1414 1075 1590 1106 Genesim.”

1328 1129 1356 1157 2.
1375 1128 1523 1168 Ejusdem
1537 1127 1690 1168 expositio
1707 1139 1798 1169 super
1812 1128 2063 1159 Maccabaeorum
2078 1128 2172 1159 libros

1391 1179 1463 1215 (luo,
1480 1189 1550 1209 cum
1571 1178 1754 1219 praesatioue
1769 1179 1810 1210 ad
1827 1179 2005 1216 Geroldum,
2022 1180 2101 1210 sacri
2118 1191 2171 1221 pa-

1392 1230 1458 1260 latii
1475 1229 1735 1260 archidiaconum.
1760 1230 1810 1260 fol.
1827 1231 1875 1260 81.

1435 1280 1496 1311 Tit.
1520 1284 1537 1297 ‘⁸
1551 1280 1718 1322 Exposicio
1739 1280 1861 1311 Rabani
1885 1280 1916 1310 in
1938 1280 2017 1311 libro
2041 1281 2171 1312 Macha-

1412 1332 1569 1363 beorum.”

1436 1383 1533 1425 Incip.
1552 1387 1570 1400 “
1586 1382 1714 1413 Memini
1731 1393 1779 1413 me
1795 1382 1826 1412 in
1843 1383 1962 1424 palacio
1973 1383 2002 1417 ;”
2026 1388 2060 1414 ut
2076 1383 2150 1414 ibid.

1436 1435 1471 1464 ln
1484 1434 1577 1471 calce,
1590 1438 1610 1451 “
1623 1433 1759 1475 Explicit
1772 1438 1928 1465 tractatus
1941 1434 2062 1465 Rabani
2079 1445 2170 1476 super

1414 1486 1659 1516 Machabcorum
1675 1485 1784 1515 libro.“'

1327 1540 1356 1568 53.
1374 1537 1524 1578 Ejusdem
1541 1536 1694 1578 expositio
1711 1547 1803 1577 super
1820 1537 1919 1567 Actus
1937 1537 2167 1578 Apostolorum,

1390 1600 1458 1625 cum
1476 1588 1613 1630 prologo.
1637 1587 1687 1617 fol.
1708 1597 1773 1628 143.

1434 1640 1496 1670 Tit.
1536 1645 1554 1656 ‘⁵
1570 1638 1687 1680 Incipit
1725 1642 1881 1669 tractatus
1918 1639 2041 1670 Rabani
2078 1650 2170 1681 super

1412 1691 1513 1722 Actus
1531 1690 1784 1731 Apostolorum.”

1434 1742 1530 1783 Incip.
1560 1745 1577 1758 ‘⁶
1596 1741 1696 1772 Lucas
1729 1741 1866 1771 medicus
1898 1741 2106 1778 Antioceusis,
2134 1745 2169 1771 ut

1411 1793 1476 1835 ejus
1492 1792 1648 1832 scripta;”
1670 1795 1704 1823 ut
1722 1791 1795 1822 ibid.

1433 1844 1471 1874 In
1483 1843 1577 1879 calce,
1588 1848 1605 1860 ⁴⁴
1617 1843 1754 1884 Explicit
1767 1846 1923 1873 tractatus
1936 1842 2060 1873 Rabani
2071 1843 2097 1879 3³³
2109 1846 2168 1873 etc.

1327 1898 1353 1927 4.
1373 1895 1537 1937 Expositio
1554 1894 1648 1925 Bedae
1669 1894 1707 1924 (le
1728 1893 1902 1924 nominibus
1923 1894 2045 1924 urbium
2060 1893 2108 1924 vel
2125 1893 2169 1924 lo—

1390 1957 1505 1983 corum,
1530 1957 1598 1987 quae
1622 1945 1767 1987 leguntur
1790 1945 1821 1975 in
1846 1945 1978 1975 Actibus
2002 1944 2168 1985 Apostolo-

1389 2009 1467 2028 rum.
1490 1997 1540 2028 fol.
1561 2006 1619 2037 174
1632 1996 1661 2027 b.

1432 2049 1529 2090 Incip.
1547 2052 1565 2065 ‘⁴
1578 2047 1817 2083 Acheldemach,
1838 2058 1913 2088 ager
1933 2047 2099 2089 sanguinis⁷
2117 2047 2169 2088 qui

1409 2100 1502 2131 hodie
1531 2103 1725 2130 monstratur
1751 2098 1783 2128 in
1808 2098 1910 2140 Helya
1936 2099 1974 2128 ad
2001 2098 2169 2130 australem

1410 2151 1534 2192 plagam
1549 2149 1663 2180 montis
1680 2149 1762 2190 Syon
1775 2150 1803 2185 ;”
1826 2152 1902 2179 tom.
1919 2160 1946 2179 v.
1964 2160 1994 2190 p.
2008 2150 2080 2180 666.

1325 2205 1353 2233 5.
1372 2202 1466 2232 Liber
1476 2200 1617 2242 magistri
1629 2200 1759 2230 Roberti
1772 2200 1884 2241 prioris
1897 2200 1935 2231 de
1946 2200 2165 2237 Fdddeswide,

1388 2253 1427 2283 de
1442 2251 1595 2283 connubio
1612 2251 1720 2282 Jacob.
1745 2251 1795 2281 fol.
1816 2260 1882 2290 177.

1431 2303 1528 2344 Incip.
1548 2307 1565 2319 ‘⁴
1578 2303 1668 2342 Quod
1690 2302 1843 2343 significet
1859 2303 1942 2343 quod
1959 2302 2064 2333 Ysaac
2080 2313 2167 2333 voca-

1409 2354 1453 2385 vit
1469 2354 1488 2384 J
1491 2354 1597 2391 acob,”
1613 2359 1670 2384 etc.
1717 2358 1733 2371 ‘⁴
1748 2354 1798 2385 De
1812 2354 1914 2385 Jacob
1932 2354 2015 2394 quod
2034 2364 2167 2394 superna

1409 2406 1509 2447 pietas
1524 2405 1600 2435 mihi
1616 2405 1733 2436 donare
1749 2404 1961 2446 dignabitur.”

1431 2457 1628 2492 Praecedunt.

1345 2518 1373 2538 a.
1393 2506 1635 2537 Praefatiuncula
1672 2507 1712 2538 ad
1744 2506 1946 2537 Laurentium
1982 2506 2166 2536 monachum

1410 2557 1632 2588 monachofanc
1644 2570 1651 2594 3
1672 2558 1764 2599 incip.
1777 2562 1794 2575 ‘⁵
1807 2558 1889 2588 Dum
1900 2557 2000 2588 adhue
2013 2557 2166 2588 scolaris?

1346 2610 1374 2641 b.
1392 2609 1502 2640 Oratio
1529 2609 1664 2640 auctoris
1678 2623 1686 2645 ς
1726 2609 1817 2651 incip.
1846 2613 1864 2626 ‘⁶
1880 2609 2000 2650 Regum
2030 2609 2166 2639 omnium

1410 2672 1464 2690 rex
1490 2660 1588 2691 Jhesu
1613 2661 1745 2697 Christe,
1770 2661 1821 2701 qui
1849 2660 1967 2691 sitienti
1993 2659 2106 2701 populo
2134 2659 2165 2690 in

1409 2711 1562 2742 herema*

1430 2762 1469 2793 In
1499 2763 1592 2801 ealce,
1624 2766 1641 2779 ‘⁶
1658 2762 1788 2794 Autoris
1819 2772 1929 2792 nomen
1960 2762 2012 2803 qui
2043 2761 2164 2803 queris,-
