2254 3117
657 156 893 191 COLLEGII
924 159 1325 195 LINCOLNIENSIS.
1851 163 1894 193 35

217 254 315 296 Incip.
327 258 345 271 ‘²
356 254 399 285 Et
412 254 527 285 factum
543 258 602 291 est,
616 258 675 286 etc.
711 255 761 286 Sic
773 255 855 286 inter
867 257 970 288 onmia

196 305 356 339 cantica?
379 306 453 336 ibid.
470 310 547 336 tom.
560 306 600 336 xi.
616 306 672 336 col.
686 314 755 345 727.

112 357 141 388 6.
159 357 286 388 Ensebii
300 356 455 398 Pamphili
468 357 505 387 (le
518 357 579 388 situ
595 363 626 387 et
642 357 816 387 nominibus
831 357 968 389 locorum

176 408 403 439 Hebraicorum
418 408 450 438 in
463 409 548 439 libris
564 409 594 439 S.
607 408 787 449 Scripturae,
800 409 968 450 interprete

175 459 206 490 S.
218 459 419 500 Hieronymo.
433 470 502 490 cum
515 459 643 500 prologo
652 458 842 500 interpretis.
858 460 907 490 sol.
916 461 967 499 48.

218 510 315 551 Incip.
333 514 350 526 ‘⁶
362 510 516 540 Eusebius
539 509 592 550 qui
611 520 630 540 a
644 509 738 540 beato
750 509 778 544 ;”
801 509 874 540 ibid.
892 515 965 541 tom.

197 561 239 592 iii.
257 561 313 591 col.
332 571 399 591 121.

219 613 256 643 In
279 613 373 649 calce,
395 618 413 630 ⁴⁸
430 612 567 654 Explicit
592 612 670 643 liber
696 612 794 643 sancti
818 611 969 643 Jeronimi

193 664 358 705 presbiteri
374 665 412 694 de
435 663 496 694 situ
518 663 580 694 sive
603 663 762 694 distanciis
778 664 824 694 vel
840 664 969 694 nomini-

195 716 252 746 bus
267 715 434 745 locorum.”

112 769 140 800 7.
158 767 189 798 S.
204 766 387 808 Hieronymi
413 770 570 797 tractatus
597 766 634 796 de
661 766 807 797 membris
831 766 968 797 Domini.

177 819 230 849 fol.
245 819 283 849 68
301 818 329 849 b.

220 869 316 911 Incip.
332 873 350 886 “
361 868 565 910 Omnipotens
577 868 675 905 Deus,
690 868 787 899 Pater
802 873 833 899 ct
846 869 970 899 Filius.”

113 924 141 952 8.
159 921 307 962 Ejusdem
322 920 481 951 nominum
498 920 724 950 Hebraicorum
742 920 969 961 interpretatio,

177 972 284 1004 ordine
298 971 506 1013 alphabetico.
531 971 581 1002 fol.
596 981 645 1011 72.

221 1024 302 1055 Ibid.
318 1029 392 1055 tom.
408 1023 452 1054 iii.
469 1023 525 1054 col.
543 1033 567 1053 1.

115 1082 143 1113 9.
168 1079 344 1120 Freculphi,
375 1079 510 1120 episcopi
546 1078 753 1115 Lexoviensis⁷
786 1078 970 1109 Clu-onicon.

177 1131 229 1161 fol.
246 1138 296 1170 97.

224 1181 287 1212 Tit.
304 1185 322 1198 “
340 1181 455 1222 Incipit
470 1180 548 1211 liber
565 1180 761 1222 Freculphi.''

221 1233 338 1264 Exstat
354 1233 493 1274 impress.
515 1242 593 1273 1539
610 1236 642 1263 et
657 1233 740 1263 alibi.

221 1284 401 1325 Sequuntur
417 1295 526 1321 causae.
545 1288 553 1301 ⁶
570 1284 652 1325 quod
668 1295 729 1314 non
745 1285 885 1314 omnibus
906 1296 973 1326 pas-

200 1336 258 1368 sim
273 1336 353 1367 sicut
368 1347 448 1367 nunc
465 1335 561 1367 etiam
577 1340 672 1367 antea
691 1336 831 1368 Christus
854 1337 974 1368 innotu-

201 1388 282 1424 erit‚'
299 1391 358 1418 etc.

489 1457 585 1492 LVI.

96 1516 216 1550 Codex
234 1516 526 1555 membranaceus,
545 1517 579 1549 in
595 1516 677 1550 folio
695 1516 828 1553 minori,
847 1515 880 1549 ff.
896 1519 975 1553 335,

119 1585 186 1607 sec.
202 1585 280 1613 xv.;
307 1584 351 1607 ex
369 1573 459 1606 dono
479 1572 529 1607 M.
549 1573 595 1605 W
596 1573 717 1606 illelmi
745 1572 851 1609 Rede.
871 1584 978 1617 quon-

121 1634 200 1666 dam
227 1632 344 1665 vicarii
368 1631 520 1665 ecclesiae
548 1631 589 1665 B.
606 1632 726 1666 Mariae
747 1631 976 1676 Magdalenae,

121 1689 282 1723 Oxoniae.

139 1744 269 1776 Roberti
286 1745 445 1782 Grostete,
459 1755 506 1784 ep.
522 1744 754 1781 Lincolniensis⁷
767 1755 860 1785 opera
876 1745 976 1779 varia;

160 1796 289 1834 scilicet,

119 1849 146 1878 1.
162 1847 270 1878 Dicta.
294 1846 345 1877 fol.
365 1857 392 1878 2.

225 1898 322 1939 Incip.
341 1902 359 1915 ‘⁶
372 1898 472 1928 Amor
487 1897 727 1939 multipliciter*

118 1956 147 1984 2.
164 1953 327 1985 Sermones
343 1953 516 1984 duodecim.
540 1953 591 1984 fol.
605 1961 659 1992 117
679 1953 707 1983 b.

225 2004 323 2046 Incip.
339 2004 360 2035 i.
379 2008 400 2022 ‘⁶
413 2004 567 2043 Quoniam
583 2003 735 2045 cogitacio
756 2004 888 2034 hominis
909 2015 978 2034 con-

203 2055 361 2092 fitebitur3
384 2054 604 2086 Confitendum
621 2058 679 2091 est,
694 2056 775 2096 quod
801 2055 978 2086 confessio.”

226 2107 263 2137 In
279 2106 372 2144 calce,

141 2163 158 2175 ’-
170 2159 272 2198 Quum
287 2158 379 2188 finem
398 2157 502 2198 tangit
518 2157 621 2198 operis
637 2157 815 2188 laudabitur
831 2157 880 2188 illc

172 2210 286 2240 Nullus
301 2213 376 2240 tunc
391 2208 489 2250 angit,
507 2208 578 2239 odio
593 2208 664 2239 licet
681 2214 767 2239 extet
782 2219 801 2239 a
815 2209 915 2245 mille3

214 2260 261 2291 M.
275 2260 331 2290 W.
343 2259 458 2290 Rede.''

119 2314 147 2343 3.
166 2312 260 2342 Liber
275 2312 314 2342 de
329 2310 464 2342 venenis.
489 2310 540 2341 fol.
559 2311 626 2352 163.

224 2363 323 2404 Incip.
346 2366 366 2380 “
383 2362 481 2392 Racio
512 2361 671 2403 potissime
701 2362 807 2392 veneni
835 2362 978 2393 convenit

205 2418 334 2456 peccato
349 2413 514 2455 prioritate
529 2413 684 2454 originis*

226 2464 264 2494 In
287 2464 380 2500 calce,
406 2468 426 2482 ‘⁵
444 2463 581 2504 Explicit
607 2466 762 2493 tractatus
791 2463 829 2494 de
855 2464 978 2495 venenis

205 2514 373 2544 secundum
390 2512 634 2543 Lincolniensem
650 2512 858 2553 episcopum.’'

122 2566 150 2596 4.
169 2565 263 2596 Liber
277 2566 315 2596 de
331 2565 444 2606 lingua.
468 2564 519 2595 fol.
536 2573 589 2604 177
609 2565 639 2594 b.

227 2616 325 2657 Incip.
345 2621 362 2633 ‘⁴
375 2616 529 2647 Dominus
544 2615 576 2645 in
593 2615 657 2646 celo
672 2615 803 2657 paravit,
820 2620 878 2647 etc.

204 2667 268 2698 lum
283 2667 397 2698 dicitur
412 2678 431 2698 a
446 2666 605 2697 celand0.’'

227 2718 265 2748 In
281 2718 372 2755 calce,
390 2717 558 2759 “Explicit
581 2721 736 2748 tractatus
758 2717 980 2752 Lincolniensis

205 2770 244 2800 de
258 2769 391 2811 lingua.”

924 2617 978 2648 Ce-

1042 259 1071 288 5.
1088 258 1207 289 Tabula
1219 270 1310 299 super
1326 258 1421 289 Dicta
1439 257 1665 288 Lincolniensis.
1689 257 1738 287 sol.
1752 258 1822 297 308.

1148 308 1246 349 Incip.
1264 313 1281 326 ‘⁸'
1298 309 1418 341 Abvioz
1443 308 1613 339 recederes*

1042 359 1071 389 (ἱ.
1088 359 1207 390 Tabula
1223 360 1253 389 in
1269 360 1379 390 librum
1395 360 1432 389 (le
1447 360 1559 399 lingua.
1584 359 1633 389 sol.
1650 367 1720 399 323.

1149 411 1327 451 Sequuntur
1342 411 1476 451 capitula
1493 411 1649 441 librorum.

1044 463 1071 493 Τ.
1089 462 1208 493 'sabula
1229 463 1329 493 altera
1345 467 1353 479 ‘
1367 462 1547 492 venerabilis¹
1570 461 1682 491 ‹loinini
1712 459 1898 490 Lincolnien-

1106 513 1146 543 sis
1162 514 1338 553 superdicta
1354 513 1511 553 ejusdem.'
1535 512 1583 542 fol.
1600 522 1671 553 331.

1404 614 1522 649 LVII.

1024 672 1143 705 Codex
1178 672 1472 712 membranaceus,
1505 672 1537 704 in
1567 673 1636 705 4to.
1669 670 1702 703 [Γ.
1725 672 1802 707 198,
1832 681 1897 703 sec.

1048 729 1120 762 xiii.

1068 789 1223 830 Anonymi
1236 790 1394 830 cujusdam
1406 790 1443 819 de
1457 788 1698 830 proprietatibus
1713 799 1814 818 rerum
1830 788 1897 817 libri

1088 840 1205 881 viginti.
1223 851 1290 870 cum
1307 840 1434 881 prologo
1450 846 1481 870 et
1497 840 1648 880 capitulis.

1152 891 1250 932 Incip.
1268 892 1344 932 prol.
1363 896 1382 909 “
1396 891 1547 930 Quoniam
1564 890 1726 920 invisibilia
1742 890 1833 920 Doi.”

1152 941 1251 983 Incip.
1268 942 1320 972 lib.
1338 942 1354 972 i.
1380 942 1409 972 in
1433 953 1492 982 quo
1515 941 1619 983 agitur
1645 942 1682 971 (le
1707 941 1901 971 firmamento

1131 997 1163 1023 et
1182 993 1361 1033 corporibus
1385 993 1565 1027 caelestibus,
1583 997 1602 1010 ‘⁴
1617 992 1752 1022 Mundus
1770 996 1804 1022 ut
1827 992 1900 1021 dicit

1133 1044 1307 1074 Mercurius
1323 1044 1422 1074 tribus
1438 1043 1563 1073 modis.”

1154 1095 1260 1125 Desin.
1277 1094 1332 1125 ult.
1351 1099 1368 1110 ‘²
1380 1094 1430 1135 qui
1447 1105 1502 1135 pro
1515 1094 1602 1124 nobis
1618 1094 1745 1134 pertulit
1761 1098 1900 1123 mortem.

1132 1146 1246 1176 Jhesus
1262 1145 1403 1176 Christus
1420 1145 1572 1175 Dominus
1588 1149 1703 1181 noster,
1719 1145 1847 1174 Amen?

1154 1197 1269 1227 Differt
1293 1197 1388 1227 codex
1414 1199 1520 1226 noster
1541 1200 1606 1226 tam
1628 1196 1667 1226 ab
1684 1195 1902 1225 Bartholomwi

1132 1259 1151 1278 a
1168 1248 1321 1279 Glanvilla
1337 1258 1429 1288 quam
1445 1247 1484 1278 ab
1501 1247 1540 1276 A.
1554 1246 1711 1277 Neckllam
1728 1257 1827 1286 opere.

1155 1299 1343 1340 Sequuntur,

1049 1363 1078 1382 a.
1097 1351 1216 1382 Tabula
1231 1354 1448 1381 contentorum
1464 1349 1668 1391 alphabetica.

1050 1404 1080 1434 b.
1098 1403 1223 1444 Regulae
1239 1402 1446 1439 medicinales,
1463 1401 1601 1432 versibus
1624 1401 1752 1432 leoninis
1770 1411 1905 1441 compre-

1114 1455 1226 1491 bensae,
1243 1465 1312 1484 cum
1328 1453 1475 1494 prologog
1499 1452 1589 1494 incip.

1032 1510 1051 1523 ‘⁴
1066 1505 1218 1544 Quoniam
1234 1504 1352 1534 firmius
1368 1503 1514 1534 memorie
1530 1502 1784 1534 commendantur
1793 1503 1821 1538 ;”
1838 1506 1896 1532 etc.

1033 1561 1049 1573 ‘²
1063 1556 1124 1587 Res
1141 1556 1223 1586 aloes
1239 1555 1355 1596 lignum
1371 1579 1376 1585 .
1390 1554 1530 1596 preciosa
1545 1554 1585 1584 sit
1601 1553 1658 1584 hoc
1670 1552 1727 1584 tibi
1744 1552 1892 1593 signum?

1404 1647 1542 1682 LVIII.

1034 1713 1332 1752 Membranaceus,
1346 1711 1380 1744 in
1395 1712 1455 1743 4t0
1470 1710 1601 1744 minori.
1615 1709 1646 1742 ff.
1662 1711 1740 1748 138,
1753 1720 1838 1742 secc.
1852 1719 1906 1740 xv.

1058 1776 1093 1804 et
1112 1771 1190 1809 xiv„
1217 1770 1305 1802 binis
1330 1768 1498 1802 columnis
1526 1772 1705 1805 exaratus3
1744 1778 1786 1800 ex
1818 1766 1906 1799 dono

1059 1827 1274 1861 Fundatoris.

1076 1890 1102 1918 1.
1129 1887 1297 1918 Sententiae
1318 1886 1536 1928 proverbiales,
1553 1886 1614 1916 sive
1639 1885 1780 1920 Phrases,
1798 1896 1814 1914 e
1832 1884 1905 1914 Poe-

1138 1939 1179 1970 tis
1204 1938 1325 1969 Latinis
1346 1937 1499 1978 praecipue
1518 1937 1661 1967 collectae.
1686 1936 1737 1966 fol.
1755 1946 1781 1965 1.

1181 1989 1276 2029 Incip.
1302 1992 1319 2005 ⁵<
1336 1988 1485 2029 Virgilius
1508 1988 1538 2018 in
1555 1986 1695 2028 Georgic.
1721 1996 1780 2015 non
1805 1985 1907 2015 onmia

1158 2050 1321 2080 possumus
1337 2039 1470 2069 omnes?q

1074 2094 1103 2122 2.
1123 2096 1129 2108 ‘
1148 2091 1262 2122 Modus
1288 2090 1477 2132 praedicandi
1502 2089 1654 2119 divisivus'
1686 2098 1739 2128 per
1769 2086 1908 2117 themata

1139 2143 1314 2173 distinctus.
1338 2142 1387 2172 fol.
1400 2152 1430 2182 5.

1180 2193 1277 2234 Incip.
1293 2197 1312 2210 ‘⁴
1326 2193 1388 2228 Ad,
1405 2202 1510 2233 quare.
1526 2202 1590 2232 per,
1606 2189 1759 2231 propter.”

1074 2251 1102 2280 3.
1120 2249 1237 2280 Nicolai
1257 2249 1308 2289 [de
1325 2248 1472 2284 Gorham‚
1485 2251 1519 2277 ut
1540 2245 1658 2276 notavit
1677 2255 1785 2275 manus
1805 2255 1907 2274 recen-

1138 2301 1211 2339 tior]
1232 2300 1385 2330 Themata
1395 2299 1432 2328 (le
1444 2297 1612 2333 dominicis,
1624 2296 1685 2326 sive
1697 2296 1736 2326 ad
1753 2306 1908 2325 sermones

1138 2364 1193 2394 per
1208 2352 1280 2383 anni
1297 2351 1442 2382 circulum
1458 2349 1612 2380 faciendos
1628 2351 1747 2388 aptata.
1770 2346 1821 2377 fol.
1839 2356 1885 2386 13.

1181 2403 1242 2434 Tit.
1261 2407 1278 2419 ‘⁴
1291 2401 1447 2443 Incipiunt
1464 2400 1603 2430 themata
1619 2398 1723 2428 fratris
1740 2397 1857 2428 Nicolai
1871 2397 1908 2427 de

1160 2453 1362 2484 Dominicis.”

1182 2503 1279 2543 Incip.
1297 2507 1314 2518 ‘²
1326 2502 1413 2531 Hora
1427 2500 1548 2539 estjam
1562 2510 1634 2533 nos;
1653 2502 1709 2528 etc.
1736 2498 1822 2528 Sicut
1835 2498 1907 2528 dicit

1160 2554 1281 2595 sapiens
1298 2553 1381 2583 Eccl.
1398 2552 1439 2581 iii.
1466 2550 1578 2580 Omnia
1593 2554 1714 2589 tempus
1730 2549 1873 2579 habent.”

1182 2605 1287 2635 Desin.
1306 2608 1324 2620 ‘⁶
1336 2602 1438 2644 posuit
1454 2600 1603 2642 prodigia,
1620 2604 1677 2630 etc.
1719 2599 1887 2640 Explicit.'’

1424 2703 1522 2737 LIX.

1036 2769 1335 2807 Membranaceus,
1353 2767 1388 2800 in
1401 2765 1493 2804 folio,
1512 2764 1545 2798 ff.
1562 2766 1641 2804 143,
1656 2775 1722 2798 sec.
1736 2776 1803 2804 xv„
1822 2764 1909 2799 bene

1133 2829 1152 2851 F
1171 2821 1192 2851 2
