<?xml version="1.0" encoding="UTF-8"?>
<!DOCTYPE html PUBLIC "-//W3C//DTD XHTML 1.0 Transitional//EN"
    "http://www.w3.org/TR/xhtml1/DTD/xhtml1-transitional.dtd">
<html xmlns="http://www.w3.org/1999/xhtml" xml:lang="en" lang="en">
 <head>
  <title>
</title>
<meta http-equiv="Content-Type" content="text/html;charset=utf-8" />
  <meta name='ocr-system' content='tesseract 3.04.00' />
  <meta name='ocr-capabilities' content='ocr_page ocr_carea ocr_par ocr_line ocrx_word'/>
</head>
<body>
  <div class='ocr_page' id='page_1' title='image "./cataloguscodicum01coxeuoft_0656.png"; bbox 0 0 2254 3117; ppageno 0'>
   <div class='ocr_carea' id='block_1_1' title="bbox 338 139 1593 178">
    <p class='ocr_par' dir='ltr' id='par_1_1' title="bbox 338 139 1593 178">
     <span class='ocr_line' id='line_1_1' title="bbox 338 139 1593 178; baseline -0.003 0"><span class='ocrx_word' id='word_1_1' title='bbox 338 148 358 178; x_wconf 77' lang='lat'><strong>2</strong></span> <span class='ocrx_word' id='word_1_2' title='bbox 892 139 1193 175; x_wconf 84' lang='lat' dir='ltr'>CATALOGUS</span> <span class='ocrx_word' id='word_1_3' title='bbox 1220 139 1455 174; x_wconf 90' lang='lat' dir='ltr'>CODICUM</span> <span class='ocrx_word' id='word_1_4' title='bbox 1483 139 1593 174; x_wconf 78' lang='lat' dir='ltr'>MSS.</span> 
     </span>
    </p>
   </div>
   <div class='ocr_carea' id='block_1_2' title="bbox 338 239 1224 2809">
    <p class='ocr_par' dir='ltr' id='par_1_2' title="bbox 363 239 1221 332">
     <span class='ocr_line' id='line_1_2' title="bbox 363 239 1221 272; baseline -0.003 0"><span class='ocrx_word' id='word_1_5' title='bbox 363 243 392 272; x_wconf 84' lang='lat'>8.</span> <span class='ocrx_word' id='word_1_6' title='bbox 409 240 569 272; x_wconf 80' lang='lat' dir='ltr'>Anastasii</span> <span class='ocrx_word' id='word_1_7' title='bbox 586 239 715 271; x_wconf 82' lang='lat' dir='ltr'>Sinaitae</span> <span class='ocrx_word' id='word_1_8' title='bbox 735 249 836 270; x_wconf 84' lang='lat' dir='ltr'>sermo</span> <span class='ocrx_word' id='word_1_9' title='bbox 859 239 890 269; x_wconf 89' lang='lat' dir='ltr'>iu</span> <span class='ocrx_word' id='word_1_10' title='bbox 914 243 1038 270; x_wconf 84' lang='lat' dir='ltr'>sextum</span> <span class='ocrx_word' id='word_1_11' title='bbox 1054 239 1221 269; x_wconf 87' lang='lat' dir='ltr'>Psalmum.</span> 
     </span>
     <span class='ocr_line' id='line_1_3' title="bbox 427 292 543 332; baseline 0 -10"><span class='ocrx_word' id='word_1_12' title='bbox 427 292 475 322; x_wconf 89' lang='lat' dir='ltr'>fol.</span> <span class='ocrx_word' id='word_1_13' title='bbox 493 301 543 332; x_wconf 84' lang='lat'>57.</span> 
     </span>
    </p>

    <p class='ocr_par' dir='ltr' id='par_1_3' title="bbox 444 341 1224 475">
     <span class='ocr_line' id='line_1_4' title="bbox 470 341 1224 380; baseline -0.001 -7"><span class='ocrx_word' id='word_1_14' title='bbox 470 343 532 373; x_wconf 79' lang='lat' dir='ltr'>Tit.</span> <span class='ocrx_word' id='word_1_15' title='bbox 552 342 760 377; x_wconf 86' lang='grc' dir='ltr'>Ἀναστασίου,</span> <span class='ocrx_word' id='word_1_16' title='bbox 785 354 808 371; x_wconf 93' lang='grc' dir='ltr'>κ.</span> <span class='ocrx_word' id='word_1_17' title='bbox 831 345 860 371; x_wconf 88' lang='grc' dir='ltr'>λ.</span> <span class='ocrx_word' id='word_1_18' title='bbox 884 342 984 379; x_wconf 81' lang='grc' dir='ltr'>ὁμιλία</span> <span class='ocrx_word' id='word_1_19' title='bbox 1005 342 1159 380; x_wconf 85' lang='grc' dir='ltr'>εὑρηθεῖσα</span> <span class='ocrx_word' id='word_1_20' title='bbox 1183 341 1224 372; x_wconf 82' lang='grc' dir='ltr'>εἰς</span> 
     </span>
     <span class='ocr_line' id='line_1_5' title="bbox 448 392 1222 432; baseline -0.004 -8"><span class='ocrx_word' id='word_1_21' title='bbox 448 395 498 424; x_wconf 86' lang='grc' dir='ltr'>τὸν</span> <span class='ocrx_word' id='word_1_22' title='bbox 522 407 539 428; x_wconf 78' lang='grc' dir='ltr'>ς</span> <span class='ocrx_word' id='word_1_23' title='bbox 562 393 685 432; x_wconf 83' lang='grc' dir='ltr'>ψαλμὸν</span> <span class='ocrx_word' id='word_1_24' title='bbox 712 393 758 422; x_wconf 87' lang='grc' dir='ltr'>καὶ</span> <span class='ocrx_word' id='word_1_25' title='bbox 785 393 826 423; x_wconf 82' lang='grc' dir='ltr'>εἰς</span> <span class='ocrx_word' id='word_1_26' title='bbox 850 392 902 430; x_wconf 82' lang='grc' dir='ltr'>τὴν</span> <span class='ocrx_word' id='word_1_27' title='bbox 928 393 1068 428; x_wconf 82' lang='grc' dir='ltr'>εἴσβασιν</span> <span class='ocrx_word' id='word_1_28' title='bbox 1094 394 1151 421; x_wconf 87' lang='grc' dir='ltr'>τῶν</span> <span class='ocrx_word' id='word_1_29' title='bbox 1176 404 1222 429; x_wconf 94' lang='grc' dir='ltr'>νη-</span> 
     </span>
     <span class='ocr_line' id='line_1_6' title="bbox 444 447 555 475; baseline 0 -1"><span class='ocrx_word' id='word_1_30' title='bbox 444 447 555 475; x_wconf 87' lang='grc' dir='ltr'>στειῶν.</span> 
     </span>
    </p>

    <p class='ocr_par' dir='ltr' id='par_1_4' title="bbox 448 493 1221 586">
     <span class='ocr_line' id='line_1_7' title="bbox 471 493 1221 535; baseline -0.003 -10"><span class='ocrx_word' id='word_1_31' title='bbox 471 495 564 535; x_wconf 85' lang='lat' dir='ltr'>Incip.</span> <span class='ocrx_word' id='word_1_32' title='bbox 582 494 752 533; x_wconf 81' lang='grc' dir='ltr'>πρέπουσαν</span> <span class='ocrx_word' id='word_1_33' title='bbox 774 496 822 532; x_wconf 86' lang='grc' dir='ltr'>τῆς</span> <span class='ocrx_word' id='word_1_34' title='bbox 837 498 873 525; x_wconf 87' lang='lat' dir='ltr'>ut</span> <span class='ocrx_word' id='word_1_35' title='bbox 896 493 927 523; x_wconf 88' lang='lat' dir='ltr'>in</span> <span class='ocrx_word' id='word_1_36' title='bbox 948 493 1111 524; x_wconf 85' lang='lat' dir='ltr'>Combefis.</span> <span class='ocrx_word' id='word_1_37' title='bbox 1130 493 1221 524; x_wconf 83' lang='lat' dir='ltr'>Auct.</span> 
     </span>
     <span class='ocr_line' id='line_1_8' title="bbox 448 545 800 586; baseline -0.003 -10"><span class='ocrx_word' id='word_1_38' title='bbox 448 546 525 576; x_wconf 89' lang='lat' dir='ltr'>Nov.</span> <span class='ocrx_word' id='word_1_39' title='bbox 542 550 618 576; x_wconf 90' lang='lat' dir='ltr'>tom.</span> <span class='ocrx_word' id='word_1_40' title='bbox 636 545 666 575; x_wconf 87' lang='lat' dir='ltr'>ii.</span> <span class='ocrx_word' id='word_1_41' title='bbox 683 556 712 586; x_wconf 88' lang='lat' dir='ltr'>p.</span> <span class='ocrx_word' id='word_1_42' title='bbox 728 555 800 586; x_wconf 81' lang='lat'>943.</span> 
     </span>
    </p>

    <p class='ocr_par' dir='ltr' id='par_1_5' title="bbox 363 600 1224 683">
     <span class='ocr_line' id='line_1_9' title="bbox 363 600 1224 642; baseline -0.002 -10"><span class='ocrx_word' id='word_1_43' title='bbox 363 604 390 635; x_wconf 86' lang='lat'>9.</span> <span class='ocrx_word' id='word_1_44' title='bbox 408 601 568 637; x_wconf 75' lang='lat' dir='ltr'>Dorothei,</span> <span class='ocrx_word' id='word_1_45' title='bbox 596 602 649 641; x_wconf 88' lang='lat' dir='ltr'>[an</span> <span class='ocrx_word' id='word_1_46' title='bbox 665 601 764 642; x_wconf 87' lang='lat' dir='ltr'>Tyri,]</span> <span class='ocrx_word' id='word_1_47' title='bbox 789 611 891 631; x_wconf 80' lang='lat' dir='ltr'>sermo</span> <span class='ocrx_word' id='word_1_48' title='bbox 913 601 950 631; x_wconf 83' lang='lat' dir='ltr'>de</span> <span class='ocrx_word' id='word_1_49' title='bbox 971 600 1067 631; x_wconf 84' lang='lat' dir='ltr'>sacris</span> <span class='ocrx_word' id='word_1_50' title='bbox 1086 600 1224 641; x_wconf 71' lang='lat' dir='ltr'>jejuniis.</span> 
     </span>
     <span class='ocr_line' id='line_1_10' title="bbox 426 653 542 683; baseline -0.009 0"><span class='ocrx_word' id='word_1_51' title='bbox 426 653 476 683; x_wconf 84' lang='lat' dir='ltr'>fol.</span> <span class='ocrx_word' id='word_1_52' title='bbox 494 653 542 683; x_wconf 90' lang='lat'>68.</span> 
     </span>
    </p>

    <p class='ocr_par' dir='ltr' id='par_1_6' title="bbox 446 703 1224 795">
     <span class='ocr_line' id='line_1_11' title="bbox 468 703 1224 742; baseline -0.003 -8"><span class='ocrx_word' id='word_1_53' title='bbox 468 705 529 735; x_wconf 83' lang='lat' dir='ltr'>Tit.</span> <span class='ocrx_word' id='word_1_54' title='bbox 546 706 596 734; x_wconf 84' lang='grc' dir='ltr'>τοῦ</span> <span class='ocrx_word' id='word_1_55' title='bbox 612 705 693 734; x_wconf 82' lang='grc' dir='ltr'>ὁσίου</span> <span class='ocrx_word' id='word_1_56' title='bbox 709 703 817 742; x_wconf 83' lang='grc' dir='ltr'>πατρὸς</span> <span class='ocrx_word' id='word_1_57' title='bbox 832 704 911 742; x_wconf 86' lang='grc' dir='ltr'>ἡμῶν</span> <span class='ocrx_word' id='word_1_58' title='bbox 924 703 1073 742; x_wconf 84' lang='grc' dir='ltr'>Δοροθέου</span> <span class='ocrx_word' id='word_1_59' title='bbox 1087 703 1150 741; x_wconf 71' lang='grc' dir='ltr'>περὶ</span> <span class='ocrx_word' id='word_1_60' title='bbox 1167 706 1224 733; x_wconf 88' lang='grc' dir='ltr'>τῶν</span> 
     </span>
     <span class='ocr_line' id='line_1_12' title="bbox 446 753 851 795; baseline -0.005 -9"><span class='ocrx_word' id='word_1_61' title='bbox 446 756 537 795; x_wconf 87' lang='grc' dir='ltr'>ἁγίων</span> <span class='ocrx_word' id='word_1_62' title='bbox 554 757 694 793; x_wconf 79' lang='grc' dir='ltr'>νηστειῶν</span> <span class='ocrx_word' id='word_1_63' title='bbox 709 755 799 794; x_wconf 83' lang='grc' dir='ltr'>λόγος</span> <span class='ocrx_word' id='word_1_64' title='bbox 815 753 851 785; x_wconf 66' lang='grc' dir='ltr'>α’.</span> 
     </span>
    </p>

    <p class='ocr_par' dir='ltr' id='par_1_7' title="bbox 469 805 966 847">
     <span class='ocr_line' id='line_1_13' title="bbox 469 805 966 847; baseline -0.002 -11"><span class='ocrx_word' id='word_1_65' title='bbox 469 806 563 847; x_wconf 82' lang='lat' dir='ltr'>Incip.</span> <span class='ocrx_word' id='word_1_66' title='bbox 581 807 613 836; x_wconf 90' lang='grc' dir='ltr'>ἐν</span> <span class='ocrx_word' id='word_1_67' title='bbox 628 808 666 847; x_wconf 80' lang='grc' dir='ltr'>τῷ</span> <span class='ocrx_word' id='word_1_68' title='bbox 683 807 760 847; x_wconf 80' lang='grc' dir='ltr'>νόμῳ</span> <span class='ocrx_word' id='word_1_69' title='bbox 775 805 966 845; x_wconf 76' lang='grc' dir='ltr'>προσέταξεν.</span> 
     </span>
    </p>

    <p class='ocr_par' dir='ltr' id='par_1_8' title="bbox 342 860 1222 952">
     <span class='ocr_line' id='line_1_14' title="bbox 342 860 1222 902; baseline -0.003 -9"><span class='ocrx_word' id='word_1_70' title='bbox 342 865 391 893; x_wconf 88' lang='lat'>10.</span> <span class='ocrx_word' id='word_1_71' title='bbox 407 862 563 893; x_wconf 81' lang='lat' dir='ltr'>Johannis</span> <span class='ocrx_word' id='word_1_72' title='bbox 588 861 773 892; x_wconf 83' lang='lat' dir='ltr'>Damaseeni</span> <span class='ocrx_word' id='word_1_73' title='bbox 796 872 897 891; x_wconf 84' lang='lat' dir='ltr'>sermo</span> <span class='ocrx_word' id='word_1_74' title='bbox 913 861 951 892; x_wconf 80' lang='lat' dir='ltr'>de</span> <span class='ocrx_word' id='word_1_75' title='bbox 976 861 1012 891; x_wconf 88' lang='lat' dir='ltr'>iis</span> <span class='ocrx_word' id='word_1_76' title='bbox 1032 861 1082 902; x_wconf 90' lang='lat' dir='ltr'>qui</span> <span class='ocrx_word' id='word_1_77' title='bbox 1107 860 1138 890; x_wconf 86' lang='lat' dir='ltr'>in</span> <span class='ocrx_word' id='word_1_78' title='bbox 1162 860 1222 891; x_wconf 81' lang='lat' dir='ltr'>fide</span> 
     </span>
     <span class='ocr_line' id='line_1_15' title="bbox 424 912 806 952; baseline -0.005 -8"><span class='ocrx_word' id='word_1_79' title='bbox 424 913 667 944; x_wconf 79' lang='lat' dir='ltr'>obdormierunt.</span> <span class='ocrx_word' id='word_1_80' title='bbox 691 912 742 943; x_wconf 88' lang='lat' dir='ltr'>fol.</span> <span class='ocrx_word' id='word_1_81' title='bbox 757 921 806 952; x_wconf 87' lang='lat'>71.</span> 
     </span>
    </p>

    <p class='ocr_par' dir='ltr' id='par_1_9' title="bbox 447 963 1222 1107">
     <span class='ocr_line' id='line_1_16' title="bbox 468 963 1222 1005; baseline -0.001 -10"><span class='ocrx_word' id='word_1_82' title='bbox 468 965 531 995; x_wconf 79' lang='lat' dir='ltr'>Tit.</span> <span class='ocrx_word' id='word_1_83' title='bbox 549 966 587 1005; x_wconf 78' lang='grc' dir='ltr'>τῷ</span> <span class='ocrx_word' id='word_1_84' title='bbox 604 964 748 1005; x_wconf 76' lang='grc' dir='ltr'>σαββάτῳ</span> <span class='ocrx_word' id='word_1_85' title='bbox 764 966 813 1002; x_wconf 84' lang='grc' dir='ltr'>τῆς</span> <span class='ocrx_word' id='word_1_86' title='bbox 829 964 995 1003; x_wconf 73' lang='grc' dir='ltr'>τυροφάγου</span> <span class='ocrx_word' id='word_1_87' title='bbox 1015 963 1152 994; x_wconf 81' lang='grc' dir='ltr'>Ἰωάννου</span> <span class='ocrx_word' id='word_1_88' title='bbox 1173 976 1222 1001; x_wconf 88' lang='grc' dir='ltr'>μο-</span> 
     </span>
     <span class='ocr_line' id='line_1_17' title="bbox 447 1015 1222 1056; baseline -0.003 -10"><span class='ocrx_word' id='word_1_89' title='bbox 447 1018 549 1056; x_wconf 83' lang='grc' dir='ltr'>ναχοῦ,</span> <span class='ocrx_word' id='word_1_90' title='bbox 565 1029 589 1045; x_wconf 90' lang='grc' dir='ltr'>κ.</span> <span class='ocrx_word' id='word_1_91' title='bbox 602 1019 631 1045; x_wconf 93' lang='grc' dir='ltr'>λ.</span> <span class='ocrx_word' id='word_1_92' title='bbox 654 1015 719 1054; x_wconf 82' lang='grc' dir='ltr'>περὶ</span> <span class='ocrx_word' id='word_1_93' title='bbox 742 1018 798 1045; x_wconf 86' lang='grc' dir='ltr'>τῶν</span> <span class='ocrx_word' id='word_1_94' title='bbox 822 1016 853 1045; x_wconf 84' lang='grc' dir='ltr'>ἐν</span> <span class='ocrx_word' id='word_1_95' title='bbox 876 1017 973 1045; x_wconf 84' lang='grc' dir='ltr'>πίστει</span> <span class='ocrx_word' id='word_1_96' title='bbox 999 1015 1222 1053; x_wconf 82' lang='grc' dir='ltr'>κεκοιμημένων,</span> 
     </span>
     <span class='ocr_line' id='line_1_18' title="bbox 447 1066 1150 1107; baseline -0.004 -10"><span class='ocrx_word' id='word_1_97' title='bbox 447 1082 470 1097; x_wconf 91' lang='grc' dir='ltr'>κ.</span> <span class='ocrx_word' id='word_1_98' title='bbox 487 1072 516 1097; x_wconf 87' lang='grc' dir='ltr'>λ.</span> <span class='ocrx_word' id='word_1_99' title='bbox 532 1070 567 1097; x_wconf 90' lang='lat' dir='ltr'>ut</span> <span class='ocrx_word' id='word_1_100' title='bbox 583 1066 613 1096; x_wconf 88' lang='lat' dir='ltr'>in</span> <span class='ocrx_word' id='word_1_101' title='bbox 629 1066 703 1096; x_wconf 80' lang='lat' dir='ltr'>edit.</span> <span class='ocrx_word' id='word_1_102' title='bbox 722 1066 765 1096; x_wconf 76' lang='lat' dir='ltr'>Lo</span> <span class='ocrx_word' id='word_1_103' title='bbox 781 1066 889 1105; x_wconf 77' lang='lat' dir='ltr'>Quien,</span> <span class='ocrx_word' id='word_1_104' title='bbox 906 1071 980 1096; x_wconf 88' lang='lat' dir='ltr'>tom.</span> <span class='ocrx_word' id='word_1_105' title='bbox 998 1066 1016 1096; x_wconf 92' lang='lat' dir='ltr'>i.</span> <span class='ocrx_word' id='word_1_106' title='bbox 1035 1077 1063 1107; x_wconf 89' lang='lat' dir='ltr'>p.</span> <span class='ocrx_word' id='word_1_107' title='bbox 1077 1067 1150 1107; x_wconf 60' lang='lat'>583.</span> 
     </span>
    </p>

    <p class='ocr_par' dir='ltr' id='par_1_10' title="bbox 340 1121 1221 1204">
     <span class='ocr_line' id='line_1_19' title="bbox 340 1121 1221 1163; baseline -0.003 -9"><span class='ocrx_word' id='word_1_108' title='bbox 340 1125 388 1154; x_wconf 89' lang='grc'>11.</span> <span class='ocrx_word' id='word_1_109' title='bbox 408 1124 439 1154; x_wconf 85' lang='lat' dir='ltr'>S.</span> <span class='ocrx_word' id='word_1_110' title='bbox 457 1122 668 1163; x_wconf 85' lang='lat' dir='ltr'>Chrysostomi</span> <span class='ocrx_word' id='word_1_111' title='bbox 694 1133 795 1152; x_wconf 80' lang='lat' dir='ltr'>sermo</span> <span class='ocrx_word' id='word_1_112' title='bbox 822 1121 853 1151; x_wconf 90' lang='lat' dir='ltr'>in</span> <span class='ocrx_word' id='word_1_113' title='bbox 884 1122 1067 1163; x_wconf 83' lang='lat' dir='ltr'>principium</span> <span class='ocrx_word' id='word_1_114' title='bbox 1091 1122 1221 1163; x_wconf 56' lang='lat' dir='ltr'>jejunio*</span> 
     </span>
     <span class='ocr_line' id='line_1_20' title="bbox 424 1173 643 1204; baseline -0.005 0"><span class='ocrx_word' id='word_1_115' title='bbox 424 1185 501 1204; x_wconf 89' lang='lat' dir='ltr'>rum.</span> <span class='ocrx_word' id='word_1_116' title='bbox 525 1173 576 1203; x_wconf 86' lang='lat' dir='ltr'>fol.</span> <span class='ocrx_word' id='word_1_117' title='bbox 595 1174 643 1203; x_wconf 89' lang='lat'>81.</span> 
     </span>
    </p>

    <p class='ocr_par' dir='ltr' id='par_1_11' title="bbox 465 1224 1222 1264">
     <span class='ocr_line' id='line_1_21' title="bbox 465 1224 1222 1264; baseline -0.001 -10"><span class='ocrx_word' id='word_1_118' title='bbox 465 1225 528 1255; x_wconf 74' lang='lat' dir='ltr'>Tit.</span> <span class='ocrx_word' id='word_1_119' title='bbox 546 1226 607 1259; x_wconf 80' lang='grc' dir='ltr'>τοῦ,</span> <span class='ocrx_word' id='word_1_120' title='bbox 624 1237 648 1254; x_wconf 89' lang='grc' dir='ltr'>κ.</span> <span class='ocrx_word' id='word_1_121' title='bbox 665 1228 693 1254; x_wconf 91' lang='grc' dir='ltr'>λ.</span> <span class='ocrx_word' id='word_1_122' title='bbox 717 1225 806 1263; x_wconf 83' lang='grc' dir='ltr'>λόγος</span> <span class='ocrx_word' id='word_1_123' title='bbox 828 1225 868 1256; x_wconf 79' lang='grc' dir='ltr'>εἷς</span> <span class='ocrx_word' id='word_1_124' title='bbox 886 1225 938 1262; x_wconf 79' lang='grc' dir='ltr'>τὴν</span> <span class='ocrx_word' id='word_1_125' title='bbox 961 1224 1054 1264; x_wconf 77' lang='grc' dir='ltr'>ἀρχὴν</span> <span class='ocrx_word' id='word_1_126' title='bbox 1078 1237 1222 1263; x_wconf 83' lang='grc' dir='ltr'>τεσσαρα-</span> 
     </span>
    </p>

    <p class='ocr_par' dir='ltr' id='par_1_12' title="bbox 446 1275 1223 1314">
     <span class='ocr_line' id='line_1_22' title="bbox 446 1275 1223 1314; baseline 0 -8"><span class='ocrx_word' id='word_1_127' title='bbox 446 1278 549 1313; x_wconf 87' lang='grc' dir='ltr'>κοστῆς</span> <span class='ocrx_word' id='word_1_128' title='bbox 565 1275 610 1305; x_wconf 86' lang='grc' dir='ltr'>καὶ</span> <span class='ocrx_word' id='word_1_129' title='bbox 628 1276 666 1306; x_wconf 83' lang='grc' dir='ltr'>εἷς</span> <span class='ocrx_word' id='word_1_130' title='bbox 682 1275 734 1312; x_wconf 73' lang='grc' dir='ltr'>τὴν</span> <span class='ocrx_word' id='word_1_131' title='bbox 751 1276 865 1314; x_wconf 81' lang='grc' dir='ltr'>ἐξορίαν</span> <span class='ocrx_word' id='word_1_132' title='bbox 882 1278 930 1305; x_wconf 81' lang='grc' dir='ltr'>τοῦ</span> <span class='ocrx_word' id='word_1_133' title='bbox 949 1300 954 1305; x_wconf 91' lang='grc'><strong>.</strong></span> <span class='ocrx_word' id='word_1_134' title='bbox 970 1300 975 1304; x_wconf 95' lang='grc'>.</span> <span class='ocrx_word' id='word_1_135' title='bbox 994 1300 1000 1305; x_wconf 93' lang='grc'><em>.</em></span> <span class='ocrx_word' id='word_1_136' title='bbox 1015 1300 1020 1304; x_wconf 95' lang='grc'>.</span> <span class='ocrx_word' id='word_1_137' title='bbox 1034 1277 1073 1313; x_wconf 76' lang='grc' dir='ltr'>ἀμ</span> <span class='ocrx_word' id='word_1_138' title='bbox 1097 1277 1142 1306; x_wconf 88' lang='grc' dir='ltr'>καὶ</span> <span class='ocrx_word' id='word_1_139' title='bbox 1159 1277 1223 1314; x_wconf 86' lang='grc' dir='ltr'>περὶ</span> 
     </span>
    </p>

    <p class='ocr_par' dir='ltr' id='par_1_13' title="bbox 444 1329 745 1366">
     <span class='ocr_line' id='line_1_23' title="bbox 444 1329 745 1366; baseline -0.003 -9"><span class='ocrx_word' id='word_1_140' title='bbox 444 1329 577 1366; x_wconf 85' lang='grc' dir='ltr'>πονηρῶν</span> <span class='ocrx_word' id='word_1_141' title='bbox 593 1329 745 1365; x_wconf 88' lang='grc' dir='ltr'>γυναικῶν.</span> 
     </span>
    </p>

    <p class='ocr_par' dir='ltr' id='par_1_14' title="bbox 467 1376 915 1418">
     <span class='ocr_line' id='line_1_24' title="bbox 467 1376 915 1418; baseline -0.004 -10"><span class='ocrx_word' id='word_1_142' title='bbox 467 1377 554 1408; x_wconf 81' lang='lat' dir='ltr'>Inter</span> <span class='ocrx_word' id='word_1_143' title='bbox 569 1389 639 1418; x_wconf 88' lang='lat' dir='ltr'>opp.</span> <span class='ocrx_word' id='word_1_144' title='bbox 656 1380 732 1408; x_wconf 87' lang='lat' dir='ltr'>tom.</span> <span class='ocrx_word' id='word_1_145' title='bbox 745 1376 783 1407; x_wconf 88' lang='lat' dir='ltr'>vi.</span> <span class='ocrx_word' id='word_1_146' title='bbox 801 1388 831 1417; x_wconf 89' lang='lat' dir='ltr'>p.</span> <span class='ocrx_word' id='word_1_147' title='bbox 844 1387 915 1417; x_wconf 76' lang='lat'>539.</span> 
     </span>
    </p>

    <p class='ocr_par' dir='ltr' id='par_1_15' title="bbox 339 1431 1223 1574">
     <span class='ocr_line' id='line_1_25' title="bbox 339 1431 1223 1473; baseline -0.002 -9"><span class='ocrx_word' id='word_1_148' title='bbox 339 1434 386 1464; x_wconf 68' lang='lat'>12.</span> <span class='ocrx_word' id='word_1_149' title='bbox 405 1433 552 1469; x_wconf 75' lang='lat' dir='ltr'>Nectarii,</span> <span class='ocrx_word' id='word_1_150' title='bbox 570 1432 703 1473; x_wconf 74' lang='lat' dir='ltr'>archiep.</span> <span class='ocrx_word' id='word_1_151' title='bbox 722 1431 826 1463; x_wconf 84' lang='lat' dir='ltr'>C-Poli.</span> <span class='ocrx_word' id='word_1_152' title='bbox 843 1443 955 1468; x_wconf 67' lang='lat' dir='ltr'>sermo,</span> <span class='ocrx_word' id='word_1_153' title='bbox 973 1443 1068 1472; x_wconf 78' lang='lat' dir='ltr'>quare</span> <span class='ocrx_word' id='word_1_154' title='bbox 1089 1432 1223 1462; x_wconf 82' lang='lat' dir='ltr'>sabbato</span> 
     </span>
     <span class='ocr_line' id='line_1_26' title="bbox 422 1483 1221 1525; baseline 0 -11"><span class='ocrx_word' id='word_1_155' title='bbox 422 1484 521 1525; x_wconf 89' lang='lat' dir='ltr'>primo</span> <span class='ocrx_word' id='word_1_156' title='bbox 540 1483 728 1525; x_wconf 82' lang='lat' dir='ltr'>jejuniorum</span> <span class='ocrx_word' id='word_1_157' title='bbox 755 1483 784 1513; x_wconf 85' lang='lat' dir='ltr'>S.</span> <span class='ocrx_word' id='word_1_158' title='bbox 803 1483 958 1514; x_wconf 77' lang='lat' dir='ltr'>Theodori</span> <span class='ocrx_word' id='word_1_159' title='bbox 981 1484 1129 1514; x_wconf 77' lang='lat' dir='ltr'>memoria</span> <span class='ocrx_word' id='word_1_160' title='bbox 1145 1483 1221 1514; x_wconf 83' lang='lat' dir='ltr'>cele-</span> 
     </span>
     <span class='ocr_line' id='line_1_27' title="bbox 423 1533 711 1574; baseline -0.007 -9"><span class='ocrx_word' id='word_1_161' title='bbox 423 1535 540 1565; x_wconf 78' lang='lat' dir='ltr'>bretur.</span> <span class='ocrx_word' id='word_1_162' title='bbox 564 1533 613 1564; x_wconf 87' lang='lat' dir='ltr'>fol.</span> <span class='ocrx_word' id='word_1_163' title='bbox 628 1543 666 1574; x_wconf 88' lang='lat'>97</span> <span class='ocrx_word' id='word_1_164' title='bbox 682 1534 711 1564; x_wconf 92' lang='lat' dir='ltr'>b.</span> 
     </span>
    </p>

    <p class='ocr_par' dir='ltr' id='par_1_16' title="bbox 444 1583 1222 1678">
     <span class='ocr_line' id='line_1_28' title="bbox 465 1583 1222 1620; baseline -0.003 -4"><span class='ocrx_word' id='word_1_165' title='bbox 465 1585 580 1616; x_wconf 78' lang='lat' dir='ltr'>Exstat</span> <span class='ocrx_word' id='word_1_166' title='bbox 596 1585 628 1615; x_wconf 90' lang='lat' dir='ltr'>in</span> <span class='ocrx_word' id='word_1_167' title='bbox 645 1584 721 1615; x_wconf 86' lang='lat' dir='ltr'>Bibl.</span> <span class='ocrx_word' id='word_1_168' title='bbox 739 1584 827 1615; x_wconf 81' lang='lat' dir='ltr'>Patr.</span> <span class='ocrx_word' id='word_1_169' title='bbox 842 1585 889 1615; x_wconf 83' lang='lat' dir='ltr'>od.</span> <span class='ocrx_word' id='word_1_170' title='bbox 904 1583 1078 1620; x_wconf 85' lang='lat' dir='ltr'>Gallandio,</span> <span class='ocrx_word' id='word_1_171' title='bbox 1091 1584 1149 1614; x_wconf 83' lang='lat' dir='ltr'>vol.</span> <span class='ocrx_word' id='word_1_172' title='bbox 1161 1584 1222 1614; x_wconf 86' lang='lat' dir='ltr'>xiv.</span> 
     </span>
     <span class='ocr_line' id='line_1_29' title="bbox 444 1638 660 1678; baseline -0.009 -11"><span class='ocrx_word' id='word_1_173' title='bbox 444 1638 527 1678; x_wconf 87' lang='lat' dir='ltr'><strong>App.</strong></span> <span class='ocrx_word' id='word_1_174' title='bbox 547 1648 574 1677; x_wconf 90' lang='lat' dir='ltr'>p.</span> <span class='ocrx_word' id='word_1_175' title='bbox 592 1638 660 1666; x_wconf 79' lang='lat'>128.</span> 
     </span>
    </p>

    <p class='ocr_par' dir='ltr' id='par_1_17' title="bbox 464 1686 1222 1728">
     <span class='ocr_line' id='line_1_30' title="bbox 464 1686 1222 1728; baseline -0.004 -9"><span class='ocrx_word' id='word_1_176' title='bbox 464 1689 502 1719; x_wconf 88' lang='lat' dir='ltr'>In</span> <span class='ocrx_word' id='word_1_177' title='bbox 518 1688 590 1718; x_wconf 84' lang='lat' dir='ltr'>folio</span> <span class='ocrx_word' id='word_1_178' title='bbox 610 1697 664 1728; x_wconf 80' lang='lat'>105</span> <span class='ocrx_word' id='word_1_179' title='bbox 681 1699 769 1718; x_wconf 74' lang='lat' dir='ltr'>verso</span> <span class='ocrx_word' id='word_1_180' title='bbox 786 1686 975 1728; x_wconf 70' lang='lat' dir='ltr'>scriptitavit</span> <span class='ocrx_word' id='word_1_181' title='bbox 999 1697 1110 1717; x_wconf 78' lang='lat' dir='ltr'>nomen</span> <span class='ocrx_word' id='word_1_182' title='bbox 1131 1697 1222 1717; x_wconf 84' lang='lat' dir='ltr'>suum</span> 
     </span>
    </p>

    <p class='ocr_par' dir='ltr' id='par_1_18' title="bbox 441 1738 1221 1781">
     <span class='ocr_line' id='line_1_31' title="bbox 441 1738 1221 1781; baseline -0.004 -11"><span class='ocrx_word' id='word_1_183' title='bbox 441 1750 599 1781; x_wconf 77' lang='lat' dir='ltr'>possessor</span> <span class='ocrx_word' id='word_1_184' title='bbox 617 1739 738 1779; x_wconf 77' lang='lat' dir='ltr'>aliquis,</span> <span class='ocrx_word' id='word_1_185' title='bbox 756 1740 827 1777; x_wconf 81' lang='grc' dir='ltr'>ἐγρα</span> <span class='ocrx_word' id='word_1_186' title='bbox 845 1763 851 1767; x_wconf 98' lang='grc'>.</span> <span class='ocrx_word' id='word_1_187' title='bbox 869 1762 875 1767; x_wconf 91' lang='grc'><strong>.</strong></span> <span class='ocrx_word' id='word_1_188' title='bbox 896 1762 901 1768; x_wconf 94' lang='grc'><em>.</em></span> <span class='ocrx_word' id='word_1_189' title='bbox 920 1762 925 1766; x_wconf 95' lang='grc'>.</span> <span class='ocrx_word' id='word_1_190' title='bbox 943 1750 1007 1768; x_wconf 86' lang='grc' dir='ltr'>ενος</span> <span class='ocrx_word' id='word_1_191' title='bbox 1031 1738 1221 1777; x_wconf 80' lang='grc' dir='ltr'>ὶερομόναχος</span> 
     </span>
    </p>

    <p class='ocr_par' dir='ltr' id='par_1_19' title="bbox 443 1792 565 1830">
     <span class='ocr_line' id='line_1_32' title="bbox 443 1792 565 1830; baseline -0.008 -9"><span class='ocrx_word' id='word_1_192' title='bbox 443 1792 565 1830; x_wconf 83' lang='grc' dir='ltr'>ἔγραφε.</span> 
     </span>
    </p>

    <p class='ocr_par' dir='ltr' id='par_1_20' title="bbox 338 1843 1221 1980">
     <span class='ocr_line' id='line_1_33' title="bbox 338 1843 1221 1885; baseline -0.005 -8"><span class='ocrx_word' id='word_1_193' title='bbox 338 1849 387 1878; x_wconf 76' lang='lat'>153.</span> <span class='ocrx_word' id='word_1_194' title='bbox 404 1846 512 1877; x_wconf 77' lang='lat' dir='ltr'>Sermo</span> <span class='ocrx_word' id='word_1_195' title='bbox 528 1846 566 1876; x_wconf 85' lang='lat' dir='ltr'>de</span> <span class='ocrx_word' id='word_1_196' title='bbox 582 1845 676 1875; x_wconf 81' lang='lat' dir='ltr'>saeris</span> <span class='ocrx_word' id='word_1_197' title='bbox 699 1844 895 1885; x_wconf 67' lang='lat' dir='ltr'>imaginibus,</span> <span class='ocrx_word' id='word_1_198' title='bbox 913 1849 944 1874; x_wconf 73' lang='lat' dir='ltr'>ct</span> <span class='ocrx_word' id='word_1_199' title='bbox 967 1854 1063 1884; x_wconf 80' lang='lat' dir='ltr'>quare</span> <span class='ocrx_word' id='word_1_200' title='bbox 1087 1843 1221 1884; x_wconf 81' lang='lat' dir='ltr'>primam</span> 
     </span>
     <span class='ocr_line' id='line_1_34' title="bbox 422 1895 1218 1938; baseline -0.005 -9"><span class='ocrx_word' id='word_1_201' title='bbox 422 1897 617 1929; x_wconf 81' lang='lat' dir='ltr'>Dominicam</span> <span class='ocrx_word' id='word_1_202' title='bbox 635 1897 823 1938; x_wconf 78' lang='lat' dir='ltr'>jejuniorum</span> <span class='ocrx_word' id='word_1_203' title='bbox 847 1896 981 1927; x_wconf 77' lang='lat' dir='ltr'>celebret</span> <span class='ocrx_word' id='word_1_204' title='bbox 1004 1895 1142 1926; x_wconf 76' lang='lat' dir='ltr'>ecclesia.</span> <span class='ocrx_word' id='word_1_205' title='bbox 1168 1895 1218 1925; x_wconf 86' lang='lat' dir='ltr'>fol.</span> 
     </span>
     <span class='ocr_line' id='line_1_35' title="bbox 426 1952 494 1980; baseline -0.029 0"><span class='ocrx_word' id='word_1_206' title='bbox 426 1952 494 1980; x_wconf 79' lang='lat'>106.</span> 
     </span>
    </p>

    <p class='ocr_par' dir='ltr' id='par_1_21' title="bbox 443 1997 1221 2294">
     <span class='ocr_line' id='line_1_36' title="bbox 464 1997 1221 2041; baseline -0.004 -11"><span class='ocrx_word' id='word_1_207' title='bbox 464 2001 525 2031; x_wconf 82' lang='lat' dir='ltr'>Tit.</span> <span class='ocrx_word' id='word_1_208' title='bbox 544 2001 659 2041; x_wconf 82' lang='grc' dir='ltr'>κυριακῇ</span> <span class='ocrx_word' id='word_1_209' title='bbox 682 2000 778 2038; x_wconf 86' lang='grc' dir='ltr'>πρώτῃ</span> <span class='ocrx_word' id='word_1_210' title='bbox 799 2002 856 2029; x_wconf 86' lang='grc' dir='ltr'>τῶν</span> <span class='ocrx_word' id='word_1_211' title='bbox 872 2000 963 2038; x_wconf 80' lang='grc' dir='ltr'>ἁγίων</span> <span class='ocrx_word' id='word_1_212' title='bbox 979 2001 1129 2035; x_wconf 84' lang='grc' dir='ltr'>νηστειῶν.</span> <span class='ocrx_word' id='word_1_213' title='bbox 1164 1997 1221 2036; x_wconf 86' lang='grc' dir='ltr'>διή-</span> 
     </span>
     <span class='ocr_line' id='line_1_37' title="bbox 444 2050 1221 2092; baseline -0.001 -11"><span class='ocrx_word' id='word_1_214' title='bbox 444 2065 527 2092; x_wconf 80' lang='grc' dir='ltr'>γησις</span> <span class='ocrx_word' id='word_1_215' title='bbox 553 2050 798 2089; x_wconf 81' lang='grc' dir='ltr'>διαλαμβάνουσα</span> <span class='ocrx_word' id='word_1_216' title='bbox 822 2051 886 2089; x_wconf 79' lang='grc' dir='ltr'>περὶ</span> <span class='ocrx_word' id='word_1_217' title='bbox 909 2053 965 2080; x_wconf 85' lang='grc' dir='ltr'>τῶν</span> <span class='ocrx_word' id='word_1_218' title='bbox 987 2051 1079 2089; x_wconf 82' lang='grc' dir='ltr'>ἁγίων</span> <span class='ocrx_word' id='word_1_219' title='bbox 1102 2050 1148 2080; x_wconf 81' lang='grc' dir='ltr'>καὶ</span> <span class='ocrx_word' id='word_1_220' title='bbox 1171 2062 1221 2080; x_wconf 91' lang='grc' dir='ltr'>σε-</span> 
     </span>
     <span class='ocr_line' id='line_1_38' title="bbox 443 2100 1219 2140; baseline -0.003 -7"><span class='ocrx_word' id='word_1_221' title='bbox 443 2106 522 2133; x_wconf 84' lang='grc' dir='ltr'>πτῶν</span> <span class='ocrx_word' id='word_1_222' title='bbox 545 2103 665 2133; x_wconf 80' lang='grc' dir='ltr'>εἰκόνων</span> <span class='ocrx_word' id='word_1_223' title='bbox 685 2103 731 2132; x_wconf 80' lang='grc' dir='ltr'>καὶ</span> <span class='ocrx_word' id='word_1_224' title='bbox 755 2103 831 2133; x_wconf 77' lang='grc' dir='ltr'>ὅπως</span> <span class='ocrx_word' id='word_1_225' title='bbox 852 2102 897 2131; x_wconf 82' lang='grc' dir='ltr'>καὶ</span> <span class='ocrx_word' id='word_1_226' title='bbox 921 2100 954 2131; x_wconf 77' lang='grc' dir='ltr'>δι’</span> <span class='ocrx_word' id='word_1_227' title='bbox 970 2101 1006 2138; x_wconf 87' lang='grc' dir='ltr'>ἣν</span> <span class='ocrx_word' id='word_1_228' title='bbox 1021 2102 1116 2131; x_wconf 78' lang='grc' dir='ltr'>αἰτίαν</span> <span class='ocrx_word' id='word_1_229' title='bbox 1131 2101 1219 2140; x_wconf 86' lang='grc' dir='ltr'>παρέ-</span> 
     </span>
     <span class='ocr_line' id='line_1_39' title="bbox 443 2153 1220 2193; baseline -0.003 -9"><span class='ocrx_word' id='word_1_230' title='bbox 443 2158 521 2193; x_wconf 79' lang='grc' dir='ltr'>λαβε</span> <span class='ocrx_word' id='word_1_231' title='bbox 546 2154 598 2191; x_wconf 78' lang='grc' dir='ltr'>τὴν</span> <span class='ocrx_word' id='word_1_232' title='bbox 621 2154 791 2192; x_wconf 78' lang='grc' dir='ltr'>ὀρθοδοξίαν</span> <span class='ocrx_word' id='word_1_233' title='bbox 813 2153 931 2190; x_wconf 82' lang='grc' dir='ltr'>ἐτησίως</span> <span class='ocrx_word' id='word_1_234' title='bbox 955 2154 1043 2190; x_wconf 82' lang='grc' dir='ltr'>τελῆν</span> <span class='ocrx_word' id='word_1_235' title='bbox 1066 2153 1099 2190; x_wconf 85' lang='grc' dir='ltr'>τῇ</span> <span class='ocrx_word' id='word_1_236' title='bbox 1124 2153 1220 2191; x_wconf 88' lang='grc' dir='ltr'>πρώτῃ</span> 
     </span>
     <span class='ocr_line' id='line_1_40' title="bbox 445 2204 1221 2246; baseline -0.001 -11"><span class='ocrx_word' id='word_1_237' title='bbox 445 2207 561 2246; x_wconf 77' lang='grc' dir='ltr'>κυριακῇ</span> <span class='ocrx_word' id='word_1_238' title='bbox 582 2207 638 2234; x_wconf 85' lang='grc' dir='ltr'>τῶν</span> <span class='ocrx_word' id='word_1_239' title='bbox 660 2205 751 2243; x_wconf 81' lang='grc' dir='ltr'>ἁγίων</span> <span class='ocrx_word' id='word_1_240' title='bbox 777 2207 916 2242; x_wconf 77' lang='grc' dir='ltr'>νηστειῶν</span> <span class='ocrx_word' id='word_1_241' title='bbox 936 2204 951 2241; x_wconf 85' lang='grc' dir='ltr'>ἡ</span> <span class='ocrx_word' id='word_1_242' title='bbox 974 2206 1024 2233; x_wconf 77' lang='grc' dir='ltr'>τοῦ</span> <span class='ocrx_word' id='word_1_243' title='bbox 1050 2206 1129 2234; x_wconf 84' lang='grc' dir='ltr'>Θεοῦ</span> <span class='ocrx_word' id='word_1_244' title='bbox 1151 2205 1221 2243; x_wconf 83' lang='grc' dir='ltr'>ἁγία</span> 
     </span>
     <span class='ocr_line' id='line_1_41' title="bbox 445 2257 593 2294; baseline 0 -8"><span class='ocrx_word' id='word_1_245' title='bbox 445 2257 593 2294; x_wconf 83' lang='grc' dir='ltr'>ἐκκλησία.</span> 
     </span>
    </p>

    <p class='ocr_par' dir='ltr' id='par_1_22' title="bbox 446 2302 1221 2398">
     <span class='ocr_line' id='line_1_42' title="bbox 468 2302 1221 2347; baseline -0.003 -10"><span class='ocrx_word' id='word_1_246' title='bbox 468 2307 564 2347; x_wconf 82' lang='lat' dir='ltr'>Incip.</span> <span class='ocrx_word' id='word_1_247' title='bbox 581 2308 631 2336; x_wconf 80' lang='grc' dir='ltr'>τοῦ</span> <span class='ocrx_word' id='word_1_248' title='bbox 646 2306 796 2343; x_wconf 82' lang='grc' dir='ltr'>βασιλέως</span> <span class='ocrx_word' id='word_1_249' title='bbox 813 2302 976 2345; x_wconf 81' lang='grc' dir='ltr'>Θεοφίλου,</span> <span class='ocrx_word' id='word_1_250' title='bbox 992 2310 1027 2336; x_wconf 87' lang='lat' dir='ltr'>ut</span> <span class='ocrx_word' id='word_1_251' title='bbox 1046 2305 1079 2336; x_wconf 81' lang='lat' dir='ltr'>in</span> <span class='ocrx_word' id='word_1_252' title='bbox 1093 2305 1221 2337; x_wconf 80' lang='lat' dir='ltr'>Combe-</span> 
     </span>
     <span class='ocr_line' id='line_1_43' title="bbox 446 2357 967 2398; baseline 0 -11"><span class='ocrx_word' id='word_1_253' title='bbox 446 2359 491 2389; x_wconf 70' lang='lat' dir='ltr'>fis.</span> <span class='ocrx_word' id='word_1_254' title='bbox 511 2360 607 2389; x_wconf 81' lang='lat' dir='ltr'>Auot.</span> <span class='ocrx_word' id='word_1_255' title='bbox 625 2358 701 2388; x_wconf 85' lang='grc' dir='ltr'>Νον,</span> <span class='ocrx_word' id='word_1_256' title='bbox 718 2362 793 2388; x_wconf 86' lang='lat' dir='ltr'>tom.</span> <span class='ocrx_word' id='word_1_257' title='bbox 807 2357 836 2387; x_wconf 92' lang='lat' dir='ltr'>ii.</span> <span class='ocrx_word' id='word_1_258' title='bbox 854 2369 881 2398; x_wconf 84' lang='lat' dir='ltr'>p.</span> <span class='ocrx_word' id='word_1_259' title='bbox 896 2359 967 2397; x_wconf 81' lang='lat'>716.</span> 
     </span>
    </p>

    <p class='ocr_par' dir='ltr' id='par_1_23' title="bbox 343 2413 1222 2507">
     <span class='ocr_line' id='line_1_44' title="bbox 343 2413 1222 2454; baseline 0 -11"><span class='ocrx_word' id='word_1_260' title='bbox 343 2415 391 2443; x_wconf 70' lang='lat'>14.</span> <span class='ocrx_word' id='word_1_261' title='bbox 409 2414 439 2444; x_wconf 85' lang='lat' dir='ltr'>S.</span> <span class='ocrx_word' id='word_1_262' title='bbox 455 2414 628 2450; x_wconf 64' lang='lat' dir='ltr'>Athanasii,</span> <span class='ocrx_word' id='word_1_263' title='bbox 655 2413 790 2454; x_wconf 76' lang='lat' dir='ltr'>archiep.</span> <span class='ocrx_word' id='word_1_264' title='bbox 817 2413 988 2443; x_wconf 78' lang='lat' dir='ltr'>Alexandr.</span> <span class='ocrx_word' id='word_1_265' title='bbox 1020 2413 1158 2444; x_wconf 84' lang='lat' dir='ltr'>narratio</span> <span class='ocrx_word' id='word_1_266' title='bbox 1184 2413 1222 2443; x_wconf 83' lang='lat' dir='ltr'>de</span> 
     </span>
     <span class='ocr_line' id='line_1_45' title="bbox 427 2465 1105 2507; baseline -0.001 -12"><span class='ocrx_word' id='word_1_267' title='bbox 427 2465 573 2504; x_wconf 78' lang='lat' dir='ltr'>miraculo</span> <span class='ocrx_word' id='word_1_268' title='bbox 588 2466 670 2507; x_wconf 81' lang='lat' dir='ltr'>apud</span> <span class='ocrx_word' id='word_1_269' title='bbox 688 2466 837 2506; x_wconf 76' lang='lat' dir='ltr'>Borytum</span> <span class='ocrx_word' id='word_1_270' title='bbox 853 2465 947 2495; x_wconf 83' lang='lat' dir='ltr'>facto.</span> <span class='ocrx_word' id='word_1_271' title='bbox 972 2465 1022 2494; x_wconf 74' lang='lat' dir='ltr'>fol.</span> <span class='ocrx_word' id='word_1_272' title='bbox 1036 2475 1047 2495; x_wconf 88' lang='lat'>1</span> <span class='ocrx_word' id='word_1_273' title='bbox 1058 2466 1105 2495; x_wconf 87' lang='lat'>16.</span> 
     </span>
    </p>

    <p class='ocr_par' dir='ltr' id='par_1_24' title="bbox 450 2515 1224 2655">
     <span class='ocr_line' id='line_1_46' title="bbox 470 2515 1223 2555; baseline 0.001 -10"><span class='ocrx_word' id='word_1_274' title='bbox 470 2516 531 2546; x_wconf 88' lang='lat' dir='ltr'>Tit.</span> <span class='ocrx_word' id='word_1_275' title='bbox 558 2519 616 2552; x_wconf 66' lang='grc' dir='ltr'>τοῦ,</span> <span class='ocrx_word' id='word_1_276' title='bbox 646 2530 670 2546; x_wconf 90' lang='grc' dir='ltr'>κ.</span> <span class='ocrx_word' id='word_1_277' title='bbox 687 2521 714 2546; x_wconf 92' lang='grc' dir='ltr'>λ.</span> <span class='ocrx_word' id='word_1_278' title='bbox 741 2515 871 2555; x_wconf 80' lang='grc' dir='ltr'>διήγησις</span> <span class='ocrx_word' id='word_1_279' title='bbox 896 2516 961 2554; x_wconf 84' lang='grc' dir='ltr'>περὶ</span> <span class='ocrx_word' id='word_1_280' title='bbox 987 2517 1037 2545; x_wconf 81' lang='grc' dir='ltr'>τοῦ</span> <span class='ocrx_word' id='word_1_281' title='bbox 1067 2516 1223 2554; x_wconf 81' lang='grc' dir='ltr'>γεγονότος</span> 
     </span>
     <span class='ocr_line' id='line_1_47' title="bbox 450 2567 1224 2608; baseline 0 -12"><span class='ocrx_word' id='word_1_282' title='bbox 450 2568 592 2604; x_wconf 80' lang='grc' dir='ltr'>θαύματος</span> <span class='ocrx_word' id='word_1_283' title='bbox 609 2568 640 2597; x_wconf 78' lang='grc' dir='ltr'>ἐν</span> <span class='ocrx_word' id='word_1_284' title='bbox 657 2568 764 2608; x_wconf 77' lang='grc' dir='ltr'>Βιρντῷ</span> <span class='ocrx_word' id='word_1_285' title='bbox 785 2569 862 2605; x_wconf 73' lang='grc' dir='ltr'>παρὰ</span> <span class='ocrx_word' id='word_1_286' title='bbox 883 2569 932 2604; x_wconf 80' lang='grc' dir='ltr'>τῆς</span> <span class='ocrx_word' id='word_1_287' title='bbox 947 2567 1032 2605; x_wconf 80' lang='grc' dir='ltr'>ἁγίας</span> <span class='ocrx_word' id='word_1_288' title='bbox 1048 2567 1158 2598; x_wconf 83' lang='grc' dir='ltr'>εἰκόνος</span> <span class='ocrx_word' id='word_1_289' title='bbox 1173 2568 1224 2596; x_wconf 81' lang='grc' dir='ltr'>τοῦ</span> 
     </span>
     <span class='ocr_line' id='line_1_48' title="bbox 450 2619 650 2655; baseline 0.01 -9"><span class='ocrx_word' id='word_1_290' title='bbox 450 2619 565 2655; x_wconf 77' lang='grc' dir='ltr'>Κυρίου,</span> <span class='ocrx_word' id='word_1_291' title='bbox 583 2632 605 2647; x_wconf 91' lang='grc' dir='ltr'>κ.</span> <span class='ocrx_word' id='word_1_292' title='bbox 622 2622 650 2648; x_wconf 87' lang='grc' dir='ltr'>λ.</span> 
     </span>
    </p>

    <p class='ocr_par' dir='ltr' id='par_1_25' title="bbox 472 2667 858 2710">
     <span class='ocr_line' id='line_1_49' title="bbox 472 2667 858 2710; baseline 0.008 -14"><span class='ocrx_word' id='word_1_293' title='bbox 472 2667 568 2708; x_wconf 77' lang='lat' dir='ltr'>Incip.</span> <span class='ocrx_word' id='word_1_294' title='bbox 586 2670 610 2699; x_wconf 84' lang='grc' dir='ltr'>εἰ</span> <span class='ocrx_word' id='word_1_295' title='bbox 627 2669 672 2699; x_wconf 79' lang='grc' dir='ltr'>καὶ</span> <span class='ocrx_word' id='word_1_296' title='bbox 688 2671 720 2710; x_wconf 78' lang='grc' dir='ltr'>τῇ</span> <span class='ocrx_word' id='word_1_297' title='bbox 736 2670 858 2710; x_wconf 75' lang='grc' dir='ltr'>παιδείᾳ.</span> 
     </span>
    </p>

    <p class='ocr_par' dir='ltr' id='par_1_26' title="bbox 472 2718 1208 2760">
     <span class='ocr_line' id='line_1_50' title="bbox 472 2718 1208 2760; baseline -0.001 -11"><span class='ocrx_word' id='word_1_298' title='bbox 472 2718 585 2749; x_wconf 72' lang='lat' dir='ltr'>Exstat</span> <span class='ocrx_word' id='word_1_299' title='bbox 602 2720 720 2755; x_wconf 54' lang='lat' dir='ltr'>Larinas,</span> <span class='ocrx_word' id='word_1_300' title='bbox 738 2720 818 2750; x_wconf 66' lang='lat' dir='ltr'>inter</span> <span class='ocrx_word' id='word_1_301' title='bbox 834 2730 928 2760; x_wconf 78' lang='lat' dir='ltr'>opera</span> <span class='ocrx_word' id='word_1_302' title='bbox 944 2723 1019 2749; x_wconf 84' lang='lat' dir='ltr'>tom.</span> <span class='ocrx_word' id='word_1_303' title='bbox 1036 2718 1077 2748; x_wconf 93' lang='lat' dir='ltr'>iii.</span> <span class='ocrx_word' id='word_1_304' title='bbox 1095 2729 1123 2759; x_wconf 91' lang='lat' dir='ltr'>p.</span> <span class='ocrx_word' id='word_1_305' title='bbox 1137 2728 1208 2759; x_wconf 77' lang='lat'>344.</span> 
     </span>
    </p>

    <p class='ocr_par' dir='ltr' id='par_1_27' title="bbox 346 2768 1086 2809">
     <span class='ocr_line' id='line_1_51' title="bbox 346 2768 1086 2809; baseline 0.004 -12"><span class='ocrx_word' id='word_1_306' title='bbox 346 2769 391 2797; x_wconf 85' lang='lat'>15.</span> <span class='ocrx_word' id='word_1_307' title='bbox 409 2768 439 2797; x_wconf 78' lang='lat' dir='ltr'>S.</span> <span class='ocrx_word' id='word_1_308' title='bbox 453 2768 663 2809; x_wconf 80' lang='lat' dir='ltr'>Chrysostomi</span> <span class='ocrx_word' id='word_1_309' title='bbox 680 2781 835 2801; x_wconf 75' lang='lat' dir='ltr'>sormones</span> <span class='ocrx_word' id='word_1_310' title='bbox 852 2774 935 2805; x_wconf 85' lang='lat' dir='ltr'>t1·os;</span> <span class='ocrx_word' id='word_1_311' title='bbox 961 2769 1086 2806; x_wconf 82' lang='lat' dir='ltr'>scilicet,</span> 
     </span>
    </p>
   </div>
   <div class='ocr_carea' id='block_1_3' title="bbox 1252 942 1256 2732">
    <p class='ocr_par' dir='ltr' id='par_1_28' title="bbox 1252 942 1256 2732">
     <span class='ocr_line' id='line_1_52' title="bbox 1252 942 1256 2732; baseline 0 0"><span class='ocrx_word' id='word_1_312' title='bbox 1252 942 1256 2732; x_wconf 95' lang='lat' dir='ltr'> </span> 
     </span>
    </p>
   </div>
   <div class='ocr_carea' id='block_1_4' title="bbox 1272 237 2158 2806">
    <p class='ocr_par' dir='ltr' id='par_1_29' title="bbox 1317 237 1982 270">
     <span class='ocr_line' id='line_1_53' title="bbox 1317 237 1982 270; baseline -0.002 -1"><span class='ocrx_word' id='word_1_313' title='bbox 1317 252 1344 270; x_wconf 87' lang='lat' dir='ltr'>a.</span> <span class='ocrx_word' id='word_1_314' title='bbox 1363 238 1401 269; x_wconf 94' lang='lat' dir='ltr'>In</span> <span class='ocrx_word' id='word_1_315' title='bbox 1417 238 1646 270; x_wconf 78' lang='lat' dir='ltr'>venerationem</span> <span class='ocrx_word' id='word_1_316' title='bbox 1663 238 1694 269; x_wconf 89' lang='lat' dir='ltr'>S.</span> <span class='ocrx_word' id='word_1_317' title='bbox 1706 237 1823 269; x_wconf 80' lang='lat' dir='ltr'>Crucis.</span> <span class='ocrx_word' id='word_1_318' title='bbox 1847 238 1897 268; x_wconf 88' lang='lat' dir='ltr'>sol.</span> <span class='ocrx_word' id='word_1_319' title='bbox 1914 247 1982 268; x_wconf 84' lang='lat'>121.</span> 
     </span>
    </p>

    <p class='ocr_par' dir='ltr' id='par_1_30' title="bbox 1402 287 1850 329">
     <span class='ocr_line' id='line_1_54' title="bbox 1402 287 1850 329; baseline 0 -11"><span class='ocrx_word' id='word_1_320' title='bbox 1402 288 1490 319; x_wconf 83' lang='lat' dir='ltr'>Inter</span> <span class='ocrx_word' id='word_1_321' title='bbox 1505 299 1575 329; x_wconf 91' lang='lat' dir='ltr'>opp.</span> <span class='ocrx_word' id='word_1_322' title='bbox 1592 291 1666 318; x_wconf 83' lang='lat' dir='ltr'>tom.</span> <span class='ocrx_word' id='word_1_323' title='bbox 1679 287 1720 318; x_wconf 87' lang='lat' dir='ltr'>iii.</span> <span class='ocrx_word' id='word_1_324' title='bbox 1737 299 1766 328; x_wconf 90' lang='lat' dir='ltr'>p.</span> <span class='ocrx_word' id='word_1_325' title='bbox 1781 290 1850 328; x_wconf 76' lang='lat'>819.</span> 
     </span>
    </p>

    <p class='ocr_par' dir='ltr' id='par_1_31' title="bbox 1315 339 2080 381">
     <span class='ocr_line' id='line_1_55' title="bbox 1315 339 2080 381; baseline -0.003 -11"><span class='ocrx_word' id='word_1_326' title='bbox 1315 344 1347 378; x_wconf 84' lang='grc' dir='ltr'>β.</span> <span class='ocrx_word' id='word_1_327' title='bbox 1365 340 1412 370; x_wconf 85' lang='lat' dir='ltr'>De</span> <span class='ocrx_word' id='word_1_328' title='bbox 1427 339 1612 381; x_wconf 81' lang='lat' dir='ltr'>poenitentia</span> <span class='ocrx_word' id='word_1_329' title='bbox 1628 343 1659 370; x_wconf 86' lang='lat' dir='ltr'>et</span> <span class='ocrx_word' id='word_1_330' title='bbox 1675 339 1921 380; x_wconf 71' lang='lat' dir='ltr'>compunctione.</span> <span class='ocrx_word' id='word_1_331' title='bbox 1945 339 1996 368; x_wconf 90' lang='lat' dir='ltr'>fol.</span> <span class='ocrx_word' id='word_1_332' title='bbox 2014 348 2080 379; x_wconf 80' lang='lat'>127.</span> 
     </span>
    </p>

    <p class='ocr_par' dir='ltr' id='par_1_32' title="bbox 1403 390 1747 431">
     <span class='ocr_line' id='line_1_56' title="bbox 1403 390 1747 431; baseline -0.006 -10"><span class='ocrx_word' id='word_1_333' title='bbox 1403 390 1482 421; x_wconf 88' lang='lat' dir='ltr'>Ibid.</span> <span class='ocrx_word' id='word_1_334' title='bbox 1499 396 1573 421; x_wconf 86' lang='lat' dir='ltr'>tom.</span> <span class='ocrx_word' id='word_1_335' title='bbox 1587 390 1617 420; x_wconf 92' lang='lat' dir='ltr'>ii.</span> <span class='ocrx_word' id='word_1_336' title='bbox 1633 401 1662 431; x_wconf 93' lang='lat' dir='ltr'>p.</span> <span class='ocrx_word' id='word_1_337' title='bbox 1675 392 1747 431; x_wconf 78' lang='lat'>326.</span> 
     </span>
    </p>

    <p class='ocr_par' dir='ltr' id='par_1_33' title="bbox 1317 440 1944 481">
     <span class='ocr_line' id='line_1_57' title="bbox 1317 440 1944 481; baseline -0.003 -10"><span class='ocrx_word' id='word_1_338' title='bbox 1317 453 1345 481; x_wconf 81' lang='grc' dir='ltr'>γ.</span> <span class='ocrx_word' id='word_1_339' title='bbox 1363 441 1400 472; x_wconf 87' lang='lat' dir='ltr'>In</span> <span class='ocrx_word' id='word_1_340' title='bbox 1417 441 1555 472; x_wconf 83' lang='lat' dir='ltr'>Divitem</span> <span class='ocrx_word' id='word_1_341' title='bbox 1570 445 1602 472; x_wconf 84' lang='lat' dir='ltr'>et</span> <span class='ocrx_word' id='word_1_342' title='bbox 1620 441 1781 471; x_wconf 77' lang='lat' dir='ltr'>Lazarum.</span> <span class='ocrx_word' id='word_1_343' title='bbox 1806 440 1857 470; x_wconf 90' lang='lat' dir='ltr'>fol.</span> <span class='ocrx_word' id='word_1_344' title='bbox 1878 450 1944 481; x_wconf 86' lang='lat'>139.</span> 
     </span>
    </p>

    <p class='ocr_par' dir='ltr' id='par_1_34' title="bbox 1381 492 2157 583">
     <span class='ocr_line' id='line_1_58' title="bbox 1404 492 2157 534; baseline 0.001 -11"><span class='ocrx_word' id='word_1_345' title='bbox 1404 493 1499 534; x_wconf 88' lang='lat' dir='ltr'>Incip.</span> <span class='ocrx_word' id='word_1_346' title='bbox 1524 493 1679 533; x_wconf 85' lang='grc' dir='ltr'>εὐλογητὸς</span> <span class='ocrx_word' id='word_1_347' title='bbox 1695 494 1709 522; x_wconf 85' lang='grc' dir='ltr'>ὁ</span> <span class='ocrx_word' id='word_1_348' title='bbox 1727 492 1804 524; x_wconf 87' lang='grc' dir='ltr'>Θεὸς</span> <span class='ocrx_word' id='word_1_349' title='bbox 1824 493 1839 522; x_wconf 86' lang='grc' dir='ltr'>ὁ</span> <span class='ocrx_word' id='word_1_350' title='bbox 1861 494 1907 523; x_wconf 85' lang='grc' dir='ltr'>καὶ</span> <span class='ocrx_word' id='word_1_351' title='bbox 1926 493 2050 531; x_wconf 83' lang='grc' dir='ltr'>τήμερον</span> <span class='ocrx_word' id='word_1_352' title='bbox 2071 505 2157 524; x_wconf 88' lang='grc' dir='ltr'>συνα-</span> 
     </span>
     <span class='ocr_line' id='line_1_59' title="bbox 1381 545 1489 583; baseline 0.009 -9"><span class='ocrx_word' id='word_1_353' title='bbox 1381 545 1489 583; x_wconf 83' lang='grc' dir='ltr'>γαγών.</span> 
     </span>
    </p>

    <p class='ocr_par' dir='ltr' id='par_1_35' title="bbox 1380 594 2158 686">
     <span class='ocr_line' id='line_1_60' title="bbox 1403 594 2158 635; baseline 0.001 -10"><span class='ocrx_word' id='word_1_354' title='bbox 1403 595 1441 625; x_wconf 85' lang='lat' dir='ltr'>In</span> <span class='ocrx_word' id='word_1_355' title='bbox 1463 595 1546 626; x_wconf 78' lang='lat' dir='ltr'>calce</span> <span class='ocrx_word' id='word_1_356' title='bbox 1569 594 1691 625; x_wconf 79' lang='lat' dir='ltr'>notavit</span> <span class='ocrx_word' id='word_1_357' title='bbox 1712 595 1822 630; x_wconf 73' lang='lat' dir='ltr'>scriba,</span> <span class='ocrx_word' id='word_1_358' title='bbox 1838 594 1994 633; x_wconf 82' lang='grc' dir='ltr'>μνήστητε,</span> <span class='ocrx_word' id='word_1_359' title='bbox 2011 596 2087 635; x_wconf 85' lang='grc' dir='ltr'>κύριε</span> <span class='ocrx_word' id='word_1_360' title='bbox 2107 595 2158 633; x_wconf 78' lang='grc' dir='ltr'>τὴν</span> 
     </span>
     <span class='ocr_line' id='line_1_61' title="bbox 1380 645 1901 686; baseline -0.002 -10"><span class='ocrx_word' id='word_1_361' title='bbox 1380 646 1481 686; x_wconf 77' lang='grc' dir='ltr'>ψυχὴν</span> <span class='ocrx_word' id='word_1_362' title='bbox 1496 649 1546 676; x_wconf 83' lang='grc' dir='ltr'>τοῦ</span> <span class='ocrx_word' id='word_1_363' title='bbox 1563 647 1668 676; x_wconf 84' lang='grc' dir='ltr'>δούλου</span> <span class='ocrx_word' id='word_1_364' title='bbox 1688 659 1741 676; x_wconf 83' lang='grc' dir='ltr'>σου</span> <span class='ocrx_word' id='word_1_365' title='bbox 1756 645 1901 676; x_wconf 80' lang='grc' dir='ltr'>Ἰωάννου.</span> 
     </span>
    </p>

    <p class='ocr_par' dir='ltr' id='par_1_36' title="bbox 1275 699 2155 791">
     <span class='ocr_line' id='line_1_62' title="bbox 1275 699 2155 743; baseline 0.002 -12"><span class='ocrx_word' id='word_1_366' title='bbox 1275 699 1324 731; x_wconf 85' lang='grc'>16.</span> <span class='ocrx_word' id='word_1_367' title='bbox 1350 700 1511 732; x_wconf 77' lang='lat' dir='ltr'>Anastasii</span> <span class='ocrx_word' id='word_1_368' title='bbox 1542 701 1670 732; x_wconf 81' lang='lat' dir='ltr'>Sinaitae</span> <span class='ocrx_word' id='word_1_369' title='bbox 1709 712 1810 732; x_wconf 80' lang='lat' dir='ltr'>sermo</span> <span class='ocrx_word' id='word_1_370' title='bbox 1845 702 1883 732; x_wconf 77' lang='lat' dir='ltr'>de</span> <span class='ocrx_word' id='word_1_371' title='bbox 1914 713 2002 732; x_wconf 80' lang='lat' dir='ltr'>sacra</span> <span class='ocrx_word' id='word_1_372' title='bbox 2033 701 2155 743; x_wconf 81' lang='lat' dir='ltr'>Synaxi.</span> 
     </span>
     <span class='ocr_line' id='line_1_63' title="bbox 1358 751 1492 791; baseline 0.007 -11"><span class='ocrx_word' id='word_1_373' title='bbox 1358 751 1408 781; x_wconf 82' lang='lat' dir='ltr'>sol.</span> <span class='ocrx_word' id='word_1_374' title='bbox 1426 761 1492 791; x_wconf 83' lang='lat'>154.</span> 
     </span>
    </p>

    <p class='ocr_par' dir='ltr' id='par_1_37' title="bbox 1381 802 2157 892">
     <span class='ocr_line' id='line_1_64' title="bbox 1402 802 2157 843; baseline 0.001 -11"><span class='ocrx_word' id='word_1_375' title='bbox 1402 802 1462 833; x_wconf 83' lang='lat' dir='ltr'>Tit.</span> <span class='ocrx_word' id='word_1_376' title='bbox 1481 806 1530 833; x_wconf 83' lang='grc' dir='ltr'>τοῦ</span> <span class='ocrx_word' id='word_1_377' title='bbox 1545 804 1695 841; x_wconf 86' lang='grc' dir='ltr'>μακαρίου,</span> <span class='ocrx_word' id='word_1_378' title='bbox 1713 816 1737 833; x_wconf 90' lang='grc' dir='ltr'>κ.</span> <span class='ocrx_word' id='word_1_379' title='bbox 1753 807 1782 833; x_wconf 87' lang='grc' dir='ltr'>λ.</span> <span class='ocrx_word' id='word_1_380' title='bbox 1807 804 1896 842; x_wconf 83' lang='grc' dir='ltr'>λόγος</span> <span class='ocrx_word' id='word_1_381' title='bbox 1917 803 1982 841; x_wconf 86' lang='grc' dir='ltr'>περὶ</span> <span class='ocrx_word' id='word_1_382' title='bbox 2005 805 2052 841; x_wconf 83' lang='grc' dir='ltr'>τῆς</span> <span class='ocrx_word' id='word_1_383' title='bbox 2073 805 2157 843; x_wconf 81' lang='grc' dir='ltr'>ἁγίας</span> 
     </span>
     <span class='ocr_line' id='line_1_65' title="bbox 1381 853 1991 892; baseline 0.002 -9"><span class='ocrx_word' id='word_1_384' title='bbox 1381 853 1525 891; x_wconf 78' lang='grc' dir='ltr'>συνάξεως</span> <span class='ocrx_word' id='word_1_385' title='bbox 1541 854 1587 883; x_wconf 88' lang='grc' dir='ltr'>καὶ</span> <span class='ocrx_word' id='word_1_386' title='bbox 1602 854 1668 892; x_wconf 80' lang='grc' dir='ltr'>περὶ</span> <span class='ocrx_word' id='word_1_387' title='bbox 1684 857 1733 884; x_wconf 82' lang='grc' dir='ltr'>τοῦ</span> <span class='ocrx_word' id='word_1_388' title='bbox 1748 854 1785 892; x_wconf 79' lang='grc' dir='ltr'>μὴ</span> <span class='ocrx_word' id='word_1_389' title='bbox 1801 854 1991 892; x_wconf 85' lang='grc' dir='ltr'>μνησικακῆν.</span> 
     </span>
    </p>

    <p class='ocr_par' dir='ltr' id='par_1_38' title="bbox 1381 903 2156 996">
     <span class='ocr_line' id='line_1_66' title="bbox 1402 903 2156 945; baseline 0.003 -11"><span class='ocrx_word' id='word_1_390' title='bbox 1402 903 1499 945; x_wconf 84' lang='lat' dir='ltr'>Incip.</span> <span class='ocrx_word' id='word_1_391' title='bbox 1517 905 1562 935; x_wconf 78' lang='grc' dir='ltr'>ἀεὶ</span> <span class='ocrx_word' id='word_1_392' title='bbox 1577 906 1630 942; x_wconf 78' lang='grc' dir='ltr'>μὲν</span> <span class='ocrx_word' id='word_1_393' title='bbox 1646 905 1663 942; x_wconf 88' lang='grc' dir='ltr'>ἡ</span> <span class='ocrx_word' id='word_1_394' title='bbox 1679 908 1740 941; x_wconf 77' lang='grc' dir='ltr'>τοῦ,</span> <span class='ocrx_word' id='word_1_395' title='bbox 1757 910 1791 935; x_wconf 83' lang='lat' dir='ltr'>ut</span> <span class='ocrx_word' id='word_1_396' title='bbox 1807 905 1837 934; x_wconf 86' lang='lat' dir='ltr'>in</span> <span class='ocrx_word' id='word_1_397' title='bbox 1855 905 1969 935; x_wconf 84' lang='lat' dir='ltr'>Canisii</span> <span class='ocrx_word' id='word_1_398' title='bbox 1988 905 2073 936; x_wconf 77' lang='lat' dir='ltr'>Leot.</span> <span class='ocrx_word' id='word_1_399' title='bbox 2089 906 2156 936; x_wconf 89' lang='lat' dir='ltr'>An-</span> 
     </span>
     <span class='ocr_line' id='line_1_67' title="bbox 1381 955 1716 996; baseline 0.003 -11"><span class='ocrx_word' id='word_1_400' title='bbox 1381 955 1456 996; x_wconf 80' lang='lat' dir='ltr'>tiqq.</span> <span class='ocrx_word' id='word_1_401' title='bbox 1475 959 1550 985; x_wconf 83' lang='lat' dir='ltr'>tom.</span> <span class='ocrx_word' id='word_1_402' title='bbox 1564 955 1606 986; x_wconf 93' lang='lat' dir='ltr'>iii.</span> <span class='ocrx_word' id='word_1_403' title='bbox 1626 967 1654 996; x_wconf 88' lang='lat' dir='ltr'>p.</span> <span class='ocrx_word' id='word_1_404' title='bbox 1666 965 1716 996; x_wconf 82' lang='lat'>53.</span> 
     </span>
    </p>

    <p class='ocr_par' dir='ltr' id='par_1_39' title="bbox 1276 1010 1956 1052">
     <span class='ocr_line' id='line_1_68' title="bbox 1276 1010 1956 1052; baseline 0.001 -12"><span class='ocrx_word' id='word_1_405' title='bbox 1276 1011 1323 1042; x_wconf 78' lang='lat'>17.</span> <span class='ocrx_word' id='word_1_406' title='bbox 1342 1010 1373 1040; x_wconf 88' lang='lat' dir='ltr'>S.</span> <span class='ocrx_word' id='word_1_407' title='bbox 1385 1010 1495 1041; x_wconf 59' lang='lat' dir='ltr'>Maria*</span> <span class='ocrx_word' id='word_1_408' title='bbox 1513 1011 1709 1052; x_wconf 76' lang='lat' dir='ltr'>AEgyptiacae</span> <span class='ocrx_word' id='word_1_409' title='bbox 1726 1011 1798 1042; x_wconf 82' lang='lat' dir='ltr'>vita.</span> <span class='ocrx_word' id='word_1_410' title='bbox 1823 1012 1872 1042; x_wconf 82' lang='lat' dir='ltr'>fol.</span> <span class='ocrx_word' id='word_1_411' title='bbox 1890 1013 1956 1042; x_wconf 76' lang='lat'>162.</span> 
     </span>
    </p>

    <p class='ocr_par' dir='ltr' id='par_1_40' title="bbox 1380 1062 2158 1209">
     <span class='ocr_line' id='line_1_69' title="bbox 1402 1062 2158 1101; baseline 0.001 -9"><span class='ocrx_word' id='word_1_412' title='bbox 1402 1062 1465 1093; x_wconf 83' lang='lat' dir='ltr'>Tit.</span> <span class='ocrx_word' id='word_1_413' title='bbox 1488 1064 1556 1100; x_wconf 72' lang='grc' dir='ltr'>βιὸς</span> <span class='ocrx_word' id='word_1_414' title='bbox 1576 1064 1622 1093; x_wconf 80' lang='grc' dir='ltr'>καὶ</span> <span class='ocrx_word' id='word_1_415' title='bbox 1645 1064 1768 1101; x_wconf 78' lang='grc' dir='ltr'>ἄσκησις</span> <span class='ocrx_word' id='word_1_416' title='bbox 1792 1066 1839 1101; x_wconf 80' lang='grc' dir='ltr'>τῆς</span> <span class='ocrx_word' id='word_1_417' title='bbox 1864 1065 1946 1095; x_wconf 81' lang='grc' dir='ltr'>ὁσίας</span> <span class='ocrx_word' id='word_1_418' title='bbox 1972 1063 2087 1101; x_wconf 85' lang='grc' dir='ltr'>Μαρίας</span> <span class='ocrx_word' id='word_1_419' title='bbox 2110 1065 2158 1100; x_wconf 82' lang='grc' dir='ltr'>τῆς</span> 
     </span>
     <span class='ocr_line' id='line_1_70' title="bbox 1381 1115 2158 1154; baseline 0.001 -10"><span class='ocrx_word' id='word_1_420' title='bbox 1381 1115 1539 1153; x_wconf 81' lang='grc' dir='ltr'>Αἰγυπτίας</span> <span class='ocrx_word' id='word_1_421' title='bbox 1569 1116 1656 1146; x_wconf 75' lang='grc' dir='ltr'>ὁσίως</span> <span class='ocrx_word' id='word_1_422' title='bbox 1682 1115 1852 1153; x_wconf 79' lang='grc' dir='ltr'>ἁσκησάσης</span> <span class='ocrx_word' id='word_1_423' title='bbox 1879 1116 1950 1146; x_wconf 85' lang='grc' dir='ltr'>κατὰ</span> <span class='ocrx_word' id='word_1_424' title='bbox 1976 1115 2029 1152; x_wconf 79' lang='grc' dir='ltr'>τὴν</span> <span class='ocrx_word' id='word_1_425' title='bbox 2053 1116 2158 1154; x_wconf 86' lang='grc' dir='ltr'>ἔρημον</span> 
     </span>
     <span class='ocr_line' id='line_1_71' title="bbox 1380 1169 1602 1209; baseline 0 -9"><span class='ocrx_word' id='word_1_426' title='bbox 1380 1173 1430 1200; x_wconf 81' lang='grc' dir='ltr'>τοῦ</span> <span class='ocrx_word' id='word_1_427' title='bbox 1445 1169 1602 1209; x_wconf 75' lang='grc' dir='ltr'>Ἰορδάνου.</span> 
     </span>
    </p>

    <p class='ocr_par' dir='ltr' id='par_1_41' title="bbox 1382 1220 2157 1313">
     <span class='ocr_line' id='line_1_72' title="bbox 1404 1220 2157 1262; baseline 0.001 -12"><span class='ocrx_word' id='word_1_428' title='bbox 1404 1220 1499 1262; x_wconf 86' lang='lat' dir='ltr'>Incip.</span> <span class='ocrx_word' id='word_1_429' title='bbox 1517 1221 1676 1260; x_wconf 87' lang='grc' dir='ltr'>μυστήριον</span> <span class='ocrx_word' id='word_1_430' title='bbox 1697 1221 1859 1259; x_wconf 78' lang='grc' dir='ltr'>βασιλέως,</span> <span class='ocrx_word' id='word_1_431' title='bbox 1876 1235 1900 1251; x_wconf 92' lang='grc' dir='ltr'>κ.</span> <span class='ocrx_word' id='word_1_432' title='bbox 1917 1228 1944 1251; x_wconf 80' lang='grc' dir='ltr'>λ,</span> <span class='ocrx_word' id='word_1_433' title='bbox 1966 1225 2001 1252; x_wconf 84' lang='lat' dir='ltr'>ut</span> <span class='ocrx_word' id='word_1_434' title='bbox 2023 1221 2053 1251; x_wconf 88' lang='lat' dir='ltr'>in</span> <span class='ocrx_word' id='word_1_435' title='bbox 2075 1221 2157 1252; x_wconf 77' lang='lat' dir='ltr'>calce</span> 
     </span>
     <span class='ocr_line' id='line_1_73' title="bbox 1382 1271 2008 1313; baseline 0.002 -12"><span class='ocrx_word' id='word_1_436' title='bbox 1382 1271 1452 1302; x_wconf 88' lang='lat' dir='ltr'>Act.</span> <span class='ocrx_word' id='word_1_437' title='bbox 1469 1271 1522 1301; x_wconf 85' lang='lat' dir='ltr'>SS.</span> <span class='ocrx_word' id='word_1_438' title='bbox 1539 1282 1634 1301; x_wconf 83' lang='lat' dir='ltr'>mens.</span> <span class='ocrx_word' id='word_1_439' title='bbox 1653 1272 1752 1312; x_wconf 82' lang='lat' dir='ltr'>April.</span> <span class='ocrx_word' id='word_1_440' title='bbox 1770 1277 1845 1302; x_wconf 90' lang='lat' dir='ltr'>tom.</span> <span class='ocrx_word' id='word_1_441' title='bbox 1861 1272 1880 1302; x_wconf 85' lang='lat' dir='ltr'>i.</span> <span class='ocrx_word' id='word_1_442' title='bbox 1898 1284 1926 1313; x_wconf 83' lang='lat' dir='ltr'>p.</span> <span class='ocrx_word' id='word_1_443' title='bbox 1945 1272 2008 1302; x_wconf 82' lang='lat' dir='ltr'>xiii.</span> 
     </span>
    </p>

    <p class='ocr_par' dir='ltr' id='par_1_42' title="bbox 1276 1325 2158 1468">
     <span class='ocr_line' id='line_1_74' title="bbox 1276 1325 2158 1367; baseline 0.003 -12"><span class='ocrx_word' id='word_1_444' title='bbox 1276 1326 1323 1355; x_wconf 81' lang='lat'>18.</span> <span class='ocrx_word' id='word_1_445' title='bbox 1342 1325 1490 1357; x_wconf 82' lang='lat' dir='ltr'>Narratio</span> <span class='ocrx_word' id='word_1_446' title='bbox 1506 1338 1543 1356; x_wconf 77' lang='lat' dir='ltr'>ex</span> <span class='ocrx_word' id='word_1_447' title='bbox 1560 1326 1691 1357; x_wconf 82' lang='lat' dir='ltr'>historia</span> <span class='ocrx_word' id='word_1_448' title='bbox 1712 1327 1841 1367; x_wconf 77' lang='lat' dir='ltr'>antiqua</span> <span class='ocrx_word' id='word_1_449' title='bbox 1861 1327 1990 1357; x_wconf 74' lang='lat' dir='ltr'>collecta</span> <span class='ocrx_word' id='word_1_450' title='bbox 2008 1327 2046 1358; x_wconf 85' lang='lat' dir='ltr'>de</span> <span class='ocrx_word' id='word_1_451' title='bbox 2067 1327 2158 1358; x_wconf 86' lang='lat' dir='ltr'>mira—</span> 
     </span>
     <span class='ocr_line' id='line_1_75' title="bbox 1358 1377 2156 1418; baseline 0.003 -10"><span class='ocrx_word' id='word_1_452' title='bbox 1358 1377 1436 1415; x_wconf 81' lang='lat' dir='ltr'>culo,</span> <span class='ocrx_word' id='word_1_453' title='bbox 1458 1378 1541 1418; x_wconf 89' lang='lat' dir='ltr'>quod</span> <span class='ocrx_word' id='word_1_454' title='bbox 1565 1377 1596 1408; x_wconf 91' lang='lat' dir='ltr'>in</span> <span class='ocrx_word' id='word_1_455' title='bbox 1620 1378 1780 1408; x_wconf 75' lang='lat' dir='ltr'>obsidione</span> <span class='ocrx_word' id='word_1_456' title='bbox 1804 1378 1889 1408; x_wconf 87' lang='lat' dir='ltr'>urbis</span> <span class='ocrx_word' id='word_1_457' title='bbox 1910 1378 2003 1409; x_wconf 84' lang='lat' dir='ltr'>CPol.</span> <span class='ocrx_word' id='word_1_458' title='bbox 2031 1379 2156 1410; x_wconf 81' lang='lat' dir='ltr'>accidit.</span> 
     </span>
     <span class='ocr_line' id='line_1_76' title="bbox 1358 1428 1496 1468; baseline 0 -9"><span class='ocrx_word' id='word_1_459' title='bbox 1358 1428 1411 1459; x_wconf 76' lang='lat' dir='ltr'>fol.</span> <span class='ocrx_word' id='word_1_460' title='bbox 1429 1437 1496 1468; x_wconf 90' lang='lat'>177.</span> 
     </span>
    </p>

    <p class='ocr_par' dir='ltr' id='par_1_43' title="bbox 1366 1480 2158 1927">
     <span class='ocr_line' id='line_1_77' title="bbox 1401 1480 2158 1520; baseline 0.003 -10"><span class='ocrx_word' id='word_1_461' title='bbox 1401 1480 1461 1511; x_wconf 84' lang='lat' dir='ltr'>Tit.</span> <span class='ocrx_word' id='word_1_462' title='bbox 1487 1480 1618 1519; x_wconf 81' lang='grc' dir='ltr'>διήγησις</span> <span class='ocrx_word' id='word_1_463' title='bbox 1644 1480 1800 1519; x_wconf 80' lang='grc' dir='ltr'>ὠφέλημος</span> <span class='ocrx_word' id='word_1_464' title='bbox 1826 1481 1857 1511; x_wconf 80' lang='grc' dir='ltr'>ἐκ</span> <span class='ocrx_word' id='word_1_465' title='bbox 1881 1483 2008 1513; x_wconf 80' lang='grc' dir='ltr'>παλαιᾶς</span> <span class='ocrx_word' id='word_1_466' title='bbox 2032 1482 2158 1520; x_wconf 80' lang='grc' dir='ltr'>ἱστορίας</span> 
     </span>
     <span class='ocr_line' id='line_1_78' title="bbox 1379 1532 2158 1571; baseline 0.003 -10"><span class='ocrx_word' id='word_1_467' title='bbox 1379 1535 1562 1571; x_wconf 84' lang='grc' dir='ltr'>συλλεγεῖσα</span> <span class='ocrx_word' id='word_1_468' title='bbox 1585 1532 1631 1562; x_wconf 82' lang='grc' dir='ltr'>καὶ</span> <span class='ocrx_word' id='word_1_469' title='bbox 1654 1532 1818 1570; x_wconf 81' lang='grc' dir='ltr'>ἀνάμνησιν</span> <span class='ocrx_word' id='word_1_470' title='bbox 1842 1534 1971 1569; x_wconf 81' lang='grc' dir='ltr'>δηλοῦσα</span> <span class='ocrx_word' id='word_1_471' title='bbox 1994 1535 2045 1562; x_wconf 79' lang='grc' dir='ltr'>τοῦ</span> <span class='ocrx_word' id='word_1_472' title='bbox 2067 1545 2158 1571; x_wconf 85' lang='grc' dir='ltr'>παρα-</span> 
     </span>
     <span class='ocr_line' id='line_1_79' title="bbox 1366 1582 2156 1622; baseline 0.003 -10"><span class='ocrx_word' id='word_1_473' title='bbox 1366 1584 1466 1620; x_wconf 75' lang='grc' dir='ltr'>-δόξως</span> <span class='ocrx_word' id='word_1_474' title='bbox 1492 1582 1652 1621; x_wconf 84' lang='grc' dir='ltr'>γενομένου</span> <span class='ocrx_word' id='word_1_475' title='bbox 1679 1585 1824 1621; x_wconf 86' lang='grc' dir='ltr'>θαύματος</span> <span class='ocrx_word' id='word_1_476' title='bbox 1853 1583 1937 1620; x_wconf 85' lang='grc' dir='ltr'>ἥνικα</span> <span class='ocrx_word' id='word_1_477' title='bbox 1963 1582 2079 1622; x_wconf 82' lang='grc' dir='ltr'>Πέρσαι</span> <span class='ocrx_word' id='word_1_478' title='bbox 2111 1587 2156 1614; x_wconf 83' lang='grc' dir='ltr'>καὶ</span> 
     </span>
     <span class='ocr_line' id='line_1_80' title="bbox 1376 1633 2156 1673; baseline 0 -9"><span class='ocrx_word' id='word_1_479' title='bbox 1376 1634 1525 1673; x_wconf 78' lang='grc' dir='ltr'>βάρβαροι</span> <span class='ocrx_word' id='word_1_480' title='bbox 1554 1634 1607 1671; x_wconf 81' lang='grc' dir='ltr'>τὴν</span> <span class='ocrx_word' id='word_1_481' title='bbox 1636 1635 1781 1672; x_wconf 77' lang='grc' dir='ltr'>βασιλίδα</span> <span class='ocrx_word' id='word_1_482' title='bbox 1814 1636 1917 1664; x_wconf 85' lang='grc' dir='ltr'>πασῶν</span> <span class='ocrx_word' id='word_1_483' title='bbox 1946 1633 2075 1670; x_wconf 88' lang='grc' dir='ltr'>πόλεων,</span> <span class='ocrx_word' id='word_1_484' title='bbox 2105 1634 2156 1672; x_wconf 79' lang='grc' dir='ltr'>τὴν</span> 
     </span>
     <span class='ocr_line' id='line_1_81' title="bbox 1379 1685 2157 1723; baseline 0 -8"><span class='ocrx_word' id='word_1_485' title='bbox 1379 1686 1694 1715; x_wconf 84' lang='grc' dir='ltr'>Κωνσταντινούπολιν</span> <span class='ocrx_word' id='word_1_486' title='bbox 1731 1685 1813 1723; x_wconf 81' lang='grc' dir='ltr'>φημὶ,</span> <span class='ocrx_word' id='word_1_487' title='bbox 1852 1685 2100 1723; x_wconf 84' lang='grc' dir='ltr'>περιεκύκλωσαν,</span> <span class='ocrx_word' id='word_1_488' title='bbox 2130 1686 2157 1715; x_wconf 85' lang='grc' dir='ltr'>οἱ</span> 
     </span>
     <span class='ocr_line' id='line_1_82' title="bbox 1379 1735 2156 1774; baseline 0.001 -8"><span class='ocrx_word' id='word_1_489' title='bbox 1379 1736 1424 1766; x_wconf 75' lang='grc' dir='ltr'>καὶ</span> <span class='ocrx_word' id='word_1_490' title='bbox 1441 1737 1595 1766; x_wconf 82' lang='grc' dir='ltr'>ἀπώλοντο</span> <span class='ocrx_word' id='word_1_491' title='bbox 1617 1737 1697 1767; x_wconf 87' lang='grc' dir='ltr'>θείας</span> <span class='ocrx_word' id='word_1_492' title='bbox 1713 1736 1789 1771; x_wconf 84' lang='grc' dir='ltr'>δίκης</span> <span class='ocrx_word' id='word_1_493' title='bbox 1805 1735 1991 1774; x_wconf 82' lang='grc' dir='ltr'>πειραθέντες</span> <span class='ocrx_word' id='word_1_494' title='bbox 2006 1736 2055 1774; x_wconf 81' lang='grc' dir='ltr'>ἡδὲ</span> <span class='ocrx_word' id='word_1_495' title='bbox 2071 1737 2156 1767; x_wconf 82' lang='grc' dir='ltr'>πόλις</span> 
     </span>
     <span class='ocr_line' id='line_1_83' title="bbox 1377 1786 2156 1826; baseline 0 -9"><span class='ocrx_word' id='word_1_496' title='bbox 1377 1786 1497 1824; x_wconf 54' lang='lat' dir='ltr'>&#39;Am-⁷⁸19</span> <span class='ocrx_word' id='word_1_497' title='bbox 1520 1790 1733 1826; x_wconf 84' lang='grc' dir='ltr'>συντηρηθεῖσα</span> <span class='ocrx_word' id='word_1_498' title='bbox 1753 1788 1926 1825; x_wconf 80' lang='grc' dir='ltr'>πρεσβείαις</span> <span class='ocrx_word' id='word_1_499' title='bbox 1941 1788 1989 1824; x_wconf 78' lang='grc' dir='ltr'>τῆς</span> <span class='ocrx_word' id='word_1_500' title='bbox 2005 1788 2156 1818; x_wconf 86' lang='grc' dir='ltr'>Θεστόκου</span> 
     </span>
     <span class='ocr_line' id='line_1_84' title="bbox 1377 1837 2156 1878; baseline -0.001 -10"><span class='ocrx_word' id='word_1_501' title='bbox 1377 1838 1498 1875; x_wconf 76' lang='grc' dir='ltr'>ἐτησίως</span> <span class='ocrx_word' id='word_1_502' title='bbox 1522 1839 1553 1868; x_wconf 83' lang='grc' dir='ltr'>ἐκ</span> <span class='ocrx_word' id='word_1_503' title='bbox 1576 1838 1642 1868; x_wconf 86' lang='grc' dir='ltr'>τότε</span> <span class='ocrx_word' id='word_1_504' title='bbox 1665 1837 1728 1868; x_wconf 56' lang='lat' dir='ltr'>&amp;Aba</span> <span class='ocrx_word' id='word_1_505' title='bbox 1753 1837 1975 1878; x_wconf 78' lang='grc' dir='ltr'>εὐχαριστήριον</span> <span class='ocrx_word' id='word_1_506' title='bbox 1999 1837 2156 1868; x_wconf 86' lang='grc' dir='ltr'>ἀκάθιστον</span> 
     </span>
     <span class='ocr_line' id='line_1_85' title="bbox 1376 1888 1813 1927; baseline 0 -9"><span class='ocrx_word' id='word_1_507' title='bbox 1376 1888 1429 1926; x_wconf 80' lang='grc' dir='ltr'>τὴν</span> <span class='ocrx_word' id='word_1_508' title='bbox 1444 1888 1552 1927; x_wconf 81' lang='grc' dir='ltr'>ἡμέραν</span> <span class='ocrx_word' id='word_1_509' title='bbox 1569 1888 1813 1926; x_wconf 82' lang='grc' dir='ltr'>κατονομάζονσα.</span> 
     </span>
    </p>

    <p class='ocr_par' dir='ltr' id='par_1_44' title="bbox 1376 1939 2154 2030">
     <span class='ocr_line' id='line_1_86' title="bbox 1400 1939 2154 1982; baseline 0 -11"><span class='ocrx_word' id='word_1_510' title='bbox 1400 1941 1497 1982; x_wconf 84' lang='lat' dir='ltr'>Incip.</span> <span class='ocrx_word' id='word_1_511' title='bbox 1529 1942 1561 1971; x_wconf 86' lang='grc' dir='ltr'>ἐν</span> <span class='ocrx_word' id='word_1_512' title='bbox 1585 1944 1643 1972; x_wconf 80' lang='grc' dir='ltr'>τοῖς</span> <span class='ocrx_word' id='word_1_513' title='bbox 1674 1941 1790 1980; x_wconf 80' lang='grc' dir='ltr'>χρόνοις</span> <span class='ocrx_word' id='word_1_514' title='bbox 1819 1939 1997 1979; x_wconf 68' lang='grc' dir='ltr'>“Ηρα·κλείου</span> <span class='ocrx_word' id='word_1_515' title='bbox 2023 1942 2073 1970; x_wconf 81' lang='grc' dir='ltr'>τοῦ</span> <span class='ocrx_word' id='word_1_516' title='bbox 2098 1943 2154 1971; x_wconf 87' lang='grc' dir='ltr'>τῶν</span> 
     </span>
     <span class='ocr_line' id='line_1_87' title="bbox 1376 1992 1698 2030; baseline -0.003 -7"><span class='ocrx_word' id='word_1_517' title='bbox 1376 1992 1525 2030; x_wconf 81' lang='grc' dir='ltr'>Ῥωμαίων</span> <span class='ocrx_word' id='word_1_518' title='bbox 1539 1992 1698 2030; x_wconf 76' lang='grc' dir='ltr'>βασιλέως.</span> 
     </span>
    </p>

    <p class='ocr_par' dir='ltr' id='par_1_45' title="bbox 1272 2045 2155 2140">
     <span class='ocr_line' id='line_1_88' title="bbox 1272 2045 2155 2087; baseline -0.003 -8"><span class='ocrx_word' id='word_1_519' title='bbox 1272 2050 1322 2082; x_wconf 80' lang='grc'>19,</span> <span class='ocrx_word' id='word_1_520' title='bbox 1339 2049 1368 2080; x_wconf 85' lang='lat' dir='ltr'>S.</span> <span class='ocrx_word' id='word_1_521' title='bbox 1383 2049 1519 2078; x_wconf 79' lang='lat' dir='ltr'>Androae</span> <span class='ocrx_word' id='word_1_522' title='bbox 1542 2048 1700 2079; x_wconf 76' lang='lat' dir='ltr'>Cretensis</span> <span class='ocrx_word' id='word_1_523' title='bbox 1729 2058 1829 2078; x_wconf 81' lang='lat' dir='ltr'>sermo</span> <span class='ocrx_word' id='word_1_524' title='bbox 1856 2047 1890 2077; x_wconf 90' lang='lat' dir='ltr'>in</span> <span class='ocrx_word' id='word_1_525' title='bbox 1912 2045 2155 2087; x_wconf 83' lang='lat' dir='ltr'>quatriduanum</span> 
     </span>
     <span class='ocr_line' id='line_1_89' title="bbox 1357 2097 2153 2140; baseline -0.003 -10"><span class='ocrx_word' id='word_1_526' title='bbox 1357 2100 1519 2135; x_wconf 86' lang='lat' dir='ltr'>Lazarum,</span> <span class='ocrx_word' id='word_1_527' title='bbox 1533 2110 1602 2130; x_wconf 83' lang='lat' dir='ltr'>cum</span> <span class='ocrx_word' id='word_1_528' title='bbox 1617 2099 1727 2140; x_wconf 83' lang='lat' dir='ltr'>glossis</span> <span class='ocrx_word' id='word_1_529' title='bbox 1743 2098 2000 2129; x_wconf 77' lang='lat' dir='ltr'>interlinearibus.</span> <span class='ocrx_word' id='word_1_530' title='bbox 2024 2097 2074 2128; x_wconf 87' lang='lat' dir='ltr'>fol.</span> <span class='ocrx_word' id='word_1_531' title='bbox 2086 2098 2153 2136; x_wconf 89' lang='lat'>184.</span> 
     </span>
    </p>

    <p class='ocr_par' dir='ltr' id='par_1_46' title="bbox 1376 2149 2155 2292">
     <span class='ocr_line' id='line_1_90' title="bbox 1399 2149 2155 2190; baseline 0 -9"><span class='ocrx_word' id='word_1_532' title='bbox 1399 2151 1462 2182; x_wconf 81' lang='lat' dir='ltr'>Tit.</span> <span class='ocrx_word' id='word_1_533' title='bbox 1479 2154 1540 2188; x_wconf 79' lang='grc' dir='ltr'>τοῦ,</span> <span class='ocrx_word' id='word_1_534' title='bbox 1557 2165 1581 2181; x_wconf 94' lang='grc' dir='ltr'>κ.</span> <span class='ocrx_word' id='word_1_535' title='bbox 1595 2156 1624 2181; x_wconf 92' lang='grc' dir='ltr'>λ.</span> <span class='ocrx_word' id='word_1_536' title='bbox 1640 2151 1779 2190; x_wconf 80' lang='grc' dir='ltr'>Ἀνδρέου</span> <span class='ocrx_word' id='word_1_537' title='bbox 1799 2151 2027 2190; x_wconf 84' lang='grc' dir='ltr'>ἀρχιεπισκόπου</span> <span class='ocrx_word' id='word_1_538' title='bbox 2044 2149 2155 2187; x_wconf 82' lang='grc' dir='ltr'>Κρήτης</span> 
     </span>
     <span class='ocr_line' id='line_1_91' title="bbox 1376 2200 2155 2242; baseline -0.003 -9"><span class='ocrx_word' id='word_1_539' title='bbox 1376 2206 1426 2233; x_wconf 82' lang='grc' dir='ltr'>τοῦ</span> <span class='ocrx_word' id='word_1_540' title='bbox 1441 2202 1676 2242; x_wconf 80' lang='grc' dir='ltr'>Ἵεροσολυμίτου</span> <span class='ocrx_word' id='word_1_541' title='bbox 1697 2203 1787 2242; x_wconf 86' lang='grc' dir='ltr'>λόγος</span> <span class='ocrx_word' id='word_1_542' title='bbox 1807 2203 1846 2233; x_wconf 82' lang='grc' dir='ltr'>εἰς</span> <span class='ocrx_word' id='word_1_543' title='bbox 1861 2201 1912 2231; x_wconf 86' lang='grc' dir='ltr'>τὸν</span> <span class='ocrx_word' id='word_1_544' title='bbox 1928 2200 2082 2240; x_wconf 87' lang='grc' dir='ltr'>τριήμερον</span> <span class='ocrx_word' id='word_1_545' title='bbox 2097 2200 2155 2231; x_wconf 81' lang='grc' dir='ltr'>Λά-</span> 
     </span>
     <span class='ocr_line' id='line_1_92' title="bbox 1380 2255 1476 2292; baseline 0 -8"><span class='ocrx_word' id='word_1_546' title='bbox 1380 2255 1476 2292; x_wconf 78' lang='grc' dir='ltr'>ζαρον.</span> 
     </span>
    </p>

    <p class='ocr_par' dir='ltr' id='par_1_47' title="bbox 1400 2302 2056 2345">
     <span class='ocr_line' id='line_1_93' title="bbox 1400 2302 2056 2345; baseline -0.003 -10"><span class='ocrx_word' id='word_1_547' title='bbox 1400 2305 1516 2335; x_wconf 81' lang='lat' dir='ltr'>Exstat</span> <span class='ocrx_word' id='word_1_548' title='bbox 1532 2305 1613 2335; x_wconf 83' lang='lat' dir='ltr'>inter</span> <span class='ocrx_word' id='word_1_549' title='bbox 1628 2315 1698 2345; x_wconf 89' lang='lat' dir='ltr'>opp.</span> <span class='ocrx_word' id='word_1_550' title='bbox 1716 2303 1765 2334; x_wconf 81' lang='lat' dir='ltr'>ed.</span> <span class='ocrx_word' id='word_1_551' title='bbox 1780 2302 1946 2334; x_wconf 79' lang='lat' dir='ltr'>Combefis.</span> <span class='ocrx_word' id='word_1_552' title='bbox 1964 2314 1993 2344; x_wconf 92' lang='lat' dir='ltr'>p.</span> <span class='ocrx_word' id='word_1_553' title='bbox 2005 2304 2056 2342; x_wconf 77' lang='lat'>56.</span> 
     </span>
    </p>

    <p class='ocr_par' dir='ltr' id='par_1_48' title="bbox 1272 2345 2116 2398">
     <span class='ocr_line' id='line_1_94' title="bbox 1272 2345 2116 2398; baseline -0.004 -12"><span class='ocrx_word' id='word_1_554' title='bbox 1272 2359 1322 2388; x_wconf 73' lang='lat'>20.</span> <span class='ocrx_word' id='word_1_555' title='bbox 1340 2345 1489 2398; x_wconf 51' lang='lat' dir='ltr'>Ifijusdmn</span> <span class='ocrx_word' id='word_1_556' title='bbox 1505 2367 1605 2387; x_wconf 81' lang='lat' dir='ltr'>sermo</span> <span class='ocrx_word' id='word_1_557' title='bbox 1622 2356 1653 2386; x_wconf 90' lang='lat' dir='ltr'>in</span> <span class='ocrx_word' id='word_1_558' title='bbox 1668 2356 1749 2386; x_wconf 87' lang='lat' dir='ltr'>diem</span> <span class='ocrx_word' id='word_1_559' title='bbox 1766 2355 1955 2385; x_wconf 85' lang='lat' dir='ltr'>Palmarum.</span> <span class='ocrx_word' id='word_1_560' title='bbox 1979 2354 2028 2385; x_wconf 74' lang='lat' dir='ltr'>sol.</span> <span class='ocrx_word' id='word_1_561' title='bbox 2047 2364 2082 2394; x_wconf 86' lang='lat'>19</span> <span class='ocrx_word' id='word_1_562' title='bbox 2084 2363 2116 2394; x_wconf 81' lang='lat'>5.</span> 
     </span>
    </p>

    <p class='ocr_par' dir='ltr' id='par_1_49' title="bbox 1400 2408 1593 2448">
     <span class='ocr_line' id='line_1_95' title="bbox 1400 2408 1593 2448; baseline -0.005 -10"><span class='ocrx_word' id='word_1_563' title='bbox 1400 2408 1480 2438; x_wconf 87' lang='lat' dir='ltr'>Ibid.</span> <span class='ocrx_word' id='word_1_564' title='bbox 1497 2418 1525 2448; x_wconf 87' lang='lat' dir='ltr'>p.</span> <span class='ocrx_word' id='word_1_565' title='bbox 1545 2417 1593 2447; x_wconf 87' lang='lat'>75.</span> 
     </span>
    </p>

    <p class='ocr_par' dir='ltr' id='par_1_50' title="bbox 1272 2456 2152 2806">
     <span class='ocr_line' id='line_1_96' title="bbox 1272 2456 2017 2500; baseline -0.005 -9"><span class='ocrx_word' id='word_1_566' title='bbox 1272 2461 1322 2491; x_wconf 67' lang='lat'>21.</span> <span class='ocrx_word' id='word_1_567' title='bbox 1342 2460 1370 2490; x_wconf 89' lang='lat' dir='ltr'>S.</span> <span class='ocrx_word' id='word_1_568' title='bbox 1383 2459 1595 2500; x_wconf 81' lang='lat' dir='ltr'>Chrysostomi</span> <span class='ocrx_word' id='word_1_569' title='bbox 1611 2469 1768 2489; x_wconf 79' lang='lat' dir='ltr'>sermones</span> <span class='ocrx_word' id='word_1_570' title='bbox 1784 2462 1868 2492; x_wconf 86' lang='lat' dir='ltr'>tres;</span> <span class='ocrx_word' id='word_1_571' title='bbox 1892 2456 2017 2493; x_wconf 70' lang='lat' dir='ltr'>scilicet,</span> 
     </span>
     <span class='ocr_line' id='line_1_97' title="bbox 1358 2507 1973 2548; baseline -0.008 -6"><span class='ocrx_word' id='word_1_572' title='bbox 1358 2525 1385 2542; x_wconf 88' lang='grc' dir='ltr'>α.</span> <span class='ocrx_word' id='word_1_573' title='bbox 1407 2511 1442 2541; x_wconf 89' lang='lat' dir='ltr'>In</span> <span class='ocrx_word' id='word_1_574' title='bbox 1459 2511 1575 2540; x_wconf 78' lang='lat' dir='ltr'>anos</span> <span class='ocrx_word' id='word_1_575' title='bbox 1591 2509 1780 2540; x_wconf 84' lang='lat' dir='ltr'>Palmarum.</span> <span class='ocrx_word' id='word_1_576' title='bbox 1805 2508 1857 2539; x_wconf 85' lang='lat' dir='ltr'>fol.</span> <span class='ocrx_word' id='word_1_577' title='bbox 1870 2518 1927 2548; x_wconf 84' lang='lat'>205</span> <span class='ocrx_word' id='word_1_578' title='bbox 1944 2507 1973 2538; x_wconf 91' lang='lat' dir='ltr'>b.</span> 
     </span>
     <span class='ocr_line' id='line_1_98' title="bbox 1443 2559 2098 2602; baseline -0.003 -11"><span class='ocrx_word' id='word_1_579' title='bbox 1443 2561 1532 2592; x_wconf 78' lang='lat' dir='ltr'>Inter</span> <span class='ocrx_word' id='word_1_580' title='bbox 1546 2572 1616 2602; x_wconf 89' lang='lat' dir='ltr'>opp.</span> <span class='ocrx_word' id='word_1_581' title='bbox 1633 2566 1709 2591; x_wconf 85' lang='lat' dir='ltr'>tom.</span> <span class='ocrx_word' id='word_1_582' title='bbox 1721 2560 1782 2590; x_wconf 84' lang='lat' dir='ltr'>viii.</span> <span class='ocrx_word' id='word_1_583' title='bbox 1799 2571 1828 2601; x_wconf 88' lang='lat' dir='ltr'>p.</span> <span class='ocrx_word' id='word_1_584' title='bbox 1842 2569 1913 2600; x_wconf 82' lang='lat'>231,</span> <span class='ocrx_word' id='word_1_585' title='bbox 1928 2560 1961 2589; x_wconf 77' lang='lat' dir='ltr'>in</span> <span class='ocrx_word' id='word_1_586' title='bbox 1975 2559 2098 2600; x_wconf 71' lang='lat' dir='ltr'>spuriis.</span> 
     </span>
     <span class='ocr_line' id='line_1_99' title="bbox 1358 2610 1942 2651; baseline -0.005 -8"><span class='ocrx_word' id='word_1_587' title='bbox 1358 2617 1388 2651; x_wconf 83' lang='grc' dir='ltr'>β.</span> <span class='ocrx_word' id='word_1_588' title='bbox 1407 2613 1444 2643; x_wconf 89' lang='lat' dir='ltr'>In</span> <span class='ocrx_word' id='word_1_589' title='bbox 1457 2613 1547 2643; x_wconf 86' lang='lat' dir='ltr'>ficum</span> <span class='ocrx_word' id='word_1_590' title='bbox 1563 2612 1744 2643; x_wconf 74' lang='lat' dir='ltr'>arefactum.</span> <span class='ocrx_word' id='word_1_591' title='bbox 1768 2611 1818 2641; x_wconf 80' lang='lat' dir='ltr'>fol.</span> <span class='ocrx_word' id='word_1_592' title='bbox 1838 2620 1895 2651; x_wconf 80' lang='lat'>209</span> <span class='ocrx_word' id='word_1_593' title='bbox 1913 2610 1942 2640; x_wconf 92' lang='lat' dir='ltr'>b.</span> 
     </span>
     <span class='ocr_line' id='line_1_100' title="bbox 1444 2661 2015 2704; baseline -0.005 -10"><span class='ocrx_word' id='word_1_594' title='bbox 1444 2664 1526 2694; x_wconf 82' lang='lat' dir='ltr'>Ibid.</span> <span class='ocrx_word' id='word_1_595' title='bbox 1544 2668 1618 2694; x_wconf 84' lang='lat' dir='ltr'>tom.</span> <span class='ocrx_word' id='word_1_596' title='bbox 1636 2663 1695 2693; x_wconf 88' lang='lat' dir='ltr'>viii.</span> <span class='ocrx_word' id='word_1_597' title='bbox 1712 2673 1740 2704; x_wconf 89' lang='lat' dir='ltr'>p.</span> <span class='ocrx_word' id='word_1_598' title='bbox 1762 2665 1831 2696; x_wconf 78' lang='lat'>106,</span> <span class='ocrx_word' id='word_1_599' title='bbox 1847 2662 1879 2692; x_wconf 71' lang='lat' dir='ltr'>in</span> <span class='ocrx_word' id='word_1_600' title='bbox 1894 2661 2015 2702; x_wconf 56' lang='lat' dir='ltr'>spuriis.</span> 
     </span>
     <span class='ocr_line' id='line_1_101' title="bbox 1359 2711 2152 2755; baseline -0.004 -11"><span class='ocrx_word' id='word_1_601' title='bbox 1359 2728 1386 2755; x_wconf 72' lang='grc' dir='ltr'>γ.</span> <span class='ocrx_word' id='word_1_602' title='bbox 1404 2715 1451 2744; x_wconf 82' lang='lat' dir='ltr'>Do</span> <span class='ocrx_word' id='word_1_603' title='bbox 1467 2714 1660 2754; x_wconf 71' lang='lat' dir='ltr'>eleemosyna</span> <span class='ocrx_word' id='word_1_604' title='bbox 1675 2717 1706 2744; x_wconf 74' lang='lat' dir='ltr'>et</span> <span class='ocrx_word' id='word_1_605' title='bbox 1718 2713 1748 2743; x_wconf 93' lang='lat' dir='ltr'>in</span> <span class='ocrx_word' id='word_1_606' title='bbox 1764 2713 1870 2743; x_wconf 81' lang='lat' dir='ltr'>decem</span> <span class='ocrx_word' id='word_1_607' title='bbox 1887 2711 2040 2753; x_wconf 80' lang='lat' dir='ltr'>Virgines.</span> <span class='ocrx_word' id='word_1_608' title='bbox 2058 2712 2152 2750; x_wconf 79' lang='lat' dir='ltr'>f.214.</span> 
     </span>
     <span class='ocr_line' id='line_1_102' title="bbox 1445 2764 1799 2806; baseline -0.003 -11"><span class='ocrx_word' id='word_1_609' title='bbox 1445 2765 1525 2795; x_wconf 85' lang='lat' dir='ltr'>Ibid.</span> <span class='ocrx_word' id='word_1_610' title='bbox 1543 2769 1618 2796; x_wconf 87' lang='lat' dir='ltr'>tom.</span> <span class='ocrx_word' id='word_1_611' title='bbox 1635 2764 1665 2794; x_wconf 87' lang='lat' dir='ltr'>ii.</span> <span class='ocrx_word' id='word_1_612' title='bbox 1682 2775 1710 2806; x_wconf 90' lang='lat' dir='ltr'>p.</span> <span class='ocrx_word' id='word_1_613' title='bbox 1729 2774 1799 2805; x_wconf 79' lang='lat'>254.</span> 
     </span>
    </p>
   </div>
   <div class='ocr_carea' id='block_1_5' title="bbox 2249 1920 2253 2919">
    <p class='ocr_par' dir='ltr' id='par_1_51' title="bbox 2249 1920 2253 2919">
     <span class='ocr_line' id='line_1_103' title="bbox 2249 1920 2253 2919; baseline 0 0"><span class='ocrx_word' id='word_1_614' title='bbox 2249 1920 2253 2919; x_wconf 95' lang='lat' dir='ltr'> </span> 
     </span>
    </p>
   </div>
  </div>
 </body>
</html>
