2254 3117
44 520 63 549 ὶθ

66 520 85 548 ὶθ

43 735 91 765 23.

43 2099 61 2127 m

65 2099 83 2130 *1

637 160 877 196 COLLEGH
905 163 1283 204 BALIJoLENSIS.

90 280 96 286 .
112 255 269 296 Anonymi
290 255 451 296 cujusdam
469 256 570 287 oratio
587 268 691 288 coram
708 270 779 300 rege
797 260 936 291 Francia*

129 306 159 336 in
182 306 427 348 praesentatione
448 307 587 348 epistolae
605 308 788 341 Tholosanae
806 311 936 342 Univer—

129 357 242 388 sitatis.
267 369 295 398 p.
318 359 387 399 269.

173 408 271 449 Incip.
288 412 305 424 “
318 408 438 448 Regum
455 410 658 446 serenissimo,
672 416 731 442 etc.
763 413 872 454 Coegit
888 426 936 445 mc

153 460 383 501 quodammodo
400 461 612 492 remittentem
629 463 692 494 filia
707 467 843 495 vestra.’'

88 518 334 549 ,Universitatis
365 519 550 551 Tholosanae
588 522 720 562 epistola
754 524 794 554 ad
833 536 935 566 regem

130 570 271 601 Franciae
280 581 337 612 pro
344 571 544 602 restitutione
552 572 714 604 Benedicti
723 586 821 616 papae.
831 587 859 617 p.
866 578 934 616 289.

171 621 269 663 Incip.
304 622 524 653 “Orthodoxe
555 635 591 654 ac
622 624 821 657 invictissime
852 628 935 669 pugil
964 656 966 661 ,

149 674 231 711 fidei,
247 673 417 704 Brachium
433 674 573 705 inclitum
590 676 765 707 doxtrum?

111 733 219 765 Litera
238 734 319 764 dom.
337 733 473 775 episcopi
495 734 525 765 S.
542 735 647 766 Pontii
668 736 788 767 directa
811 737 935 769 domino

127 785 158 815 S.
180 785 294 826 Angeli
318 785 356 815 de
385 786 478 816 modo
501 785 657 824 Unionis;
687 788 751 818 dat.
775 788 874 820 Paris.
897 800 935 829 24

129 836 231 872 Febr.⁷
250 847 319 866 cum
336 847 496 877 responso.
518 848 547 878 p.
560 847 633 878 3¹3-

171 887 269 928 Incip.
302 891 320 903 ‘⁶
337 887 606 918 Reverendissimc
640 893 738 930 pater.
770 894 829 921 etc.
864 896 935 932 post

145 939 485 970 'recommendationem
501 940 648 970 humilem
663 946 695 971 ct
710 942 849 973 actiones
864 955 934 985 gra-

148 990 293 1021 tiarun1.”

86 1048 288 1080 ‚Declaratio
311 1050 394 1092 regis
416 1050 556 1081 Franciae
580 1055 652 1092 post
676 1052 932 1084 subtractionem.

126 1111 156 1140 p.
172 1109 245 1141 321.

170 1151 269 1193 Incip.
288 1156 305 1168 “
319 1152 466 1189 Karolus,
483 1156 540 1184 etc.
565 1165 621 1194 per
641 1159 801 1195 presentes
826 1160 934 1187 notum

148 1202 250 1233 facere
266 1203 412 1234 duximus
427 1215 521 1245 quam
538 1205 678 1247 benigne⁷
697 1217 790 1247 quam
806 1207 885 1248 pie.”

87 1286 93 1292 .
109 1261 282 1293 Decretum
295 1263 423 1294 Concilii
436 1263 617 1296 Basiliensis
630 1266 694 1296 dat.
705 1275 742 1306 29
754 1267 831 1308 Apr.
844 1278 932 1309 1432,

126 1313 157 1343 in
177 1325 239 1354 quo
260 1315 403 1355 queritur
419 1316 502 1356 quod
520 1316 679 1358 Eugenius
702 1328 785 1358 papa
805 1324 934 1360 rogatus

127 1365 255 1396 concilio
275 1366 425 1398 interesse
446 1368 647 1405 recusaverit,
664 1380 733 1399 cum
749 1371 873 1405 notarii,
892 1383 932 1401 sc.

126 1415 215 1446 Petri
231 1416 370 1448 Bennett
390 1428 499 1448 canon.
516 1418 676 1455 Atrebat..
697 1420 930 1462 subscriptione.

127 1478 154 1508 p.
171 1468 243 1508 328.

168 1518 266 1560 Incip.
291 1523 311 1537 “
329 1519 411 1550 Olim
442 1532 564 1551 sacrum
593 1521 832 1554 Constantiense
863 1536 933 1554 con-

148 1569 283 1600 cilium.”

88 1653 94 1659 .
110 1629 333 1671 Allegationes⁷
358 1632 441 1673 quod
464 1643 547 1673 papa
573 1644 634 1663 non
662 1633 778 1665 habeat
802 1634 932 1676 plenitu-

127 1681 229 1712 dinem
250 1683 420 1723 potestatis
441 1683 471 1713 in
490 1684 733 1725 temporalibus;
759 1686 833 1716 item
851 1688 932 1728 quod

126 1743 180 1763 rex
201 1745 258 1774 pro
279 1733 360 1764 bello
376 1734 465 1775 justo
485 1739 590 1776 potest
610 1736 734 1777 exigere
756 1737 894 1768 subsidia
914 1750 933 1768 a

126 1784 264 1824 personis
289 1785 507 1816 ecclesiasticis
530 1787 595 1817 sine
618 1789 810 1819 auctoritate
833 1801 932 1831 papae.

168 1886 267 1928 Incip.
284 1892 303 1904 “
317 1888 377 1919 Est
394 1888 498 1929 opinio
514 1889 687 1930 aliquorum
706 1891 788 1932 quod
805 1893 915 1933 papas*

170 1938 353 1970 Tractatum
367 1940 447 1970 hunc
460 1941 500 1971 ab
514 1941 617 1982 Anglo
631 1943 765 1982 quodam
782 1944 930 1985 scriptum

148 1989 352 2030 colligendum
374 1991 415 2022 sit
435 1992 475 2022 ab
492 1992 577 2029 locis,
594 2004 671 2034 quos
687 1994 798 2024 videsis
819 1995 858 2025 ad
881 2007 930 2037 pp.
961 2018 962 2035 ἶ

147 2048 221 2082 345,
236 2041 309 2081 348,
323 2052 386 2083 350
403 2054 466 2084 seq·

87 2099 303 2138 .Quaestiones
326 2105 471 2142 quatuor,
498 2114 566 2143 quse
595 2109 754 2144 pommtur
777 2106 814 2136 de
839 2107 931 2136 verbo

126 2152 166 2181 ad
182 2151 309 2182 verbum
331 2165 387 2194 per
402 2155 561 2185 dominum
582 2156 727 2195 [Petrum
745 2157 928 2199 Bertrandi]

127 2201 323 2234 Cardinalem
344 2204 522 2237 Eduensem
547 2218 639 2248 super
659 2208 810 2248 prooemio
832 2209 930 2240 Sexti.

169 2305 267 2347 Incip.
293 2312 310 2323 ⁴⁵
328 2307 445 2345 Primo,
474 2309 589 2339 Utrum
617 2315 757 2351 potestas
784 2313 930 2343 secularis

147 2367 202 2397 per
223 2369 316 2398 quam
339 2360 470 2400 populus
493 2362 613 2402 regitur
634 2373 725 2402 quam
749 2363 789 2393 ad
811 2369 929 2405 tempo·
958 2376 960 2383 ⁴

146 2407 225 2438 ralia
240 2409 281 2439 sit-
297 2421 314 2439 a
330 2410 431 2441 Deo.''

169 2460 220 2490 Ad
237 2471 266 2501 p.
279 2470 342 2502 375
359 2463 389 2492 in
406 2462 489 2493 calce
506 2468 614 2503 quaest.
631 2464 669 2494 iii.
688 2465 811 2506 legitur,
826 2473 842 2483 *²
854 2467 928 2496 Pre-

146 2511 230 2541 dieta
260 2513 383 2543 extraxi
415 2513 452 2543 de
482 2513 584 2544 libello
615 2515 731 2546 domini
762 2516 924 2553 Durandi;
957 2522 958 2546 l

147 2561 261 2593 Petrus
277 2563 474 2594 Be1·trandi.”

84 2643 90 2649 .
107 2619 285 2658 Tractatus,
301 2621 332 2652 in
348 2633 409 2663 quo
429 2622 568 2663 pluribus
589 2623 790 2666 impugnatur
806 2637 926 2668 compo-

125 2670 196 2702 sitio
218 2673 360 2713 quaedam
384 2678 550 2714 praetensa,
573 2685 629 2715 per
649 2686 742 2716 quam
765 2677 927 2719 episcopus

126 2722 252 2763 quidam
279 2723 458 2755 Baiocensis
488 2724 679 2756 Cancellario
709 2728 856 2770 nonnulla
885 2730 926 2760 ad

124 2783 263 2805 mensam
270 2774 407 2816 episcopi
417 2776 593 2817 spectantia
602 2783 806 2810 concesserat.
818 2791 848 2820 p.
853 2789 871 2820 3
878 2789 924 2821 79.

1817 180 1862 211 55

1114 266 1209 308 Incip.
1239 274 1256 285 “
1271 269 1363 306 Puta,
1387 271 1458 312 quia
1486 272 1515 301 in
1543 273 1684 309 veritate,
1706 274 1777 313 jura
1804 286 1861 315 quc

1092 319 1216 356 petebat
1232 321 1457 352 cancellai·iuS.”

986 370 1034 401 29.
1054 370 1202 413 Ilarenga
1232 375 1316 405 facta
1349 387 1403 416 per
1436 377 1621 417 Magistrum
1651 378 1716 408 ord.
1747 379 1859 409 Minor.

1073 423 1208 464 Aragon.
1226 427 1348 465 quando
1369 429 1606 459 ambassiatores
1628 430 1707 470 regis
1724 430 1860 471 Aragon.

1073 480 1220 506 venerunt
1236 477 1275 506 ad
1291 488 1393 517 regem
1413 479 1591 521 [Francia]
1618 492 1646 522 p.
1662 491 1733 519 401.

1116 524 1210 566 Incip.
1236 528 1464 560 “Omiside-rate
1488 531 1549 561 lilia
1571 532 1648 571 agri,
1669 537 1728 562 etc.
1775 532 1861 563 Illus-

1094 576 1227 608 trissimc
1260 579 1410 621 princeps,
1442 593 1495 621 per
1525 583 1612 623 signa
1645 584 1799 614 sensibilia
1830 592 1860 614 et

1093 627 1206 668 figuras
1222 630 1352 660 varias.”

986 682 1034 711 30.
1054 681 1234 714 Subtractio
1257 685 1373 727 collegii
1397 688 1474 718 sacri
1496 689 1696 720 Dmninorum
1716 690 1862 721 Cardina-

1072 733 1155 770 lium,
1174 734 1228 776 [ab
1247 736 1423 769 obedientia
1444 739 1600 770 Benedicti
1624 752 1710 782 papae
1729 752 1801 771 xm.
1822 743 1861 772 ad

1071 795 1174 824 regem
1201 786 1372 828 Franciae3]
1407 789 1471 820 dat.
1497 792 1578 831 apud
1603 792 1716 823 Villam
1744 793 1861 823 Novam

1072 846 1167 876 prope
1184 837 1327 868 Avinion.
1346 848 1378 878 17
1395 840 1548 881 Septemb.
1573 854 1600 883 p.
1617 853 1688 882 405.

1116 886 1213 928 Incip.
1227 891 1245 904 “
1255 888 1514 921 Christianissime
1525 902 1560 921 ac
1577 893 1765 933 serenissime
1779 894 1861 933 prin-

1092 948 1181 978 ceps;
1206 938 1312 980 Nuper
1328 951 1382 980 per
1398 940 1589 972 honorabiles
1604 943 1681 973 viros
1697 944 1861 984 magistros

1094 988 1265 1020 Robertum
1278 990 1444 1021 Cordelerii
1457 996 1488 1022 et
1499 993 1674 1024 Tristanum
1687 995 1724 1025 de
1737 995 1861 1026 Boscof

985 1047 1035 1076 31.
1054 1047 1254 1079 Assertioncs
1278 1050 1438 1091 cujusdam
1462 1052 1601 1083 habitum
1625 1054 1862 1085 Carmelitanum

1071 1098 1248 1136 deferentis,
1266 1106 1273 1117 ⁶
1287 1102 1368 1141 quod
1388 1113 1468 1143 aqua
1489 1103 1650 1135 benedicta
1670 1116 1729 1135 non
1750 1111 1795 1136 cst
1811 1108 1863 1136 ad—

1071 1150 1172 1181 denda
1188 1162 1277 1192 aquae
1295 1154 1484 1191 benedictaess
1500 1160 1557 1185 etc.
1583 1167 1611 1196 p.
1627 1158 1697 1194 408.

985 1207 1035 1236 82,
1054 1206 1266 1248 Allegationes
1287 1220 1378 1250 super
1394 1211 1564 1251 quzcstionc
1581 1213 1817 1253 temporalitatis
1833 1220 1863 1244 et

1065 1256 1291 1297 jurisdictionis
1315 1259 1460 1297 ecclesiae,
1484 1273 1540 1302 pro
1563 1267 1593 1292 et
1617 1267 1725 1293 contra
1747 1268 1863 1304 tempo-

1071 1309 1151 1339 rales
1163 1323 1170 1344 ;
1191 1316 1207 1326 ‘⁵
1219 1310 1284 1341 Istc
1297 1315 1344 1342 est
1360 1311 1437 1342 liber
1448 1314 1636 1354 compositus
1652 1318 1683 1344 et
1697 1315 1865 1345 translatus

1070 1360 1108 1390 dc
1129 1361 1247 1391 Gallico
1270 1362 1301 1392 in
1323 1362 1469 1394 Latinum
1492 1375 1547 1404 per
1565 1364 1721 1394 dominum
1738 1365 1865 1396 Petrum

1071 1411 1247 1449 Bertrandi‚
1271 1414 1431 1456 utriusque
1458 1415 1536 1456 juris
1564 1416 1765 1456 professorem
1791 1421 1865 1447 tunc

1070 1463 1247 1504 episcopum
1269 1465 1442 1496 Eduenscm
1465 1478 1543 1497 nunc
1568 1467 1754 1497 cardinalem
1776 1479 1866 1509 super

1070 1515 1154 1546 sacto
1168 1516 1376 1554 Prclatorum,
1393 1518 1432 1547 A.
1446 1517 1485 1548 D.
1503 1528 1592 1559 1329,
1607 1518 1655 1548 die
1671 1519 1769 1559 prima
1784 1530 1866 1549 men—

1070 1567 1111 1597 sis
1128 1568 1349 1608 Septembl·is.”
1370 1581 1398 1610 p.
1415 1580 1487 1608 409.

1113 1618 1210 1660 Incip.
1241 1624 1259 1636 “
1279 1619 1430 1650 Dominus
1464 1620 1635 1662 Philippus.
1669 1621 1729 1651 Dei
1764 1622 1865 1662 gratia

1093 1670 1285 1701 Francorum
1301 1682 1355 1701 rex
1372 1671 1498 1702 illustris
1515 1672 1594 1702 filius
1610 1672 1764 1703 illustris.”

962 1746 964 1758 ‚
1113 1721 1150 1752 In
1166 1722 1224 1752 hoc
1236 1726 1375 1753 tractatu
1390 1723 1545 1753 habentur
1559 1724 1738 1764 gravamina
1754 1724 1865 1764 populo

1090 1772 1249 1803 Gallicano
1272 1784 1327 1814 per
1350 1773 1464 1804 clerum
1486 1774 1581 1810 illata,
1603 1774 1741 1805 articulis
1757 1776 1796 1804 66
1816 1786 1865 1804 ex-

1090 1835 1206 1864 pressa,
1231 1835 1301 1854 cum
1327 1825 1525 1866 responsione
1551 1826 1591 1856 ad
1618 1826 1737 1867 singula
1762 1837 1863 1856 coram

1089 1885 1161 1916 rege
1177 1875 1326 1906 exhibita.

961 1946 962 1961 1
983 1931 1033 1960 38.
1051 1930 1190 1969 Quaestio
1209 1942 1248 1961 an
1271 1931 1439 1962 monachus
1462 1932 1577 1962 absolvi
1598 1932 1693 1973 possit
1709 1944 1728 1962 a
1743 1943 1797 1962 suo
1812 1932 1863 1962 ab-

1069 1982 1150 2019 bate,
1167 1986 1199 2013 et
1221 1982 1246 2013 si
1267 1994 1337 2019 non.
1354 1994 1393 2014 an
1414 1984 1510 2024 possit·
1525 1984 1640 2014 absolvi
1657 1985 1696 2014 ab
1711 1984 1860 2025 episcopo.

1068 2045 1097 2075 P·
1113 2044 1185 2075 473·

1111 2085 1207 2126 Incip.
1227 2090 1243 2102 ‘⁶
1256 2086 1430 2117 Monachus
1448 2087 1614 2117 Perusinus
1633 2091 1794 2127 excerptus
1809 2086 1860 2116 ali<

960 2146 962 2158 ¹
1088 2147 1149 2177 qua
1165 2137 1319 2168 commisit
1336 2137 1365 2167 in
1382 2149 1437 2168 suo
1454 2138 1640 2168 monasterio
1655 2138 1824 2178 exempto.⁰

1292 2243 1461 2278 CLXVI.
1494 2249 1553 2285 (A.)

959 2337 960 2342 ,
982 2304 1100 2337 Codex
1128 2305 1338 2345 chartaceus,
1367 2307 1400 2339 in
1430 2306 1520 2339 folio.
1547 2306 1678 2344 11140&
1705 2317 1769 2338 sec.
1793 2317 1856 2338 xv..

1005 2374 1050 2395 ex
1070 2363 1159 2395 dono
1177 2363 1276 2396 Will.
1291 2363 1393 2408 Gray.

958 2422 959 2486 l
1024 2428 1050 2457 1.
1067 2426 1223 2457 ‚Iohannis
1242 2428 1280 2458 de
1297 2427 1444 2468 Ragusio,
1464 2432 1570 2468 postea
1591 2439 1637 2468 cp.
1656 2426 1802 2467 Argensis
1825 2431 1855 2456 et

1086 2477 1267 2515 Cardinalis,
1292 2479 1449 2520 responsio
1476 2479 1515 2509 ad
1539 2479 1667 2519 [niumm
1693 2477 1855 2507 articulum

1086 2528 1292 2560 Bohemorum
1322 2530 1351 2559 in
1381 2530 1506 2559 concilio
1532 2528 1687 2559 Basiliensi
1713 2528 1750 2558 (lc
1776 2539 1855 2557 com-

1085 2580 1228 2610 munione
1245 2581 1301 2610 su'o
1318 2587 1448 2620 utraque
1464 2580 1571 2620 specie.
1596 2591 1624 2619 p.
1644 2589 1685 2618 19.

1128 2630 1244 2661 Exstat
1260 2630 1396 2671 impress.
1411 2631 1439 2660 in
1451 2629 1562 2660 Canisii
1574 2629 1730 2658 Thesauro
1745 2629 1854 2658 Monu-

1106 2686 1200 2712 ment.
1219 2681 1334 2712 Eccles.
1353 2681 1409 2711 vol.
1426 2681 1461 2710 iv.
1480 2692 1507 2721 p.
1520 2682 1590 2719 467.

1128 2732 1281 2763 Praecedit
1294 2732 1404 2762 notitia
1417 2732 1453 2761 dc
1466 2731 1618 2762 contentis
1634 2742 1726 2762 manu
1739 2731 1852 2772 Bryani

1107 2784 1220 2824 Twyne
1237 2783 1361 2824 scripta.
