2254 3117
720 142 959 178 COLLEGII
988 142 1129 177 Novi.
1781 145 1824 176 25

356 243 554 277 LXXXII.

20 311 136 346 Codex
161 306 455 343 membranaceus,
480 307 514 339 in
540 307 600 338 4to
619 314 740 339 crasso,
760 302 794 336 ff.
813 305 895 343 311,

43 380 107 404 sec.
126 379 171 401 xi.

60 440 87 470 1.
103 437 132 469 S.
147 436 167 468 J
169 434 300 467 ohannis
316 433 530 474 Chrysostomi
547 432 694 463 Homiliae
710 432 812 474 plures
824 432 894 463 mis-

120 487 282 520 cellaneae;
300 484 426 519 scilicet,

78 555 104 576 a.
123 541 282 586 [Homiliae
295 540 327 571 in
338 538 522 581 parabolam
535 538 573 569 de
586 538 646 568 ficu
659 538 894 581 fragmentum}

140 593 190 624 fol.
208 603 233 623 1.

182 642 278 682 Incip.
303 641 333 671 in
358 639 471 676 verbis,
497 640 574 679 ἔχων
596 639 648 676 τὴν
668 641 718 669 τοῦ
739 640 895 678 μυστηρίου

160 695 191 726 in
207 693 282 724 edit.
299 691 475 722 Montsauc.
492 694 566 721 tom.
584 690 644 720 viii.
668 690 699 720 in
721 690 842 731 spuriis,
866 701 893 731 p.

164 753 230 784 107.
248 743 285 774 B.
301 752 330 783 5.

79 807 106 838 b.
123 805 160 836 In
176 805 281 835 decem
295 802 440 843 virgines.
464 800 515 831 sol.
526 812 547 839 4
559 801 588 831 b.

181 854 262 885 Ibid.
279 858 354 884 tom.
371 852 432 882 viii.
450 852 482 881 in
497 851 619 892 spuriis,
637 862 666 892 p.
682 860 732 891 45.

80 929 104 949 c.
122 917 160 947 In
176 915 238 946 Job
253 913 386 944 homiliae
402 913 480 942 duae.
505 911 557 942 fol.
576 911 593 941 8
607 911 634 941 b.

180 965 261 997 Ibid.
278 969 353 995 tom.
371 963 411 994 vi.
429 975 460 1004 p.
477 971 550 1004 579.

80 1028 107 1058 d.
124 1026 161 1057 In
176 1024 389 1067 peccatricem.
413 1023 465 1053 fol.
481 1032 518 1053 20
532 1022 560 1052 b.

182 1077 262 1108 Ibid.
279 1081 354 1107 tom.
372 1087 402 1105 Χ.
419 1086 447 1116 p.
463 1084 534 1115 799,
552 1074 629 1104 inter
642 1073 757 1114 spuria.

79 1150 104 1170 e.
120 1138 156 1168 In
174 1136 336 1178 mysticam
356 1146 477 1166 coenam
497 1139 529 1165 et
545 1134 584 1165 de
600 1133 776 1176 proditione
791 1132 812 1162 J
816 1132 894 1162 udae.

140 1189 191 1220 sol.
206 1198 254 1230 29.

183 1240 262 1271 Ibid.
279 1244 355 1271 tom.
373 1239 404 1269 ii.
421 1250 450 1280 p.
467 1238 538 1280 386.

85 1297 104 1327 f.
121 1295 158 1327 In
173 1295 334 1337 epistolam
350 1294 390 1325 ad
409 1293 562 1324 Hebraeos
578 1291 704 1322 homilia
721 1302 751 1320 11.
780 1290 830 1320 fol.
843 1299 893 1330 33.

180 1347 259 1378 Ibid.
277 1351 352 1377 tom.
369 1346 423 1376 xii.
441 1357 472 1386 p.
494 1345 561 1384 185.

78 1415 107 1445 g.
126 1403 161 1434 In
177 1402 251 1433 illud
269 1407 275 1417 ‘
289 1401 322 1432 Si
338 1400 484 1443 possibile
500 1399 562 1434 sit,'
578 1402 637 1429 etc.
662 1398 714 1428 fol.
730 1407 780 1436 42.

183 1453 262 1484 Ibid.
282 1456 358 1483 tom.
376 1463 405 1482 x.
422 1463 452 1493 p.
470 1451 541 1485 806,
559 1450 636 1480 inter
650 1449 766 1490 spuria.

79 1510 106 1540 h.
124 1509 160 1540 In
176 1509 208 1540 S.
222 1508 412 1540 Matthaeum
428 1506 555 1537 homilia
572 1516 700 1535 Lxxmx.
722 1504 774 1535 fol.
788 1513 826 1543 47
840 1503 869 1533 b.

181 1560 219 1590 In
233 1559 308 1590 edit.
325 1558 417 1589 Savil.
434 1562 510 1589 tom.
527 1569 553 1587 v.
569 1568 598 1598 p.
617 1566 688 1596 912.

89 1615 107 1646 i.
123 1615 239 1646 Contra
255 1614 400 1645 ebriosos.
425 1613 475 1643 fol.
486 1622 522 1653 51
540 1612 569 1642 b.

182 1666 219 1697 In
235 1666 308 1697 edit.
328 1665 504 1696 Montfauc.
521 1672 598 1695 toni.
616 1663 646 1693 ii.
666 1674 696 1704 p.
713 1671 786 1703 437.

79 1723 106 1752 k.
124 1721 160 1752 In
170 1721 253 1758 illud,
268 1728 274 1736 ¹
286 1721 324 1751 In
334 1720 484 1762 principio
495 1724 564 1751 erat
576 1717 739 1749 Verbum!
755 1716 854 1757 fol.59
864 1716 891 1746 b.

181 1773 262 1804 Ibid.
278 1778 354 1804 tom.
371 1773 423 1803 xii.
438 1784 468 1814 p.
485 1781 558 1813 415.

14 1835 17 1837 '
59 1831 86 1860 2.
103 1830 133 1861 S.
150 1829 293 1870 Gregorii
329 1828 515 1860 Nazianzeni
545 1826 678 1858 homiliae
708 1826 740 1856 in
772 1824 893 1855 Pascha

120 1882 196 1912 duae.
219 1881 270 1911 fol.
282 1882 300 1911 6
303 1889 332 1922 5.

162 1933 298 1964 Exstant
321 1932 459 1973 impress.
485 1931 567 1961 inter
590 1940 694 1971 opera,
719 1928 767 1959 ed.
792 1927 892 1965 Billio,

140 1989 213 2016 tom.
231 1985 250 2015 i.
267 1995 294 2026 p.
313 1984 382 2025 673.

58 2041 85 2070 8.
104 2039 249 2081 Ejusdem
267 2039 412 2080 Gregorii
436 2038 467 2068 in
484 2037 604 2068 Novam
621 2035 816 2066 Dominicam
838 2034 892 2064 ho-

118 2091 209 2122 milia.
232 2090 343 2121 f01.80.

160 2141 239 2172 Ibid.
256 2146 333 2173 tom.
351 2141 369 2172 i.
386 2152 415 2183 p.
433 2141 506 2181 697.

59 2199 85 2228 4.
103 2198 133 2228 S.
144 2197 355 2239 Chrysostomi
370 2195 504 2227 homiliae
520 2195 608 2229 aliae;
626 2193 751 2228 scilicet.

77 2260 105 2279 a.
123 2248 160 2279 In
176 2252 334 2290 unguenta
349 2248 492 2279 ferentes.
516 2246 568 2277 fol.
585 2247 625 2284 84
637 2245 666 2275 b.

181 2299 268 2331 Inter
283 2311 386 2341 opera.
404 2304 480 2330 tom.
497 2298 557 2328 viii.
574 2298 606 2328 ¹in
621 2296 745 2338 spuriis,
763 2306 790 2336 p.
811 2305 876 2335 ¹59·

77 2355 104 2385 b.
123 2356 160 2386 In
177 2355 397 2397 Paralyticum.
421 2355 472 2385 fol.
486 2363 524 2394 92
536 2354 565 2384 b.

179 2406 259 2438 Ibid.
275 2414 352 2438 tom.
369 2407 388 2437 i.
405 2418 434 2448 p.
449 2414 523 2447 547.

77 2471 101 2491 c.
121 2461 158 2491 In
174 2460 412 2492 Samaritanam.
436 2461 488 2491 fol.
506 2470 559 2491 101
576 2460 604 2489 b.

178 2511 258 2543 Ibid.
274 2517 350 2543 tom.
367 2513 427 2543 viii.
444 2513 476 2542 in
491 2512 612 2553 spuriis,
630 2521 659 2551 p.
672 2519 722 2550 53.

78 2566 104 2596 d.
122 2566 170 2597 De
186 2578 266 2598 caeco
281 2572 365 2599 nato.
389 2567 439 2598 fol.
458 2569 527 2597 108.

180 2616 275 2659 Incip.
301 2617 339 2648 ‘O
365 2618 443 2649 Θεὸς
469 2617 521 2647 τὸν
551 2618 582 2646 ἐκ
608 2616 746 2655 γεννητῆς
775 2615 890 2653 τυφλὸν

160 2667 353 2706 ἐθεράπευσεν
380 2669 427 2698 καὶ
450 2668 560 2698 πτύσας
582 2667 627 2696 καὶ
647 2665 743 2702 πηλὸν
767 2663 891 2701 ποιήσας

159 2717 276 2757 ἔχρισεν
299 2719 385 2749 αὐτοῦ
408 2719 472 2750 τοὺς
495 2717 676 2756 ὀφθαλμοὺς,
701 2729 725 2745 κ.
741 2719 772 2745 λ.
800 2719 834 2745 ut
859 2714 890 2744 in

159 2768 233 2799 edit.
246 2768 296 2799 cit.
310 2773 384 2800 tom.
400 2768 460 2798 viii.
471 2768 550 2798 inter
560 2766 676 2808 spuria,
688 2776 718 2806 p.
732 2766 781 2799 86,
795 2765 828 2796 C.
844 2774 854 2794 1
866 2774 890 2795 1.

1123 241 1226 271 Dcsin.
1252 240 1354 270 homil.
1378 240 1417 270 ad
1442 239 1491 269 sol.
1520 249 1586 276 114,
1611 238 1629 269 l.
1655 239 1682 267 8.
1712 242 1829 276 μιμηταί

1096 305 1150 329 μου
1178 293 1311 331 γίνεσθαι
1344 292 1434 323 καθὼς
1467 291 1545 331 κᾷγὼ
1571 292 1710 328 Χριστοῦ,
1737 296 1771 320 nt
1799 290 1827 319 in

1097 343 1170 373 edit.
1198 354 1226 383 p.
1256 352 1304 381 72,
1330 342 1366 372 B.
1395 342 1438 375 i.;
1467 342 1577 372 deinde
1603 341 1633 371 in
1657 341 1762 372 codice
1785 341 1827 371 sic

1097 394 1305 429 continuatur,
1327 395 1402 433 μέγα
1423 396 1478 433 γὰρ
1502 396 1597 425 πίστις
1620 393 1732 431 ἀγαθὸν
1754 392 1828 431 μέγα

1098 444 1129 474 in
1145 445 1219 476 edit.
1236 450 1310 476 tom.
1329 445 1389 475 viii.
1407 457 1434 486 p.
1452 448 1524 486 378,
1542 445 1581 475 D.
1596 453 1623 483 7.

1013 507 1040 525 ο.
1059 495 1096 525 111
1112 495 1321 526 ascensionem
1338 495 1475 526 Domini.
1500 495 1549 526 fol.
1568 505 1576 525 1
1590 497 1624 525 16
1636 495 1665 526 b.

1119 545 1199 576 Ibid.
1217 551 1291 576 tom.
1310 547 1339 576 ii.
1358 558 1387 588 p.
1404 557 1474 586 447.

1023 597 1042 626 s.
1061 598 1099 627 In
1116 597 1199 627 Acta
1213 597 1435 638 Apostolorum
1451 597 1578 628 homilia
1594 609 1634 628 ιν.
1658 597 1710 627 fol.
1730 605 1785 637 125
1798 597 1826 626 b.

1121 648 1198 679 Ibid.
1215 653 1289 679 tom.
1308 649 1346 679 ix.
1364 661 1392 690 p.
1409 659 1459 690 32.

1012 710 1041 740 g.
1060 699 1242 730 Encomium
1259 700 1289 729 in
1306 711 1410 730 omnes
1426 704 1588 740 martyres.
1613 699 1662 729 fol.
1680 709 1733 740 132
1748 699 1776 729 b.

1120 750 1201 780 Ibid.
1218 754 1292 780 tom.
1312 750 1340 780 ii.
1359 762 1386 791 p.
1406 760 1473 788 711.

1013 801 1042 831 h.
1062 800 1098 831 In
1114 804 1277 841 martyres.
1301 800 1351 830 fol.
1370 802 1437 841 138.

1120 852 1200 883 Ibid.
1218 857 1292 883 tom.
1310 852 1339 883 ii.
1356 864 1384 893 p.
1402 853 1474 891 667.

992 906 1020 935 5.
1039 904 1068 935 S.
1096 904 1240 945 Procopii
1271 904 1464 944 martyrium,
1507 904 1646 944 [auctore
1683 904 1824 943 incerto]

1055 955 1106 986 fol.
1126 966 1192 995 141.

1100 1006 1161 1037 Tit.
1179 1007 1334 1045 μαρτύριοιΙ
1346 1008 1395 1036 τοῦ
1408 1007 1490 1045 ἁγίου
1508 1007 1553 1036 καὶ
1569 1006 1685 1043 ἐνδόξου
1700 1009 1825 1043 μεγαλο-

1076 1058 1218 1096 μαρτύρος
1232 1058 1410 1096 Προκοπίου.

1100 1108 1199 1150 Incip.
1231 1111 1303 1139 κατὰ
1334 1109 1398 1140 τοὺς
1429 1109 1542 1147 καιροὺς
1572 1108 1697 1138 ἐκείνους
1729 1107 1827 1142 ἐβασί-

1076 1165 1166 1191 λευσε
1184 1159 1403 1197 Διοκλητιανὸς.

994 1212 1023 1243 6.
1041 1212 1072 1243 S.
1087 1212 1337 1243 Panteleemonis
1353 1210 1544 1251 martyrium.
1569 1209 1619 1239 fol.
1637 1210 1702 1239 161.

1098 1263 1159 1294 Tit.
1176 1264 1244 1301 μηνὶ
1261 1261 1374 1302 Ἰουλίῳ
1395 1263 1433 1293 εἷς
1455 1260 1494 1297 κζ
1510 1261 1665 1299 μαρτύριον
1681 1262 1730 1289 τοῦ
1747 1261 1828 1298 ἁγίου

1077 1315 1123 1345 καὶ
1140 1313 1258 1351 ἐνδόξου
1273 1313 1529 1352 μεγαλομαρτύρος
1545 1310 1795 1348 Παντελεήμονος.

1100 1366 1199 1406 Incip.
1227 1364 1441 1395 Βασιλεύοντος
1472 1364 1522 1392 τοῦ
1552 1361 1754 1399 ἀσεβεστάτου
1784 1362 1829 1391 καὶ

1076 1414 1321 1456 παρανομωτάτου
1340 1414 1532 1451 Μαξιμιανοὶἶ.

993 1470 1021 1501 7.
1041 1468 1071 1499 S.
1093 1466 1245 1498 Johannis
1285 1463 1471 1496 Damasceni
1506 1473 1606 1494 sermo
1642 1462 1672 1492 in
1705 1461 1828 1492 Domini

1055 1518 1371 1560 transfigurationem.
1396 1515 1447 1545 fol.
1466 1524 1531 1555 173.

1097 1571 1161 1602 Tit.
1179 1573 1228 1601 τοῦ
1245 1570 1327 1600 ὁσίου
1341 1567 1445 1606 πατρὸς
1459 1567 1537 1605 ἡμῶν
1549 1565 1687 1596 Ἰωάννου
1698 1566 1828 1603 μοιάχοῦ

1077 1624 1122 1654 καὶ
1152 1621 1353 1661 πρεσβυτέρου
1383 1622 1433 1649 τοῦ
1462 1619 1651 1657 Δαμασκινοῦ
1677 1617 1766 1655 λόγος
1790 1617 1829 1646 εἰς

1076 1675 1128 1712 τὴν
1151 1674 1378 1712 μεταμόρφωσιν
1402 1673 1451 1701 τοῦ
1478 1671 1584 1708 Κυρίου
1611 1669 1657 1699 καὶ
1681 1670 1760 1699 Θεοῦ
1784 1668 1828 1697 καὶ

1076 1728 1204 1765 σωτῆρος
1220 1725 1297 1763 ἡμῶν
1312 1723 1411 1762 Ἰησοῦ
1426 1725 1563 1760 Χριστοῦ.

1098 1777 1215 1808 Exstat
1225 1776 1307 1806 inter
1317 1785 1387 1816 opp.
1401 1774 1448 1804 ed.
1465 1773 1509 1804 Le
1520 1772 1629 1812 Quien,
1641 1780 1664 1802 t.
1674 1771 1703 1801 ii.
1720 1782 1749 1811 p.
1759 1779 1825 1809 791.

991 1832 1020 1861 8.
1038 1827 1236 1861 S.Johannis
1260 1824 1475 1867 Chrysostomi
1500 1823 1632 1854 homiliae
1654 1822 1722 1853 aliae
1743 1826 1823 1852 tres:

1053 1880 1180 1917 scilicet,

1011 1944 1039 1964 a.
1057 1932 1094 1962 In
1110 1941 1179 1962 euin
1195 1930 1247 1972 qui
1264 1928 1371 1959 incidit
1387 1928 1418 1958 in
1433 1927 1579 1958 latrones.
1604 1925 1654 1955 fol.
1670 1925 1725 1965 185
1741 1924 1769 1954 b.

1117 1981 1207 2011 Inter
1222 1989 1326 2020 opera,
1344 1982 1418 2009 tom.
1436 1989 1465 2007 x.
1481 1976 1597 2018 spuria,
1614 1986 1642 2016 p.
1660 1975 1729 2005 810.

1011 2038 1040 2068 b.
1060 2037 1097 2066 In
1113 2035 1250 2066 natalem
1266 2033 1297 2064 S.
1308 2032 1463 2064 Johannis
1479 2030 1642 2072 Baptistae.
1665 2029 1715 2059 fol.
1734 2029 1800 2059 188.

1118 2086 1200 2117 Ibid.
1217 2085 1334 2127 spuria,
1352 2089 1427 2115 tom.
1445 2094 1474 2113 x.
1491 2094 1518 2123 p.
1538 2083 1608 2111 512.

1009 2156 1035 2174 c.
1055 2144 1092 2173 In
1109 2140 1345 2173 decollationem
1361 2139 1506 2181 ejusdem.
1531 2137 1581 2167 fol.
1599 2146 1656 2176 194
1668 2135 1695 2165 b.

1117 2193 1198 2224 Ibid.
1214 2196 1290 2223 tom.
1308 2191 1369 2222 viii.
1388 2191 1419 2221 iu.
1433 2189 1554 2231 spuriis,
1572 2199 1600 2229 p.
1617 2197 1641 2217 1.

988 2251 1017 2283 9.
1038 2248 1191 2280 SS.Petri
1218 2251 1250 2279 et
1276 2246 1365 2278 Pauli
1394 2245 1587 2286 martyrium,
1618 2243 1756 2283 [auctore
1780 2241 1823 2270 in-

1051 2301 1164 2341 certo]
1191 2299 1242 2330 fol.
1262 2310 1318 2340 199
1328 2299 1358 2329 b.

1095 2352 1161 2383 Tit.
1186 2352 1342 2390 μαρτύριον
1367 2352 1424 2379 τῶν
1447 2349 1537 2387 ἁγίων
1561 2346 1606 2375 καὶ
1628 2342 1823 2381 παιέυφήμων

1073 2405 1247 2435 ἆποστολῶν
1274 2401 1388 2440 Πέτρου
1415 2400 1460 2430 καὶ
1487 2399 1618 2433 Παύλου,
1643 2396 1688 2425 καὶ
1710 2396 1768 2425 πῶς
1791 2394 1823 2423 ἐν

1071 2454 1165 2493 Ῥώμῃ
1182 2454 1396 2491 ἐτελειώθησαν
1412 2451 1457 2481 ἐπὶ
1475 2449 1619 2487 Νέρωνος.

1095 2506 1193 2546 Incip.
1220 2504 1337 2544 ἐγένετο
1362 2504 1434 2540 μετὰ
1454 2501 1485 2530 τὸ
1510 2501 1640 2537 ἐξελθεῖν
1664 2497 1716 2526 τὸν
1738 2495 1822 2534 ἅγιον

1072 2560 1195 2588 Παῦλον
1211 2556 1278 2587 ἀπὸ.

966 2614 1015 2644 10.
1032 2612 1064 2643 S.
1078 2612 1213 2642 Andreae
1226 2608 1382 2642 Cretensis
1396 2607 1425 2637 in
1439 2606 1469 2637 S.
1483 2604 1588 2636 Crucis
1600 2601 1821 2635 exaltationem

1050 2662 1185 2693 homilia.
1209 2661 1261 2691 fol.
1276 2670 1308 2690 21
1322 2669 1331 2689 1
1349 2659 1376 2688 b.

1094 2713 1210 2743 Exstat
1222 2712 1359 2752 impress.
1374 2709 1454 2738 inter
1470 2717 1575 2748 opera.
1591 2705 1639 2736 cd.
1655 2703 1819 2734 Combefis.

1072 2763 1172 2794 Paris.
1193 2764 1282 2800 1644,
1299 2765 1374 2791 tom.
1392 2759 1410 2789 i.
1427 2769 1454 2799 p.
1472 2759 1521 2794 96.

1091 2826 1112 2849 Ε
