2254 3117
148 261 283 292 Exstant
299 261 380 292 inter
395 272 498 302 opera,
516 265 590 293 tom.
608 272 636 292 x.
654 273 683 303 p.
704 272 731 292 1.

149 314 185 344 In
201 313 294 349 calce,
309 312 393 344 τέλος
411 315 460 350 τῆς
476 314 627 351 ἑρμηνείας
642 315 692 343 τοῦ
708 313 918 351 Χρυσοστόμου

125 366 173 402 τῆς
188 364 258 402 πρὸς
276 364 445 401 Κορινθίους
460 364 571 402 πρώτης
588 365 753 401 ἐπιστολῆς.

1013 266 1039 297 7.
1059 266 1203 297 Homilia¹
1237 268 1343 308 primae
1381 268 1410 298 in
1446 268 1595 299 Lazarum
1630 269 1846 309 fragmentum.

1074 316 1124 346 fol.
1141 318 1199 347 262
1217 317 1245 347 b.

1119 369 1231 400 Deficit
1255 371 1285 400 in
1306 371 1415 405 verbis.
1436 371 1501 402 ἀλλ’
1527 372 1559 402 οὐ
1582 374 1655 409 μετὰ
1678 374 1727 409 τῆς
1753 372 1845 410 αὐτῆς,

17 0 22 211 1
751 164 988 200 COLLEGII
1018 166 1151 202 Novi.
1803 177 1848 207 23

18 214 21 299 !

18 314 21 358 1

18 388 21 421 ι

147 414 183 445 In
206 425 260 444 ora
286 413 336 444 fol.
355 423 370 444 2
388 414 533 449 inferiori,
568 420 585 429 “
602 414 694 445 Liber
721 415 835 445 domini
862 415 916 445 Jo-

125 465 234 496 hannis
250 464 291 495 Sa.
309 487 316 494 .
334 488 340 494 .
359 487 366 494 .
386 488 392 494 .
411 464 456 495 hti
475 489 480 494 .
499 489 505 494 .
523 465 548 493 .”

365 546 584 581 LXXVIII.

44 606 158 640 Codex
185 605 475 643 membranaceus,
500 605 534 637 in
562 604 654 642 folio,
685 604 715 637 ff.
743 607 822 643 114,
852 616 917 638 sec.

63 664 140 704 xii.;
159 663 244 697 binis
262 662 431 696 columnis
449 668 622 696 exaratus.

84 725 111 755 ].
127 724 156 755 S.
170 723 324 754 «Iohannis
340 722 556 764 Chrysostomi
569 723 599 752 in
611 723 774 764 epistolam
788 723 818 753 S.
828 723 917 753 Pauli

143 775 181 806 ad
194 774 387 805 Colossenses
397 774 530 805 homiliae
542 774 787 815 quatuordecim.
801 774 852 804 fol.
865 785 876 804 1
889 775 916 805 b.

185 826 246 857 Tit.
274 828 324 856 τοῦ
354 826 386 856 ἐν
416 826 509 865 ἁγίοις
538 825 645 864 πατρὸς
676 825 754 863 ἡμῶν
780 824 918 856 Ἰωάννου

165 878 390 918 ἀρχιεπισκόπου
406 878 746 908 Κωνσταντινουπόλεως
765 880 814 907 τοῦ
838 880 915 916 Χρυ-

164 928 309 967 σοστόμου
332 929 485 966 ὑπόμνημα
509 929 549 960 εἰς
570 928 622 966 τὴν
642 928 712 967 πρὸς
730 930 918 960 Κολοσσαεῖς

164 978 330 1016 ἐπιστολήν.

185 1029 322 1061 Exstant
338 1029 419 1060 inter
434 1040 538 1070 opera.
556 1034 631 1059 tom.
649 1028 688 1058 xi.
706 1040 735 1069 p.
752 1063 757 1068 ι
776 1038 824 1058 22.

82 1087 111 1116 2.
128 1085 274 1127 Ejusdem
296 1083 452 1115 Johannis
474 1084 505 1114 in
529 1083 560 1114 S.
574 1083 664 1113 Pauli
690 1083 852 1124 epistolam
876 1085 916 1115 ad

143 1137 247 1168 Titum
263 1136 396 1167 homiliae
412 1147 475 1166 sex.
499 1135 549 1166 fol.
565 1136 613 1174 84.

185 1188 246 1219 Tit.
269 1190 320 1218 τοῦ
349 1189 381 1218 ἐν
409 1189 503 1226 ἁγίοις
532 1187 640 1226 πατρὸς
672 1187 750 1225 ἡμῶν
779 1187 916 1217 Ἰωάννου

163 1241 389 1280 ἆρχιεπισκόπου
409 1239 747 1270 Κωνσταντινουπόλεως
769 1241 819 1269 τοῦ
840 1241 915 1277 Χρυ·

162 1292 307 1329 σοστόμου
335 1290 469 1329 ἑρμηνεία
499 1290 538 1321 εἰς
564 1289 616 1326 τὴν
643 1293 714 1328 πρὸς
740 1291 829 1320 Τίτον
854 1291 914 1320 ἐπι-

163 1343 280 1380 στολήν.

182 1394 296 1425 Deficit
326 1398 416 1425 sexta
445 1393 476 1423 in
506 1393 619 1429 verbis,
647 1395 821 1431 πλεονεξίας
847 1394 915 1432 ἀφί-

162 1448 287 1477 στασθαι
310 1447 324 1476 ὁ
348 1447 413 1485 γὰρ,
432 1444 462 1474 in
481 1444 554 1475 edit.
577 1443 629 1475 eit.
649 1448 723 1475 tom.
741 1443 779 1474 xi.
798 1455 825 1485 p.
844 1445 915 1483 768,

161 1498 179 1528 l.
195 1507 224 1538 3.

383 1569 560 1603 LXXIX.

42 1621 335 1660 Membranaceus,
366 1621 401 1653 in
432 1619 526 1658 folio,
558 1619 591 1652 ff.
621 1618 704 1655 360,
734 1629 799 1651 sec.
832 1619 915 1657 xii.;

63 1679 147 1713 binis
165 1678 331 1712 columnis
350 1682 522 1711 exaratus.

80 1740 110 1770 S.
121 1740 142 1770 J
145 1740 272 1770 ohannis
295 1738 509 1780 Chrysostomi
539 1737 674 1768 homiliae
705 1737 826 1779 plures;
861 1738 916 1768 sci-

98 1791 178 1828 lieet,

42 1860 46 1863 ·
79 1847 107 1876 1.
123 1846 170 1876 De
185 1846 357 1877 sacerdotio
373 1857 436 1876 sex.
460 1845 511 1875 fol.
525 1856 554 1884 4.

182 1898 317 1928 Exstant
340 1898 421 1928 inter
443 1907 548 1938 opera,
573 1896 603 1926 in
627 1897 700 1927 edit.
728 1897 780 1927 cit.
803 1901 878 1927 tom.
896 1897 913 1926 i.

161 1961 188 1990 p.
205 1951 276 1990 362.

182 2001 219 2031 In
235 2000 326 2034 calce,
349 1999 519 2030 τετέλεσται
537 1999 592 2029 σὺν
609 1999 676 2040 Θεῷ
699 2001 733 2029 τὰ
749 2000 814 2037 περὶ
834 2000 912 2038 ἱερω-

160 2053 247 2090 σύνης
261 2055 311 2082 τοῦ
327 2053 538 2090 Χρυσοστόμου
557 2053 589 2081 ἐν
605 2052 706 2090 λόγοις
724 2052 762 2089 ἕξ.

80 2107 107 2136 2.
123 2106 238 2137 Contra
254 2107 420 2137 Anomaeos
436 2116 501 2136 sex.
525 2105 576 2135 fol.
591 2107 630 2145 65
645 2105 673 2135 b.

182 2159 320 2188 Exstant
335 2157 410 2187 ibid.
426 2163 502 2187 tom.
519 2157 536 2187 i.
555 2167 604 2197 pp.
621 2166 802 2195 444—491,
818 2164 891 2197 541.

79 2212 107 2242 3.
123 2212 238 2243 Contra
254 2212 272 2242 J
276 2212 380 2242 udaeos
396 2222 459 2242 sex.
483 2211 533 2242 fol.
552 2221 606 2251 123
622 2211 650 2240 b.

183 2263 260 2293 Ibid.
278 2268 354 2294 tom.
372 2263 391 2293 i.
408 2274 459 2305 pp.
476 2264 549 2303 587,
567 2263 639 2292 616.

182 2314 218 2344 In
242 2315 333 2349 calce,
354 2314 523 2344 τετέλεσται
543 2314 597 2343 σὺν
619 2313 687 2353 Θεῷ
707 2314 742 2342 τὰ
759 2314 830 2342 κατὰ
844 2311 913 2342 Ἰου-

161 2367 247 2396 δαίων
266 2369 316 2396 τοῦ
335 2367 366 2395 ἐν
387 2366 480 2404 ἁγίοις
495 2364 602 2402 πατρὸς
618 2364 696 2401 ἡμῶν
711 2363 848 2393 Ἰωάννου
864 2366 915 2393 τοῦ

161 2418 371 2456 Χρυσοστόμου
388 2417 419 2447 ἓν
434 2417 537 2456 λόγοις
553 2416 592 2453 ἕξ.

81 2476 108 2505 4.
123 2476 173 2506 Ad
197 2487 249 2506 cos
265 2476 316 2517 qui
332 2474 531 2506 scandalizati
553 2477 625 2504 sunt
642 2473 681 2503 ob
697 2473 913 2510 adversitates,

140 2531 207 2562 etc„
226 2530 257 2557 et
273 2531 382 2557 contra
396 2526 537 2556 Judaeos.
561 2525 612 2555 fol.
630 2525 686 2563 198
700 2524 726 2554 b.

183 2577 262 2608 Ibid.
280 2581 354 2608 tom.
371 2577 413 2608 iii.
429 2588 460 2618 p.
476 2578 548 2617 465.

79 2633 107 2662 5.
125 2633 163 2663 In
178 2633 284 2664 Oziam
300 2634 379 2664 duae.
402 2633 454 2664 fol.
470 2642 538 2673 237.

184 2684 264 2714 Ibid.
282 2689 358 2715 tom.
374 2684 413 2715 vi.
429 2696 459 2725 p.
478 2693 529 2724 95.

80 2736 108 2769 6.
125 2739 161 2769 In
178 2739 348 2782 Seraphim.
372 2740 422 2771 fol.
440 2742 498 2780 256
511 2739 538 2769 b.

183 2791 262 2822 Ibid.
278 2796 353 2822 tom.
370 2791 408 2822 vi.
424 2803 452 2832 p.
473 2799 541 2831 137.

1096 425 1169 451 tom.
1189 421 1207 451 i.
1226 430 1297 461 709,
1316 424 1353 452 C.
1372 424 1399 453 6.

1011 478 1040 505 8.
1058 475 1095 505 111
1112 476 1218 506 Oziam
1234 476 1359 507 homilia
1375 477 1479 508 tortia.
1504 478 1552 507 fol.
1574 479 1641 516 264.

1117 527 1198 557 Ibid.
1216 532 1290 558 tom.
1307 528 1344 558 vi.
1361 539 1389 569 p.
1411 538 1476 558 111.

1011 582 1038 613 9.
1058 581 1094 610 In
1110 581 1262 611 Lazarum
1275 583 1436 612 conciones
1450 583 1497 612 ΙΙ.
1518 583 1582 612 111.
1604 583 1658 613 lv.
1682 583 1732 613 sol.
1746 584 1844 623 2791).

1119 632 1199 662 Ibid.
1217 636 1290 663 tom.
1308 633 1326 663 i.
1345 645 1376 674 p.
1397 635 1467 673 726.

991 689 1038 717 10.
1058 688 1216 718 Adversus
1228 700 1291 725 eos,
1310 690 1360 729 qui
1376 689 1415 719 ad
1431 689 1519 719 ludos
1536 690 1695 721 Circenses
1711 690 1844 731 proficis-

1075 742 1187 768 cuntur
1202 743 1234 769 et
1249 739 1289 769 ad
1308 739 1468 769 Lazarum.
1493 739 1541 769 fol.
1553 750 1623 780 31¹2.

1119 790 1197 820 Ibid.
1214 794 1287 820 tom.
1305 790 1324 819 i.
1341 802 1371 831 p.
1390 799 1459 830 790.

992 847 1039 876 11.
1058 846 1105 876 De
1121 846 1214 876 Anna
1230 845 1362 876 homiliae
1379 846 1520 886 quinquo.
1545 846 1593 876 fol.
1611 856 1682 887 321.

1118 897 1234 928 Deficit
1257 897 1366 938 quinta
1389 897 1420 926 in
1441 897 1549 931 verbis,
1574 898 1605 927 τὸ
1629 899 1776 928 καθεύδειν
1799 899 1845 928 ἐπὶ

1095 950 1253 987 στρωμνῆς,
1285 948 1315 978 in
1346 947 1421 978 edit.
1452 948 1503 978 cit.
1536 952 1610 978 tom.
1641 948 1678 978 iv.
1715 960 1741 989 p.
1776 958 1845 989 745,

1095 998 1131 1030 C.
1155 1009 1199 1029 10.

1118 1050 1358 1081 Praemittuntur
1374 1049 1481 1085 codini,
1499 1049 1631 1080 manibus
1646 1051 1778 1087 dirersis,

1031 1117 1058 1136 a.
1076 1106 1201 1147 Georgii
1215 1105 1385 1136 sacerdotis
1398 1105 1554 1136 enarratio
1568 1105 1597 1135 in
1609 1105 1699 1136 istud.
1713 1107 1846 1142 ἀνδρείαν

1095 1157 1186 1196 γυνὴν
1202 1158 1245 1188 τίς
1262 1157 1386 1195 εὑρήσει.
1410 1155 1460 1186 fol.
1479 1157 1523 1185 16.

1032 1212 1061 1242 b.
1078 1211 1241 1242 Sententia
1256 1211 1294 1242 de
1309 1211 1376 1241 vita
1391 1210 1536 1240 humana.
1560 1209 1612 1239 fol.
1632 1221 1639 1239 1
1659 1211 1687 1240 b.

1138 1263 1233 1304 Incip.
1257 1263 1357 1301 ὅμοιόν
1376 1263 1458 1292 ἐστιν
1481 1263 1496 1291 ὁ
1519 1262 1618 1300 παρὼν
1642 1261 1718 1299 ἡμῶν
1734 1262 1798 1298 βίος
1814 1264 1846 1302 τῇ

1116 1318 1172 1345 τῶν
1186 1315 1323 1345 Ἰωάννου
1340 1314 1508 1354 κολοκύνθῃ.

1032 1381 1056 1400 c.
1075 1369 1214 1400 Homilia
1230 1369 1260 1399 i11
1277 1368 1452 1400 Cherubim.
1476 1367 1525 1397 fol.
1540 1376 1565 1397 2.

1140 1421 1235 1462 Incip.
1264 1420 1365 1459 ἑορτὴν
1387 1419 1558 1458 ἑορτάζομεν
1578 1418 1704 1456 σήμερον
1724 1419 1775 1456 τὴν
1791 1422 1845 1448 τῶν

1117 1474 1295 1511 ἐπουρανίων
1310 1471 1467 1509 δυνάμεων.

1117 1528 1154 1557 In
1174 1527 1268 1563 calce,

1032 1580 1059 1610 d.
1078 1579 1218 1609 Homilia
1234 1579 1264 1608 in
1281 1578 1361 1609 diem
1379 1577 1567 1608 palmarum.
1593 1577 1645 1607 fol.
1660 1587 1731 1618 359.

1138 1630 1226 1662 Inter
1249 1628 1461 1670 Chrysostomi
1485 1639 1587 1669 opera,
1614 1632 1688 1658 tom.
1714 1639 1742 1657 x.
1767 1627 1847 1658 inter

1116 1681 1230 1723 spuria,
1248 1693 1276 1722 p.
1295 1682 1366 1721 767.

1329 1761 1484 1796 LXXX.

968 1825 1087 1859 Codex
1106 1823 1398 1860 membranaceus,
1418 1821 1451 1853 in
1467 1819 1550 1853 folio
1565 1819 1695 1863 majori,
1710 1818 1744 1852 ff.
1764 1817 1843 1857 365,

992 1894 1058 1916 sec.
1079 1882 1124 1915 xi.
1149 1879 1320 1918 exeuntis,
1343 1879 1432 1912 binis
1458 1877 1627 1911 columnis
1653 1877 1740 1910 bene
1766 1888 1845 1910 exa-

990 1946 1104 1979 ratum
1123 1939 1215 1977 olim,
1234 1949 1324 1971 anno
1342 1942 1382 1970 ut
1401 1937 1538 1969 videtur
1554 1933 1657 1974 1166,
1672 1934 1844 1979 peculium

992 2000 1153 2045 Gregorae
1172 1995 1449 2031 hieromonachi:
1472 1994 1531 2039 [cf.
1552 1993 1609 2026 fol.
1630 1991 1705 2036 60.]

1010 2061 1039 2091 S.
1052 2057 1204 2090 Johannis
1229 2055 1443 2096 Chrysostomi
1472 2053 1615 2083 Homiliae
1640 2053 1762 2093 plures3
1789 2052 1842 2081 sci-

1029 2111 1110 2145 lieet,

1010 2168 1037 2197 1.
1056 2167 1094 2196 In
1107 2164 1209 2195 Verba
1221 2161 1377 2204 Apostoli,
1396 2167 1402 2176 ‘
1416 2160 1578 2190 Habentes
1594 2162 1697 2188 autom
1713 2157 1842 2187 eundem

1072 2215 1237 2258 spiritum}
1251 2218 1283 2245 et
1299 2213 1432 2244 homiliae
1448 2216 1522 2242 tres.
1546 2209 1595 2240 fol.
1609 2221 1637 2247 4.

1115 2267 1178 2297 Tlt.
1209 2267 1259 2295 τοῦ
1285 2266 1316 2294 ἐν
1346 2265 1438 2303 ἁγίοις
1466 2261 1572 2300 πατρὸς
1601 2261 1678 2297 ἡμῶν
1706 2259 1841 2289 Ἰωάννου

1094 2317 1320 2358 ἆρχιεπισκόπον
1337 2312 1673 2345 Κωνσταντινονπόλεως
1697 2312 1746 2339 τοῦ
1769 2312 1840 2348 Χρυ-

1093 2370 1239 2406 σοστόμου
1265 2369 1305 2399 εἰς
1325 2366 1375 2403 τὴν
1397 2363 1592 2400 ἀποστολικὴν
1615 2364 1699 2400 ῥῆσιν
1718 2361 1769 2398 τὴν
1791 2361 1840 2390 λέ-

1091 2433 1203 2461 γουσαν
1219 2420 1338 2459 ἔχοντες
1353 2419 1384 2447 δὲ
1399 2417 1431 2446 τὸ
1447 2415 1514 2445 αὐτὸ
1532 2416 1651 2450 πνεῦμα,
1669 2425 1692 2441 κ.
1706 2416 1734 2441 λ.

1114 2472 1251 2502 Exstant
1271 2470 1410 2510 impress.
1429 2467 1508 2497 inter
1523 2475 1626 2505 opera,
1643 2463 1715 2493 edit.
1734 2462 1840 2492 Mont-

1091 2523 1170 2553 fauo.
1186 2527 1261 2553 tom.
1279 2521 1317 2551 iii.
1335 2531 1364 2561 p.
1383 2520 1451 2549 260.

1006 2581 1036 2609 Ω.
1053 2579 1091 2609 In
1107 2578 1190 2612 illud,
1217 2584 1222 2592 ⁴
1237 2576 1359 2606 Intrate
1375 2584 1430 2615 per
1445 2570 1627 2613 augustanis
1644 2574 1675 2599 et
1694 2568 1724 2598 in
1746 2569 1838 2599 Laza-

1068 2641 1147 2660 rum.
1173 2629 1223 2659 sol.
1240 2638 1278 2669 33
1297 2627 1326 2657 b.

1111 2681 1227 2711 Exstat
1244 2678 1315 2708 ibid.
1333 2682 1407 2707 tom.
1424 2675 1441 2704 i.
1458 2686 1487 2715 p.
1507 2683 1574 2713 790.

1005 2738 1034 2767 3.
1056 2736 1093 2766 In
1112 2735 1263 2765 Lazarum
1280 2731 1411 2763 homiliae
1427 2729 1570 2770 quinque.
1594 2726 1644 2757 fol.
1661 2736 1699 2766 43
1718 2726 1746 2756 b.

1110 2785 1190 2815 Ibid.
1208 2789 1282 2815 toni.
1299 2783 1316 2813 i.
1333 2794 1362 2823 p.
1380 2790 1450 2821 707.
