2254 3117
361 164 407 195 20
919 156 1220 191 CATALOGUS
1246 155 1479 190 CODICUM
1506 155 1616 189 MSS.

488 261 525 291 In
542 271 610 301 pag.
630 270 652 295 1,
675 261 715 291 εἰς
732 260 843 301 ιχρῆσιν
867 258 1029 295 Ναθαναὴλ
1049 257 1239 297 ἱερομονάχου

468 312 512 342 καὶ
527 314 583 341 τῶν
598 312 703 350 φίλων.

704 402 906 436 XXXVII.

363 467 480 500 Codex
500 466 710 504 chartaceus
729 465 763 498 in
783 467 843 498 4to
862 465 996 502 minori,
1016 463 1048 497 ff.
1066 466 1148 502 227,
1172 475 1240 496 sec.

386 525 477 562 xvii„
496 524 578 557 olim
598 523 771 568 peculium
791 522 973 568 Sophronii
993 521 1134 566 Oponis,
1153 521 1240 554 The-

386 583 475 615 bani.

405 643 432 671 1.
451 642 536 672 Ordo
552 640 739 675 confitensli;
761 641 953 671 Neo-(imme.
977 640 1028 671 fol.
1047 646 1070 671 l.

510 692 572 723 Tit.
589 693 740 731 προοίμιον
763 693 808 722 καὶ
826 694 945 731 ἑρμηνία
965 693 1030 731 περὶ
1051 695 1100 722 τοῦ
1121 696 1179 723 πῶς
1199 695 1242 722 δεῖ

487 742 628 782 ὑπάρχειν
643 743 694 773 τὸν
709 742 902 781 πνευματικὸν
923 743 969 772 καὶ
986 743 1152 780 ἑρμηνεύειν
1167 743 1239 771 ἀκω-

488 795 580 826 λύτως
600 795 664 826 τοὺς
688 796 727 826 εἰς
748 794 835 825 αὐτὸν
860 794 1082 835 εἰσερχομένους
1106 794 1241 831 ἐξομολό-

489 858 587 885 γησαι.

512 896 608 937 Incip.
625 897 640 926 ὁ
657 898 813 937 δεχόμενος
829 897 892 928 τοὺς
908 897 1075 935 λογισμούς.

405 952 434 981 Q.
451 950 595 991 Capitula
621 951 661 981 ad
692 951 883 991 disciplinam
909 951 1158 986 ecclesiasticam,
1184 954 1240 980 etc.

490 1001 674 1042 spectantia,
691 1012 728 1031 ex
745 999 797 1031 SS.
810 1000 1034 1041 Apostolorum
1052 1000 1243 1039 Pati-umque

490 1052 668 1083 canonibus.
693 1053 743 1083 fol.
762 1062 793 1082 11
814 1052 844 1082 h.

512 1104 574 1135 Tit.
585 1103 604 1134 i.
621 1103 776 1135 συνοδικὸν
789 1105 876 1134 κανόν
888 1104 919 1133 ἐκ
932 1104 977 1133 καὶ
993 1106 1048 1133 τῶν
1065 1103 1155 1142 ἁγίων
1172 1103 1241 1132 ἀπο-

492 1155 608 1185 στόλων
623 1155 670 1185 καὶ
684 1157 734 1185 τοῦ
749 1154 879 1194 μεγάλου
896 1156 1052 1184 Βασιλείου
1068 1153 1164 1184 καιῐόν.

514 1206 577 1236 Tit.
594 1207 609 1236 ὁ
625 1206 795 1246 χειροτονὸν
810 1206 965 1244 ὑπερορίαν
981 1206 1146 1237 ἐπίσκοπος.

408 1264 437 1292 3.
456 1262 565 1293 Officia
588 1262 674 1292 varia
694 1261 910 1298 ecclesiastica,
935 1272 1065 1302 quorum
1090 1260 1173 1291 tituli
1198 1272 1243 1291 se-

473 1318 628 1355 quuntur3
654 1313 777 1349 scilicet⁷

932 1559 1255 1599 CODICES

794 1666 821 1699 I.

371 1729 490 1762 Codex
517 1728 808 1766 membranaceus,
837 1728 870 1761 in
897 1727 992 1767 folio,
1022 1727 1054 1761 ff.
1075 1730 1156 1768 231,
1181 1738 1247 1761 sec.

394 1787 474 1826 xiv„
505 1786 593 1820 binis
625 1785 792 1819 columnis
822 1786 931 1819 nitide
961 1790 1140 1825 exaratus;
1177 1789 1186 1804 ‘
1204 1797 1247 1819 ex

395 1844 484 1877 dono
513 1844 666 1888 magistri
700 1843 842 1877 Roberti
876 1843 1092 1888 Flemmyng,
1127 1843 1247 1877 decani

396 1902 563 1935 Lincoln.’

413 1962 444 1992 S.
462 1962 589 1992 Thomae
620 1961 788 2002 Aquinatis
818 1961 847 1991 in
878 1962 989 1992 librum
1016 1962 1249 1993 Sententiarum

434 2017 578 2054 quartum
595 2012 852 2043 Commentarius.

478 2062 633 2094 Praeccdit
662 2063 770 2093 tabula
800 2063 1033 2107 distinctionum
1063 2064 1120 2094 sub
1147 2064 1249 2101 titulo,

456 2118 473 2130 ⁴²
486 2113 644 2155 Incipiunt
665 2114 801 2155 capitula
817 2114 919 2155 quarti
942 2114 1175 2146 Sentenciarum
1191 2115 1250 2146 fra-

455 2165 512 2195 tris
528 2164 675 2195 Tliome.''

478 2216 574 2257 Incip.
607 2216 690 2246 “sEx
721 2220 848 2257 peccato
880 2217 969 2257 primi
980 2217 1006 2253 3³*
1044 2222 1078 2248 ut
1105 2219 1135 2248 in
1162 2218 1251 2248 editt.

456 2267 595 2308 impress.

477 2319 514 2349 In
539 2318 631 2355 calce,
655 2323 672 2335 ‘⁴
690 2304 835 2360 Explicit*
849 2329 869 2357 4
891 2319 1122 2350 Sententiarum
1146 2320 1251 2350 fratris

457 2369 602 2399 'rhomes'

791 2451 838 2484 II.

375 2511 673 2551 Membranaceus,
711 2513 744 2545 in
777 2512 867 2552 folio,
907 2513 940 2546 ff.
969 2516 1049 2554 225,
1077 2525 1143 2548 sec.
1172 2515 1251 2554 xiv„

397 2568 485 2601 binis
503 2568 671 2602 columnis
689 2570 798 2603 nitide
816 2572 987 2603 exaratusj

415 2628 445 2657 S.
464 2628 589 2659 Thomae
610 2629 777 2670 Aquinatis
794 2630 926 2661 Summae
942 2630 1133 2672 Theologicae
1149 2642 1253 2661 secun-

436 2679 481 2708 dae
499 2680 596 2719 partis
613 2691 684 2720 pars
700 2681 844 2712 secunda.

480 2729 542 2760 Tit.
568 2736 585 2746 “
601 2730 806 2762 Continuacio
832 2732 901 2763 libri
928 2733 1121 2773 precedentis
1145 2732 1185 2764 ad
1211 2744 1254 2764 se-

459 2781 634 2820 quentem.”

1392 268 1418 285 α.
1435 255 1593 285 ἀκολουθία
1610 255 1656 284 ἐπὶ
1673 255 1873 293 εἰσαγωγικῆς,
1889 255 1952 293 ἤτοι
1967 255 2006 286 εἰς
2021 254 2159 294 ἆρχάριον

1449 308 1684 346 ῥασοφοροῦντα,
1710 306 1760 336 fol.
1779 307 1826 336 80.

1387 366 1418 399 β.
1435 362 1593 392 ἀκολουθία
1604 363 1655 391 τοῦ
1668 364 1769 400 μικροῦ
1785 361 1943 401 σχήματος,
1954 361 2075 399 ἥτοιτοῦ
2090 374 2158 399 μαν-

1473 413 1544 442 ὃίου.
1567 411 1621 442 fol.
1640 412 1678 441 82
1696 411 1725 442 b.

1388 477 1414 502 γ.
1432 464 1590 493 ἀκολουθία
1612 465 1663 493 τοῦ
1686 462 1818 502 μεγάλου
1842 463 1887 493 καὶ
1910 464 2067 502 ἀγγελικοῦ
2088 464 2157 503 σχή-

1450 525 1548 551 ματος.
1573 512 1623 543 fol.
1641 522 1677 553 97
1693 513 1723 543 b.

1388 570 1411 598 δ.
1430 568 1587 598 ἀκολουθία
1603 570 1653 598 τοῦ
1670 567 1866 605 ἐξοδιαστικοῦ
1888 571 2029 608 μοναχοΰ.
2053 568 2071 599 f.
2094 578 2158 609 134.

1389 635 1411 652 ε.
1428 623 1587 653 ἀκολουθία
1602 625 1653 653 τοῦ
1668 625 1769 662 μικροῦ
1784 625 1938 662 ἁγιασμοῦ.
1962 622 2013 653 fol.
2033 623 2096 664 ¹58·

1305 679 1332 707 4.
1351 678 1444 708 Dicta
1466 678 1621 708 variorum
1646 678 1684 708 de
1709 677 1893 714 sacerdotio,
1911 689 2029 708 necnon
2053 689 2158 709 narra-

1368 730 1468 760 tiones
1484 730 1673 761 miraculosae
1690 730 1728 760 de
1744 730 1967 766 sacerdotibus,
1979 735 2038 761 etc.
2056 730 2076 761 f.
2092 740 2157 770 172.

1411 781 1473 812 Tit.
1489 780 1574 821 λόγοι
1590 783 1736 821 διαφόρων
1751 782 1842 820 ἁγίων
1857 781 1922 820 περὶ
1938 781 2100 819 ἱερωσύνης.

1412 831 1509 873 Incip.
1529 833 1556 862 oi.
1572 833 1693 870 ἀναξίως
1709 832 1857 872 ἱεράτοτον
1873 832 1918 862 καὶ
1933 835 2117 872 λειτουργῶν,

1305 890 1333 918 5.
1353 887 1464 917 Preces
1481 887 1511 917 S.
1525 887 1736 927 Chrysostomi
1751 887 1950 928 aliorumque.
1975 887 2025 917 fol.
2043 897 2109 929 ¹95·

1411 937 1474 968 Tit.
1487 937 1506 967 i.
1525 938 1594 978 εὐχὴ
1610 941 1666 968 τῶν
1679 939 1769 977 ἁγίων
1787 939 1858 968 ἑπτὰ
1874 939 1984 968 παίδων
1999 940 2038 970 εἰς
2053 939 2162 977 ἀσθενῆ

1393 988 1437 1018 καὶ
1452 988 1490 1026 μὴ
1506 989 1661 1018 ὑπνοῦντα.

1412 1038 1474 1069 Tit.
1493 1039 1521 1068 ii.
1547 1039 1629 1079 εὐχαὶ
1647 1039 1709 1077 ἤτοι
1733 1039 1897 1078 ἐξορκισμοὶ
1912 1042 1961 1069 τοῦ
1977 1040 2060 1078 ἁγίου
2077 1042 2162 1069 Βασι-

1392 1091 1481 1120 λείου.

1413 1140 1451 1170 In
1467 1140 1558 1177 calce,
1576 1143 1656 1171 Θεοῦ
1681 1141 1713 1171 τὸ
1738 1143 1829 1180 δῶρον
1855 1142 1900 1172 καὶ
1926 1142 2092 1181 σωφρονίου
2110 1141 2163 1172 Ὀ·

1391 1204 1486 1224 πωνος
1505 1191 1581 1232 τάχα
1602 1193 1648 1222 καὶ
1671 1192 1860 1232 ἱερομονάχου
1878 1193 1908 1222 ἐκ
1924 1193 2017 1233 χώρης
2033 1194 2161 1231 Θηβαεί-

1392 1245 1448 1279 δος,
1462 1243 1511 1280 ἠδὲ
1522 1243 1661 1282 γένιήτος
1671 1242 1814 1282 Ῥούσμου
1826 1245 2015 1282 Λαμπριανοῦ
2030 1244 2076 1274 καὶ
2088 1243 2163 1282 Λήμ-

1392 1306 1462 1325 πους
1478 1294 1524 1324 ἐπὶ
1541 1294 1622 1326 ἔτους
1644 1297 1730 1333 1644.

1306 1558 1582 1609 LATINL

1394 1662 1491 1703 Incip.
1509 1666 1527 1679 “
1541 1662 1619 1693 Post
1640 1673 1832 1694 communem
1853 1664 2130 1696 considerationem
2140 1666 2166 1702 ;”

1373 1717 1407 1744 ut
1425 1713 1456 1743 in
1472 1713 1562 1744 editt.
1579 1714 1717 1755 impress.

1394 1769 1431 1799 In
1447 1769 1541 1806 calce,
1557 1774 1575 1785 “
1589 1769 1725 1810 Explicit
1737 1771 1872 1801 secunda
1888 1782 1959 1811 pars
1974 1782 2091 1802 summe
2106 1772 2166 1803 fra-

1372 1820 1429 1850 tris
1444 1820 1562 1851 Thome
1575 1821 1613 1851 de
1627 1821 1752 1862 Aquino
1769 1821 1806 1852 de
1822 1821 1928 1852 ordine
1944 1822 2076 1853 fratrum
2093 1823 2166 1853 Pre-

1372 1871 1573 1902 dicatorum.”

1395 1927 1524 1964 Deinde,
1544 1927 1731 1968 “Incipiunt
1753 1928 1890 1969 capitula
1913 1930 2044 1960 secunde
2068 1930 2166 1971 partis

1373 1978 1497 2008 secundi
1518 1978 1588 2009 libri
1610 1979 1735 2010 Summe
1751 1980 1834 2010 edite
1849 1991 1868 2010 a
1883 1980 1978 2011 fratre
1993 1980 2113 2012 Thoma
2128 1981 2165 2012 de

1373 2030 1498 2071 Aquino
1510 2030 1535 2067 ξ’
1558 2034 1590 2061 et
1611 2030 1642 2061 iu
1663 2031 1745 2062 calce
1771 2031 1893 2069 tabulae,
1909 2032 2076 2073 “Explicit
2091 2032 2166 2063 ordo

1373 2086 1405 2112 et
1421 2081 1554 2123 signatio
1577 2082 1773 2123 questionum
1797 2083 1921 2113 secundi
1942 2083 2011 2114 libri
2035 2084 2166 2114 secunde

1374 2133 1473 2174 partis
1494 2133 1600 2164 fratris
1620 2133 1739 2165 Thome
1763 2134 1801 2165 de
1822 2133 1965 2175 Aquino;
1988 2134 2167 2166 benedictus

1376 2183 1478 2218 Deus3
1505 2183 1637 2215 A1nen.”

1697 2302 1764 2335 ΙΙΙ.

1291 2368 1411 2402 Codex
1440 2369 1730 2409 membranaceus,
1763 2370 1798 2403 in
1828 2370 1919 2410 folio,
1946 2370 1979 2403 ff.
1997 2373 2076 2409 189,
2103 2381 2168 2404 sec.

1315 2428 1394 2467 xiv„
1413 2427 1502 2461 binis
1525 2427 1693 2461 columnis
1709 2433 1890 2468 exaratus;
1917 2433 1924 2447 ‘
1940 2439 1983 2461 ex
2002 2428 2091 2462 dono
2110 2428 2169 2461 Ri-

1316 2485 1407 2519 cardi
1428 2485 1455 2518 F
1457 2484 1642 2531 lemmyng,
1661 2486 1874 2520 fundatoris?

1335 2553 1367 2584 S.
1383 2553 1510 2584 Thomae
1540 2553 1709 2595 Aquinatis
1739 2554 1771 2584 in
1796 2554 1907 2585 librum
1938 2554 2167 2585 Sententiarum

1356 2606 1493 2643 tertium,
1509 2605 1622 2646 praevia
1637 2605 1881 2636 Distinctionum
1896 2605 2013 2636 tabula.

1399 2659 1496 2700 Incip.
1511 2664 1528 2676 “
1541 2660 1593 2690 Ad
1608 2660 1709 2691 locum
1724 2660 1805 2691 unde
1820 2663 1934 2691 exeunt
1944 2660 1971 2696 ;”
1990 2659 2068 2690 utin
2080 2659 2167 2689 editt.

1378 2720 1516 2751 impress.

1402 2765 1438 2795 In
1455 2765 1548 2802 ealce,
1566 2769 1583 2782 ‘⁶
1596 2765 1733 2807 Explicit
1748 2765 1826 2796 liber
1840 2765 1882 2807 iij.
1898 2765 2034 2807 scripti.''
