2254 3117
622 150 859 185 COLLEGH
888 150 1295 186 LINCOLNIENSIS.
1855 155 1876 185 5

160 250 233 290 ἁγίῳ
256 248 474 286 προσεπέλασε,
501 249 582 286 ἡμεῖς
606 249 637 278 δὲ
660 249 698 286 μὴ
725 248 865 287 φέροντες
888 251 937 277 τοῦ

160 301 290 330 τοιούτου
312 299 415 336 ἀνδρὸς
435 299 467 328 τὸ
484 300 595 331 ὄνειδος
617 299 681 331 τοὺς
704 299 827 329 κανόνας
851 299 937 329 αὐτοῦ

160 351 244 380 ἔνδον
256 352 304 387 τῆς
318 351 430 387 βίβλου
447 351 550 387 ταύτης
566 349 706 388 ἐτάξαμεν
722 350 938 388 διεσπαρμένως

161 402 193 431 ἐν
208 404 268 432 τοῖς
284 402 373 430 εἴδεσι
389 403 445 430 τῶν
461 400 681 440 ἁμαρτημάτων.

181 451 289 482 Desin.
307 462 374 492 cap.
392 451 447 482 ult.
470 452 502 481 τὸ
522 454 573 482 τοῦ
596 453 729 482 διακόνου
753 452 839 491 ἔργον
859 454 938 490 ποιῆ-

160 516 210 532 σαι
226 502 293 540 ἐξὸν
309 503 413 533 οὐδενί·
438 503 523 534 τέλος
540 503 586 532 καὶ
602 503 640 544 τῷ
657 505 726 543 Θεῷ
743 505 821 541 δόξα.

184 553 219 583 111
242 553 334 589 calce⁷
352 555 507 591 ἐτελειώθη
528 554 560 583 τὸ
585 553 678 591 παρὸν
698 554 872 593 ἐγχειρίδιον
894 555 939 584 διὰ

160 608 265 645 χειρῶν
291 605 388 642 ἱερέως
414 604 553 635 Ἰωάννου
580 605 788 643 Εὑριππιώτου,
816 606 847 634 ἐν
873 606 940 642 μηνὶ

160 657 278 697 μαρτίῳ,
297 668 324 697 ἀ
334 661 357 694 φ
369 668 384 685 ο
398 656 432 686 α’.

77 712 105 742 6.
123 710 300 752 Capitulum
325 709 363 740 de
393 709 533 740 dmmone
563 721 674 751 corpus
704 710 818 741 mortui
845 710 940 749 possi-

141 763 234 792 dente
249 761 468 797 exorcizando,
484 772 554 791 cum
570 761 830 803 interpretatione
847 762 940 792 brevi.

141 813 192 843 sol.
213 822 270 853 223
290 813 318 843 b.

160 883 161 886 =
184 865 246 895 Tit.
273 866 298 895 εἰ
325 866 426 904 εὑρεθῆ
457 864 555 903 νεκρὸς
581 865 743 903 λεγόμενος
774 864 839 904 παρ’
864 866 942 903 ἡμῶν

165 917 358 956 καταχθόνιος
373 917 403 946 τί
416 917 533 954 ὀφείλει
549 916 698 955 γένεο-θαι.

185 968 282 1009 Incip.
300 969 346 998 καὶ
361 970 446 997 τοῦτο
463 967 513 997 οὐκ
530 967 592 997 ἔστι
608 966 674 996 ἀλλ’
693 968 707 996 ὁ
724 966 870 1004 διάβολος.

185 1019 310 1051 Citatur
325 1030 423 1050 canon
440 1018 459 1049 J
462 1018 592 1049 ohannis
608 1018 635 1048 N
638 1022 778 1048 esteutae.

81 1078 109 1108 7.
134 1075 334 1106 Tractatulus
364 1075 402 1105 de
432 1079 551 1115 septem
581 1075 718 1115 peccatis
748 1074 941 1105 mortalibus.

143 1127 194 1157 fol.
210 1136 247 1157 22
275 1152 280 1157 .

187 1178 248 1209 Tit.
265 1179 330 1217 περὶ
346 1181 402 1208 τῶν
424 1179 495 1207 ἑπτὰ
519 1179 689 1215 θανασίμων
711 1178 756 1207 καὶ
780 1178 944 1215 κορυφαίων

165 1228 387 1268 ἁμαρτημάτων.

187 1280 283 1322 Incip.
301 1281 333 1310 τὸ
350 1283 464 1319 πρῶτον
480 1278 643 1317 θανάσιμον
659 1278 821 1318 ἁμάρτημα.

187 1331 260 1362 Des.
277 1330 368 1362 πάλιν
385 1332 421 1361 νᾶ
437 1331 695 1369 ε’λευθερωθοῦσιν.

62 1500 181 1533 Codex
201 1499 494 1537 membranaceus,
514 1498 548 1530 in
570 1500 640 1536 4to,
658 1496 690 1530 ff.
707 1499 786 1535 107,
802 1507 867 1529 soc.
881 1496 947 1528 for-

86 1570 145 1591 san
164 1558 223 1591 xii.
242 1557 415 1596 ineunti83
443 1557 476 1590 in
496 1556 590 1590 calce
609 1556 721 1588 mutil.

105 1625 340 1667 Epistolarium,
357 1625 420 1655 sive
436 1625 513 1655 ordo
529 1624 649 1666 legendi
664 1623 823 1665 Epistolas
836 1624 948 1654 Actus-

127 1688 186 1718 que
212 1677 436 1718 Apostolorum
463 1677 493 1706 in
519 1676 606 1706 festis
630 1680 662 1706 et
693 1675 866 1706 Dominicis
896 1685 949 1715 per

128 1739 253 1759 annum.

171 1780 268 1822 Incip.
286 1781 410 1810 rubrica
427 1780 444 1810 i.
465 1781 504 1811 εἰς
520 1780 665 1818 μαρτύρας
681 1778 803 1817 ἐγράφη.
835 1778 949 1817 κυριακὴ

148 1835 205 1862 τῶν
221 1833 311 1871 ἁγίων
327 1831 456 1868 πάντων,
474 1832 583 1862 ἄλλοτε
601 1830 717 1869 κυριακὴ
733 1828 783 1866 κζ’.

193 1883 290 1924 Incip.
304 1883 393 1924 epist.
407 1883 426 1912 i.
442 1882 473 1912 in
487 1881 618 1923 epistola
634 1880 664 1911 S.
680 1880 768 1911 Pauli
782 1880 821 1910 ad
835 1879 950 1910 Titum.

193 1934 307 1965 Deficit
323 1935 353 1964 in
370 1934 459 1975 epist.
476 1935 515 1964 ad
535 1933 689 1964 Hebraeos
700 1931 810 1968 verbis,
824 1933 854 1961 ἐν
870 1932 951 1971 φόνῳ
981 1936 982 1954 ῑ

171 1988 316 2026 μαχαίρας

487 2079 531 2113 V.

70 2143 290 2182 Chartaceus,
314 2144 349 2176 in
374 2145 447 2181 4to,
466 2142 499 2175 ff.
516 2143 597 2179 383,
616 2152 705 2174 auno
727 2139 821 2173 1636
848 2150 951 2172 manu

96 2201 285 2246 Nicephori
316 2199 573 2235 hieromonachi
602 2199 636 2232 in
670 2198 800 2242 Euripo
828 2197 953 2230 descri-

96 2266 185 2304 ptus.

115 2320 145 2350 S.
164 2319 331 2360 Augustini
362 2330 411 2360 ep.
433 2317 647 2359 Hipponensis
672 2316 709 2346 de
741 2315 772 2346 S.
798 2314 953 2345 Trinitate

135 2371 203 2401 libri
231 2370 417 2412 quindecim,
446 2370 555 2400 Graece
586 2367 664 2398 versi
695 2377 750 2407 pel·
780 2365 954 2396 Maximum

136 2422 319 2453 Planudem.

178 2473 240 2504 Tit.
267 2475 318 2503 τοῦ
342 2473 512 2511 μακαρώτου
540 2471 586 2500 καὶ
615 2470 753 2508 μεγίστου
781 2467 955 2498 διδασκάλου

160 2525 359 2564 Αὐγουστίνου
383 2524 521 2562 Αὖριλίου
546 2519 704 2552 ἐπισκόπου
726 2518 868 2549 Ἰππῶνος
891 2518 955 2556 περὶ

156 2575 280 2615 Τριάδος
305 2577 415 2614 βίβλια
438 2574 525 2604 πέντε
552 2572 623 2611 πρὸς
649 2574 709 2602 τοῖς
731 2570 809 2605 δέκα,
827 2569 899 2607 ἅπερ
925 2570 956 2598 ἐκ

155 2629 203 2665 τῆς
220 2628 353 2658 Λατίνων
370 2627 500 2666 γλώττης
516 2625 555 2655 εἷς
570 2624 623 2660 τὴν
642 2620 778 2651 Ἑλλάδα
799 2619 955 2658 μετήνεγκε

159 2677 291 2716 Μάξιμος
305 2677 435 2717 μοναχὸς
450 2677 465 2706 ὁ
483 2676 664 2711 Πλανούδης.

181 2728 278 2770 Incip.
304 2729 399 2760 δεινὸν
423 2727 497 2758 εἶναι
521 2726 594 2765 φημὶ
618 2725 669 2754 τὸν
694 2722 761 2754 τάδε
789 2723 957 2761 ἀναγνωσό-

159 2792 259 2817 μενον,

1097 248 1218 279 Prodiit
1242 253 1421 290 excerptum
1443 260 1479 279 ex
1497 249 1634 280 versione
1650 249 1711 280 ista
1728 250 1782 279 Gr.
1801 249 1869 279 Lat.

1074 300 1112 329 ad
1129 300 1243 330 calcem
1262 300 1381 331 Leontii
1398 301 1436 330 ‹lo
1452 301 1544 331 sectis
1562 300 1657 331 Basil.
1676 302 1762 341 1578.

1096 350 1133 380 In
1161 351 1254 386 calce,
1278 353 1381 390 εἴληφε
1408 352 1492 383 τέλος
1518 351 1585 382 τάδε
1610 352 1719 389 βιβλία
1743 353 1813 381 κατὰ
1839 352 1871 381 τὸ

1074 401 1214 439 σωτήριον
1241 403 1302 433 ἔτος
1330 401 1450 443 Ιαχλῌ
1478 403 1610 443 Ἰουλλίῳ
1636 403 1704 441 μηνὶ
1732 401 1771 440 ιβ’
1797 403 1873 443 χειρὶ

1076 453 1245 491 Νικηφόρου
1270 454 1461 493 ἱερομοναχοῦ
1486 456 1535 483 τοῦ
1558 453 1754 492 περιγγελέως
1780 454 1812 483 ἐν
1838 455 1871 494 τῇ

1075 505 1149 545 μονῇ
1172 505 1205 545 τῇ
1228 504 1373 543 λεγομένῃ
1397 506 1446 534 τοῦ
1467 505 1551 543 ἁγίου
1575 504 1712 543 γερόντος
1737 505 1768 534 ἐν
1794 503 1872 543 τήσῳ

1078 555 1202 594 Εὐρίπῳ.

1120 605 1157 635 In
1173 606 1310 647 margine
1322 606 1372 637 sol.
1388 616 1405 647 3
1424 606 1560 637 inferiori
1576 610 1719 637 notatum
1735 611 1792 642 est,
1807 613 1823 623 ‘⁵
1835 617 1873 636 ex

1099 657 1184 687 libris
1208 658 1282 688 Geo.
1305 658 1434 688 NVheler
1461 662 1492 688 et
1517 657 1640 688 Jacomi
1667 657 1761 697 Spon‚
1791 657 1873 687 Zant

1101 707 1176 748 May
1191 719 1228 748 ye
1247 719 1284 746 24
1302 709 1408 748 1676.”

1402 802 1468 835 VI.

995 861 1114 894 Codex
1134 861 1343 900 chartaceo&
1362 861 1395 892 in
1418 862 1478 893 4to
1504 860 1637 897 minori,
1652 858 1685 892 ff.
1701 861 1782 898 532,
1807 871 1873 892 sec.

1020 918 1110 957 xvi.;
1138 917 1229 950 haud
1258 928 1326 950 una
1352 928 1456 950 manu
1483 921 1664 955 exaratus;
1696 916 1778 949 olim
1807 916 1874 949 Ga-

1021 975 1178 1009 lactionis
1196 974 1463 1008 hieromonachi.

1039 1036 1067 1065 1.
1088 1035 1308 1075 Menologium,
1322 1034 1384 1064 sive
1400 1034 1499 1064 officia
1515 1037 1546 1064 et
1562 1033 1666 1074 hymni
1683 1034 1713 1064 in
1729 1034 1875 1064 honorem

1102 1086 1298 1121 Sanctorum,
1325 1095 1455 1126 quorum
1484 1084 1564 1114 festa
1592 1084 1622 1114 in
1646 1085 1772 1115 ecclesia
1799 1084 1875 1115 cele-

1103 1137 1186 1167 brari
1203 1136 1303 1166 solent
1319 1135 1474 1166 mensibus
1490 1135 1707 1176 sequentibus3

1061 1202 1088 1219 α.
1108 1187 1309 1229 Septembris.
1333 1187 1386 1217 fol.
1403 1197 1428 1216 1.

1169 1239 1230 1269 Tit.
1255 1238 1311 1276 μὴν
1334 1237 1509 1277 σεπτέβριος
1532 1236 1569 1268 α’.
1597 1238 1734 1278 ἀρχὴτῆς
1758 1238 1878 1267 ἰνὸίκτου

1146 1291 1208 1328 ἤτοι
1228 1292 1277 1319 τοῦ
1291 1291 1358 1319 νεοῦ
1382 1289 1462 1320 ἔτους
1486 1289 1532 1319 καὶ
1550 1288 1645 1327 μνήμη
1665 1291 1714 1319 τοῦ
1730 1289 1811 1318 ὁσίου
1827 1300 1880 1317 πο.-

1147 1341 1213 1380 τρὸς
1229 1341 1308 1378 ἡμῶν
1325 1341 1444 1378 Συμεὼν
1460 1342 1511 1370 τοῦ
1525 1341 1637 1376 ζυλίτου
1653 1341 1700 1371 καὶ
1715 1343 1771 1370 τῶν
1792 1340 1880 1378 ἁγίων

1145 1391 1173 1430 μ’
1190 1394 1343 1431 γυναικῶν.

1171 1443 1266 1483 Incip.
1283 1443 1331 1473 off.
1348 1445 1396 1480 τῆς
1412 1442 1587 1473 αὐτολέκτου
1602 1442 1647 1472 καὶ
1659 1442 1738 1473 θείας
1749 1443 1882 1471 διδασκα-

1148 1495 1220 1526 λίας.

1063 1551 1095 1584 β.
1113 1545 1258 1576 Octobris
1274 1546 1323 1576 (lie
1340 1545 1422 1575 xxvi.
1445 1544 1497 1574 fol.
1513 1553 1564 1585 52.

1171 1596 1233 1627 Tit.
1257 1597 1313 1634 μὴν
1333 1596 1511 1635 Ὀκτώβριος
1532 1597 1571 1628 εἰς
1594 1596 1645 1633 τὴν
1662 1595 1703 1630 κζ’
1726 1597 1777 1625 τοῦ
1801 1595 1883 1633 ἁγίου

1151 1650 1266 1686 ἐνδόξου
1281 1646 1535 1686 μεγαλομάρτυρος
1552 1647 1725 1685 Δημητρίου.

1172 1699 1268 1740 Incip.
1284 1698 1407 1736 λάμπεις
1422 1699 1456 1740 τῇ
1473 1699 1586 1737 πατρίδι
1603 1711 1656 1728 σου
1672 1699 1725 1728 ἄει.

1066 1765 1094 1791 γ.
1111 1750 1294 1781 Novembris
1310 1750 1360 1780 die
1378 1750 1441 1780 xiii.
1466 1749 1518 1780 fol.
1538 1750 1587 1780 68.

1172 1801 1234 1832 Tit.
1256 1801 1422 1840 Νοέμβριος
1445 1802 1484 1833 εἰς
1504 1800 1550 1840 ιγ’,
1567 1803 1617 1830 τοῦ
1640 1801 1672 1830 ἐν
1693 1800 1785 1838 ἁγίοις
1807 1813 1829 1828 κ.
1855 1802 1885 1828 λ.

1150 1852 1287 1883 Ἰωάννου
1303 1854 1352 1882 τοῦ
1368 1853 1587 1890 Χρυσοστόμου.

1174 1903 1270 1944 Incip.
1288 1903 1339 1940 τὴν
1354 1903 1541 1943 χρυσήλατον
1556 1902 1716 1941 σάλπιγγα.

1067 1959 1091 1985 ὀ.
1109 1955 1288 1985 Decembris
1303 1954 1411 1985 diebus
1427 1965 1453 1984 v.
1465 1954 1501 1984 vi.
1514 1965 1585 1984 xxv.
1598 1957 1630 1984 et
1643 1952 1795 1983 dominica
1811 1956 1884 1982 ante

1132 2006 1348 2036 Nativitatem.
1372 2005 1422 2035 fol.
1441 2006 1491 2046 83.

1173 2057 1235 2087 Tit.
1251 2057 1308 2095 μὴν
1325 2058 1477 2097 Δεκεβρίῳ
1493 2055 1514 2086 ε’
1531 2057 1581 2085 τοῦ
1595 2056 1688 2090 ὁσίου,
1706 2068 1728 2084 κ.
1745 2058 1775 2083 λ.
1807 2053 1884 2089 Σάβ-

1154 2113 1194 2146 βα
1211 2111 1260 2138 τοῦ
1278 2109 1432 2146 θεοφόρου.

1175 2159 1271 2200 Iucip.
1289 2158 1395 2197 σάββα
1411 2160 1556 2197 θεόφορον
1572 2160 1628 2186 τῶν
1643 2156 1788 2195 ἀγγέλων.

1070 2225 1093 2242 ε.
1109 2211 1253 2242 Januarii
1269 2211 1377 2241 diebus
1393 2210 1411 2240 i.
1428 2222 1455 2240 v.
1468 2210 1517 2239 vii.
1532 2208 1602 2238 xvii.
1615 2207 1707 2237 xxvii.
1724 2207 1772 2236 fol.
1791 2206 1884 2246 1531).

1175 2263 1236 2293 Tit..
1267 2264 1334 2300 μηνὶ
1365 2261 1562 2299 Ἰαννουαρίου
1591 2259 1615 2289 α’
1644 2260 1662 2296 ἡ
1691 2259 1762 2287 κατὰ
1793 2256 1885 2295 σάρκα

1154 2314 1291 2352 περιτομὴ
1312 2316 1361 2343 τοῦ
1390 2314 1494 2350 Κυρίου
1521 2312 1566 2341 καὶ
1590 2312 1668 2341 Θεοῦ
1692 2310 1736 2338 καὶ
1759 2310 1886 2345 σωτῆρος

1155 2366 1233 2402 ἡμῶν
1248 2364 1345 2402 Ἰησοῦ
1357 2366 1493 2402 Χριστοῦ.
1519 2362 1563 2391 καὶ
1578 2361 1672 2398 μνήμη
1685 2362 1734 2390 τοῦ
1750 2360 1781 2389 ἐν
1794 2361 1886 2398 ἁγίοις

1155 2417 1262 2455 πατρὸς
1278 2417 1357 2454 ἡμῶν
1375 2415 1514 2445 Βασιλίου
1530 2415 1580 2443 τοῦ
1593 2411 1733 2451 μεγάλου.

1178 2467 1274 2507 Incip.
1292 2466 1535 2505 συγκαταβαίνων
1550 2465 1564 2493 ὁ
1583 2464 1680 2501 Σωτὴρ
1696 2465 1734 2503 τῷ
1754 2463 1842 2501 γένει,

1072 2533 1098 2553 ς.
1124 2518 1285 2549 Februarii
1303 2517 1353 2548 die
1368 2518 1396 2547 ii.
1421 2516 1471 2546 fol.
1491 2525 1559 2556 215.

1177 2569 1240 2600 Tit.
1262 2569 1318 2607 μὴν
1345 2568 1544 2606 Φεβρουαρίου
1568 2565 1607 2603 β’.
1633 2566 1648 2602 ἡ
1664 2565 1814 2601 {mamm-37
1837 2566 1886 2594 τοῦ

1159 2622 1267 2658 Κυρίου
1283 2621 1361 2657 ἡμῶν
1381 2618 1478 2655 Ἰησοῦ
1494 2619 1631 2655 Χριστοῦ,

1180 2671 1276 2712 Incip.
1307 2669 1384 2709 Λέγε
1410 2669 1527 2707 Συμεὼν
1551 2668 1614 2698 τίνα
1641 2667 1719 2706 φέρω
1742 2668 1774 2697 ἐν
1800 2667 1887 2705 ἀγκα-

1157 2726 1232 2753 λαις.

1074 2777 1097 2808 ζ.
1115 2771 1223 2802 Martii
1239 2771 1288 2801 die
1304 2781 1373 2800 xxv.
1398 2769 1449 2799 sol.
1467 2777 1524 2809 232
1541 2767 1571 2798 b.
