2254 3117
367 174 383 204 1
391 175 411 205 2
914 166 1210 203 CATALOGUS
1235 168 1468 204 CODICUM
1496 169 1605 204 MSS.

471 268 531 307 (b.)
548 266 764 298 Oonclusiones
788 265 893 296 fratris
917 265 1071 296 Dominici
1090 277 1147 307 pro
1162 266 1238 297 Hie—

470 319 588 350 ronimo
608 329 663 360 per
685 329 753 348 eum
774 317 950 358 predicate3
972 317 1062 358 incip.
1080 321 1088 335 ‘
1102 317 1239 348 Ecclesia

470 370 530 401 Dei
546 370 663 410 indiget
678 368 899 399 renovatione.’

490 421 595 451 Desin.
613 425 631 437 “
644 418 928 450 Excommunicatio
949 430 1046 460 nuper
1066 419 1150 450 facta
1169 430 1238 450 con-

470 477 520 503 tra
543 471 751 502 venerandum
775 474 907 510 patrem,
933 469 1060 501 fratrem
1088 471 1237 511 Hierony-

468 534 562 559 mum,
578 521 661 552 nulla
676 524 731 551 est.
778 520 847 550 Non
872 521 1070 552 observantes
1089 532 1157 552 eam
1177 532 1238 552 non

470 576 607 614 peccant.
653 571 767 602 Finis.”

762 664 862 698 XLI.

366 728 484 761 Codex
501 727 791 767 membranaceus,
810 727 845 760 in
864 729 935 767 4to,
953 726 986 760 ff.
1001 730 1058 768 77,
1076 738 1141 761 sec.
1157 727 1236 767 xiv„

389 785 550 824 mutilus3
577 784 659 818 olim
677 789 866 817 conventus
884 784 1027 818 fratrum
1047 784 1202 829 Salopiae.

409 848 434 877 1.
452 845 655 876 Definitiones
679 845 818 886 sphaerae,
845 845 945 882 solidi,
973 845 1153 887 superficiei,
1175 850 1231 877 etc.

470 897 522 927 sol.
540 907 551 926 1
571 896 599 926 b.

407 951 436 979 Q.
453 948 571 979 Tabula
585 951 800 978 contentorum
816 947 938 978 codicis.
961 947 1012 977 fol.
1026 956 1043 977 2
1060 947 1089 978 b.

410 1001 439 1030 3
456 998 587 1029 Roberti
621 999 767 1029 Grostete
804 998 1024 1029 Lincolniensis
1055 1003 1233 1039 compotus;

470 1049 569 1080 mutil.
593 1049 643 1079 fol.
659 1059 689 1089 3.

512 1101 608 1141 Incip.
623 1100 653 1130 in
665 1100 776 1136 vorbis,
789 1104 806 1117 ⁴⁴
820 1099 910 1141 primi
925 1103 957 1130 et
972 1100 1040 1130 ideo
1056 1099 1087 1130 in
1099 1111 1154 1130 sua
1168 1111 1236 1141 pro-

490 1151 632 1193 portione
647 1151 795 1181 minimi.'’

409 1205 436 1233 4.
455 1203 621 1233 Tractatus
644 1202 825 1243 quadrantis
845 1202 914 1232 novi
936 1201 1122 1242 compositus
1140 1213 1159 1233 a
1174 1213 1235 1233 ma-

469 1253 567 1295 gistro
596 1253 765 1294 Prophatio
792 1252 929 1283 Hebraeo
962 1263 1043 1283 anno
1068 1252 1236 1284 Dominicae

470 1303 690 1335 incarnationis
720 1304 811 1340 1288,
829 1307 861 1334 et
885 1308 1041 1335 correctus
1064 1303 1104 1334 ab
1130 1304 1236 1334 eodem

472 1357 513 1386 A.
528 1355 566 1385 D.
584 1366 673 1395 1301.
696 1355 746 1385 sol.
769 1365 814 1385 10.

511 1407 609 1448 Incip.
634 1411 652 1423 ‘⁶
667 1406 747 1437 Cum
773 1406 930 1436 stellarum
954 1405 1082 1436 scientia
1106 1406 1170 1436 sine
1193 1406 1235 1436 in-

492 1461 663 1488 strumento
679 1456 820 1498 congruis
836 1457 958 1487 minime
974 1456 1192 1497 compleatur.'’

406 1512 434 1539 5.
450 1509 471 1539 J
475 1509 603 1540 ohannis
617 1509 655 1539 de
681 1508 888 1539 Sacro-Bosco
910 1508 1029 1539 libellus
1050 1508 1088 1538 de
1111 1508 1235 1549 algoris-

468 1571 528 1590 mo.
551 1559 601 1590 fol.
619 1559 665 1589 16.

511 1610 608 1651 Incip.
626 1613 643 1627 ‘⁴
658 1609 769 1640 Omnia
781 1620 839 1650 que
855 1620 874 1639 a
893 1608 1029 1650 primeva
1040 1619 1142 1639 rerum
1152 1609 1178 1645 3⁸³
1201 1612 1235 1639 ut

492 1661 523 1691 in
539 1661 611 1692 edit.
627 1660 764 1702 impress.

407 1714 434 1744 6.
451 1713 597 1753 Ejusdem
612 1715 766 1742 tractatus
778 1712 815 1742 de
831 1711 953 1753 sphaera
964 1721 1032 1742 cum
1044 1710 1235 1752 appositione

469 1768 500 1794 et
515 1762 738 1803 compilatione.
762 1762 811 1792 fol.
829 1772 865 1803 19
877 1762 906 1793 b.

510 1813 606 1855 Incip.
627 1817 644 1830 ⁸⁶
660 1813 843 1843 Tractatum
864 1813 902 1843 de
926 1823 1015 1853 spera
1037 1812 1068 1842 in
1083 1822 1104 1851 4
1119 1813 1234 1853 capitu-

488 1866 524 1896 lis
535 1865 562 1903 ;”
585 1868 619 1896 ut
635 1875 728 1905 supra
743 1865 774 1894 in
790 1863 856 1894 cod.
874 1863 956 1893 xxvi.
974 1864 1002 1902 ξ.
1019 1874 1047 1904 3.

405 1920 431 1950 7.
450 1917 542 1948 Liber
557 1927 647 1957 quem
667 1916 764 1946 edidit
781 1915 893 1946 Thebit
915 1914 995 1945 filius
1011 1915 1119 1951 Chore,
1136 1916 1174 1945 de
1189 1915 1235 1946 his

468 1979 535 2009 quae
550 1967 689 2008 indigent
713 1966 902 2007 expositione
925 1969 1091 2007 antequam
1115 1966 1235 2007 legatur

469 2019 677 2059 Almagestus.
700 2017 751 2047 fol.
766 2018 813 2049 26.

510 2067 605 2108 Incip.
620 2071 637 2084 ‘⁶
653 2067 795 2108 Eqnator
809 2067 908 2106 major
923 2066 954 2096 in
969 2066 1082 2107 cujus.”

404 2124 433 2152 S.
458 2119 601 2161 [Roberti
640 2119 800 2160 Grostete]
839 2118 990 2148 Theorica
1025 2117 1233 2148 Planetarum.

466 2171 518 2201 sol.
534 2171 583 2201 28.

509 2221 605 2262 Incip.
623 2225 641 2237 “
657 2220 796 2254 Circulus
811 2220 1026 2251 eccentricus.”

401 2274 429 2306 9.
446 2271 570 2313 Regulae
599 2271 639 2302 ad
670 2270 941 2312 pronosticandum
971 2270 1123 2300 diversam
1154 2270 1233 2301 aeris

465 2323 696 2365 dispositionem
711 2322 846 2353 futuram
868 2322 1048 2363 [secundum
1065 2321 1233 2352 Robertum

465 2374 638 2416 Grostete.]
662 2374 713 2405 fol.
730 2384 780 2415 33.

507 2426 605 2467 Incip.
623 2430 641 2442 ‘⁶
655 2426 706 2455 Ad
721 2425 1023 2466 pronosticandum.’'

384 2480 429 2509 10.
447 2478 494 2508 De
509 2476 728 2518 compositione
744 2476 888 2517 Cylindri‚
905 2486 975 2506 cum
996 2475 1108 2506 tabulis
1123 2475 1229 2505 altitu·

463 2529 564 2559 dinem
588 2527 659 2558 solis
685 2527 901 2559 exhibentibus
927 2527 958 2556 in
982 2526 1106 2557 civitate
1132 2526 1230 2556 Oxou.

467 2580 602 2610 London.
620 2584 652 2609 et
668 2579 767 2609 Exon.
792 2578 842 2608 fol.
858 2585 908 2619 35.

506 2630 601 2671 Incip.
621 2633 638 2646 “
653 2628 916 2670 Investigantibus
930 2629 1070 2658 nature.⁷’

382 2684 427 2712 11.
445 2681 495 2712 De
510 2681 729 2721 compositione
745 2679 935 2721 quadrantis.
958 2679 1008 2709 fol.
1025 2678 1065 2719 36
1082 2678 1111 2708 b.

490 2724 603 2772 ‘Incip.
621 2736 639 2748 “
654 2730 829 2762 Geometrie
846 2731 904 2761 due
920 2733 991 2760 sunt
1006 2729 1138 2770 partes.”

506 2783 543 2813 In
553 2783 644 2820 calce,
659 2788 676 2800 “
688 2782 824 2824 Explicit
835 2782 873 2812 de
885 2791 1028 2812 mensura
1036 2780 1229 2821 geometrie.”

1290 269 1338 298 12.
1355 268 1419 299 Ars
1444 272 1476 299 et
1501 268 1643 309 operacio
1668 269 1738 300 novi
1764 270 1946 311 quadrantis
1971 282 1991 302 a
2015 272 2164 314 magistro

1374 319 1548 360 Prophacio
1564 319 1753 351 Marsiliensi
1766 321 1849 359 editi,
1860 332 1880 352 a
1892 322 1988 352 Petro
1998 322 2036 353 de
2049 323 2164 354 Sancto

1373 371 1554 402 Audomaro
1571 371 1710 403 Parisius
1724 372 1887 414 diligenter
1906 374 2036 405 correcti
2051 378 2083 405 et
2098 386 2164 416 per-

1372 421 1454 455 fecti.
1478 421 1529 451 fol.
1556 431 1591 459 4.

1415 471 1513 512 Incip.
1531 476 1548 489 ⁴‘
1561 472 1677 513 Accipe
1693 471 1788 514 igitur
1802 473 1951 504 tabulam.

1415 522 1512 554 Defic.
1528 523 1558 553 in
1574 523 1685 561 vorbis,
1702 527 1719 540 ‘⁴
1732 534 1810 564 pone
1825 523 1944 565 almury
1959 524 2058 565 primo
2073 536 2164 566 super

1393 574 1458 615 ejus
1473 574 1599 604 cordam
1617 577 1735 604 rectam
1751 578 1783 605 et
1798 575 1923 615 postea”
2009 579 2079 616 post
2095 587 2163 616 quae

1393 625 1496 655 evulsa
1511 628 1583 655 sunt
1595 624 1667 655 folia
1682 635 1790 655 novem
1805 625 1894 666 plura
1909 626 1947 656 de
1957 625 2082 667 judiciis
2093 637 2163 657 con-

1391 675 1533 706 tinentia.

1290 727 1337 757 13.
1353 727 1493 758 Canones
1508 737 1599 767 super
1614 726 1787 758 Almanach
1803 727 1975 768 Prophatii.
1998 727 2049 758 fol.
2061 736 2111 767 47.

1412 777 1508 819 Incip.
1536 782 1553 795 “
1576 778 1654 817 Quia
1681 789 1786 808 omnes
1811 778 1949 809 homines
1978 778 2163 809 naturaliter

1393 828 1470 859 scire
1486 828 1663 860 desiderant
1680 833 1711 859 et
1726 829 1860 859 maxime
1874 839 1923 859 res
1939 829 2094 860 occultas.'

1289 884 1337 913 14.
1355 883 1482 914 Tabulae
1498 883 1560 914 sive
1576 883 1748 914 Almanach
1764 883 1937 925 Prophatii.
1959 883 2010 914 sol.
2026 892 2076 925 52.

1415 934 1535 965 Tabula
1558 934 1614 964 ult.
1642 934 1829 971 inscribitur,
1849 939 1868 952 “
1886 935 2005 965 Tabula
2024 935 2161 966 radicum

1392 985 1586 1025 planetarum
1598 996 1689 1025 super
1700 985 1857 1015 meridiem
1871 985 1989 1016 Oxonie
2001 986 2086 1026 cujus
2098 986 2161 1016 lon-

1392 1034 1500 1075 gitudo
1515 1035 1554 1065 ab
1571 1034 1729 1065 occidente
1745 1038 1792 1065 est
1806 1044 1843 1075 51
1862 1035 2004 1075 gradus.”

1413 1085 1559 1126 Sequitur
1574 1084 1725 1126 expositio
1745 1085 1870 1126 [mutil.]
1891 1085 1980 1126 incip.
1998 1089 2016 1102 ‘⁶
2031 1085 2097 1116 Iste
2112 1092 2159 1117 ta-

1392 1137 1462 1167 bule
1477 1137 1604 1167 fundate
1627 1140 1699 1167 sunt
1726 1147 1817 1177 super
1840 1136 1962 1167 tabulas
1985 1141 2017 1167 et
2042 1137 2162 1168 radices

1394 1188 1514 1219 Alfonsi
1544 1189 1583 1219 ad
1621 1188 1766 1218 circulum
1796 1188 1998 1219 meridianum
2027 1189 2161 1220 civitatis

1392 1239 1511 1269 Oxonf’

1664 1329 1784 1363 XLII.

1288 1400 1405 1434 Codex
1420 1400 1627 1438 chartaceus,
1640 1400 1674 1432 in
1686 1401 1758 1438 4t0,
1773 1398 1806 1432 ff.
1821 1401 1900 1437 129,
1912 1410 1978 1433 sec.
1990 1411 2056 1438 XV„
2069 1400 2158 1433 haud

1312 1469 1379 1491 una
1396 1468 1499 1490 manu
1517 1460 1697 1495 exaratus3
1719 1455 1799 1488 olim
1819 1456 1941 1490 domus
1958 1456 2158 1490 clericorum

1312 1516 1354 1549 de
1371 1514 1544 1548 communi
1558 1514 1630 1547 vita
1646 1514 1681 1546 in
1697 1511 1873 1559 Gronigen
1891 1514 1979 1548 circa
1997 1513 2159 1548 Sanctam

1312 1573 1548 1618 XValburgaim
1563 1576 1683 1617 postea
1697 1582 1750 1605 an.
1760 1569 1853 1609 1639
1864 1571 1887 1605 J
1890 1571 2032 1605 ohannis
2046 1571 2160 1610 Halei,

1312 1631 1408 1665 Med.
1424 1630 1527 1664 Doct.

1330 1693 1357 1722 1.
1374 1690 1528 1732 Anonymi
1548 1689 1707 1731 cujusdam
1728 1689 1806 1720 liber
1826 1689 1865 1719 de
1884 1700 1957 1720 vera
1971 1690 2043 1727 vite,
2059 1690 2080 1720 J
2084 1690 2158 1721 hesu

1390 1742 1524 1779 Christo,
1540 1742 1571 1772 in
1587 1742 1681 1778 istud,
1695 1745 1703 1759 ⁶
1721 1741 1788 1782 Ego
1811 1752 1878 1771 sum
1893 1741 1963 1772 vitis
1974 1742 2067 1778 vera‚'
2082 1753 2158 1782 prae—

1390 1793 1439 1824 via
1454 1793 1602 1824 oratione.
1626 1803 1655 1833 p.
1670 1802 1695 1822 1.

1431 1844 1526 1885 Incip.
1540 1847 1618 1874 orat.
1634 1847 1653 1860 “
1666 1843 1688 1872 J
1691 1843 1765 1873 hesu
1781 1842 1921 1884 benigne,
1938 1842 2008 1873 vitis
2023 1844 2124 1873 vera.'’

1433 1895 1528 1936 Incip.
1546 1895 1596 1925 lib.
1615 1898 1634 1912 ‘⁴
1649 1893 1717 1935 Ego
1733 1905 1812 1930 sum,
1826 1897 1885 1924 etc.
1930 1893 2002 1934 Ipso
2024 1893 2157 1924 Domino

1410 1946 1509 1977 -Jhesu
1535 1945 1659 1977 Christo
1684 1945 1861 1985 adjuvante,
1887 1943 2044 1974 videamus
2069 1955 2158 1984 quas-

1411 1998 1482 2028 dam
1497 1995 1729 2038 prop1·ietatcs.”

1432 2048 1535 2079 Desin.
1561 2052 1578 2064 ‘⁴
1593 2046 1710 2088 optimo
1731 2050 1763 2076 et
1787 2045 1960 2075 dulcissimo
1980 2045 2088 2082 Jhesu,
2106 2046 2157 2086 qui

1410 2103 1458 2130 est
1472 2098 1650 2130 benedictus
1666 2097 1696 2127 in
1712 2096 1832 2131 secula;
1859 2096 1990 2126 Amen.”

1327 2157 1355 2186 Q.
1372 2155 1538 2186 Tractatus
1554 2154 1591 2184 de
1606 2152 1876 2194 praedestinatione
1888 2151 1989 2182 cditus
2001 2162 2055 2192 per
2070 2162 2155 2182 vene-

1389 2206 1515 2237 rabilem
1537 2209 1568 2236 et
1589 2204 1743 2246 egregium
1759 2203 1857 2233 virum
1871 2202 2053 2243 magistrum
2069 2202 2155 2233 Hen-

1389 2257 1483 2287 ricum
1499 2256 1537 2286 de
1553 2255 1690 2286 Goriken
1711 2265 1806 2285 sacrae
1828 2253 1990 2294 theologiae
2005 2254 2154 2294 professo-

1387 2319 1450 2338 rem
1467 2307 1620 2337 eximium.
1644 2317 1672 2347 p.
1691 2314 1757 2346 137.

1432 2358 1527 2399 Incip.
1542 2362 1559 2374 “
1572 2357 1598 2387 Ο
1614 2357 1746 2388 altitudo
1762 2356 1939 2387 diviciarum
1955 2356 2104 2397 sapientie
2124 2361 2155 2387 et

1409 2408 1536 2440 scientie
1552 2408 1610 2438 Dei
1624 2420 1630 2444 3
1655 2408 1757 2448 Hujus
1772 2406 2005 2438 exclamacionis
2021 2407 2141 2437 verba.”

1430 2459 1536 2490 Desin.
1554 2463 1574 2477 “
1587 2459 1808 2500 possessionem
1823 2458 1911 2488 nobis
1932 2458 2035 2499 largiri
2050 2457 2154 2499 digne-

1408 2514 1460 2541 tur
1473 2509 1588 2540 Jhesus
1603 2508 1746 2539 Christus
1758 2523 1764 2543 ;
1789 2509 1922 2539 Amen.”

1430 2561 1467 2591 In
1479 2560 1569 2598 calce,
1581 2564 1599 2577 “
1610 2560 1746 2601 Explicit
1757 2563 1920 2596 tractatus,
1933 2564 1990 2590 etc.
2005 2570 2058 2600 per
2069 2559 2153 2589 Hen—

1407 2612 1503 2643 ricum
1518 2612 1556 2642 de
1572 2611 1729 2642 Gorinken
1746 2611 1776 2641 S.
1787 2610 1823 2641 T.
1836 2610 1894 2640 Ρ.”
1909 2615 1968 2640 etc.

1324 2669 1352 2698 3.
1372 2667 1477 2697 Verba
1492 2677 1586 2697 aurea
1598 2665 1704 2696 fratris
1720 2665 1838 2706 AEgidii
1856 2664 2025 2705 [Romani].
2038 2675 2067 2704 p.
2084 2674 2151 2705 159.

1429 2717 1523 2757 Incip.
1542 2722 1559 2733 “
1576 2716 1688 2747 Gracia
1708 2715 1766 2746 Dei
1782 2720 1814 2746 et
1829 2715 1960 2746 virtutes
1979 2718 2050 2745 sunt
2070 2714 2152 2745 scala

1407 2773 1437 2799 et
1452 2769 1500 2799 via
1515 2767 1698 2799 ascendendi
1715 2767 1745 2797 in
1763 2766 1887 2797 celum.”
