2254 3117
377 186 421 220 36

485 284 518 313 ln
535 293 588 313 ora
604 281 654 311 fol.
670 292 694 311 1.
707 278 843 310 inferiori
855 282 903 308 est
915 277 1027 308 notitia
1038 277 1108 314 iste,
1126 283 1144 292 “
1157 277 1249 308 Liber

461 333 601 365 Guliehni
625 331 720 367 Reed,
736 329 870 371 episcopi
886 329 1044 366 Cicestrie,
1063 339 1153 369 quem
1175 329 1249 359 emit

460 397 478 416 a
507 382 671 414 venerabili
702 386 791 422 patre
821 380 945 410 domino
975 379 1095 409 Thoma
1121 379 1248 416 Trillek,

460 435 600 476 episcopo
616 432 750 463 Roffensi
765 445 772 467 ς
795 431 889 462 oretis
905 431 999 472 igitur
1014 441 1070 471 pro
1086 432 1249 471 utroque.’'

722 524 898 558 XCVIII.

379 587 495 620 Codex
515 585 807 622 membranaceus,
828 583 860 615 in
876 582 958 615 folio
971 583 1104 621 minori,
1119 582 1152 615 ff.
1169 585 1249 622 144,

401 655 466 677 sec.
481 643 552 676 xiii.
572 642 732 679 ineuntis,
752 641 839 674 binis
858 640 1026 674 columnis
1044 640 1152 673 nitide
1172 652 1251 674 exa-

402 707 506 735 ratus.

425 772 448 800 l.
466 770 602 806 Summa,
616 779 684 809 quae
697 767 810 797 dicitur
823 766 997 802 Numerale‚
1011 766 1151 806 [auctore
1164 765 1251 796 Guli-
1280 768 1282 787 ἒ

483 821 561 850 elmo
577 820 614 849 de
632 818 818 857 Montibus]
844 817 895 847 fol.
914 828 937 847 1.

527 871 622 911 Incip.
649 876 667 884 “
683 870 767 899 Deus
790 879 867 898 unus
885 872 942 901 est,
961 868 1080 897 Contra
1095 867 1252 908 apostolus

504 923 560 958 ait,
573 922 652 952 Sunt
665 920 753 950 multi
768 919 828 954 Dii,
839 924 897 949 etc.
922 919 1043 949 Dicitur
1056 918 1140 948 Deus
1152 930 1251 948 essen-

506 973 623 1003 cialiter
639 976 670 1002 et
686 970 899 1001 naturaliter.”

529 1024 633 1054 Desin.

507 1075 598 1104 finem
621 1073 758 1107 facimus,
782 1072 829 1102 cui
853 1083 962 1101 nomen
984 1071 1138 1101 numerale
1159 1071 1253 1111 impo-

671 1029 687 1037 '‘
704 1022 822 1063 gratias
854 1021 973 1061 agendo
1010 1021 1100 1061 hujus
1136 1031 1253 1050 summe

508 1126 615 1155 nimus.
662 1124 756 1154 Plura
779 1123 901 1163 quidem
925 1123 973 1153 hic
997 1122 1108 1152 omissa
1131 1122 1161 1151 in
1188 1122 1254 1151 aliis

509 1176 661 1217 opusculis
690 1175 803 1205 nostris
833 1174 983 1215 copiosius
1013 1178 1085 1203 sunt
1115 1178 1253 1203 exarata.

512 1227 673 1269 Explicit.”

428 1294 454 1321 ΕΞ.
473 1291 635 1332 [Ejusdem
653 1290 811 1330 Gulielmi]
829 1288 931 1329 Tropi,
948 1288 978 1317 in
1000 1293 1104 1328 partes
1126 1299 1177 1317 sex
1194 1287 1254 1316 dis-

490 1342 588 1377 tincti,
606 1341 705 1382 quoad
731 1342 850 1381 partem
872 1340 1001 1381 primam
1025 1339 1130 1369 ordine
1151 1338 1256 1379 alpha-

491 1393 599 1423 betico.
625 1393 674 1422 fol.
688 1402 737 1432 33.

534 1447 680 1478 Praefatio
709 1452 766 1481 est,
805 1445 894 1475 ‘'Dei
932 1445 1013 1475 (lona
1045 1445 1258 1486 dispensamus

512 1498 703 1539 pulsantibus
718 1497 816 1527 claves
828 1496 976 1526 ostiorum
993 1495 1187 1536 porrigimus,
1206 1495 1257 1524 Ad

513 1549 751 1579 dilaudationem
775 1549 925 1577 fenestras
951 1547 1059 1577 domus
1084 1546 1257 1587 aperimus:

517 1600 648 1630 Domum
664 1605 766 1630 autem
784 1610 902 1629 sacram
918 1599 1102 1639 scripturam
1118 1598 1258 1634 dicimus,

515 1652 593 1681 ostia
617 1651 681 1692 ejus
707 1650 901 1683 autoritates,
928 1649 1026 1679 claves
1053 1653 1083 1679 et
1108 1650 1258 1679 fenestras

514 1703 620 1732 modos
643 1702 796 1742 loquendi,
813 1712 888 1742 quos
910 1705 1017 1742 tropos
1038 1712 1091 1731 seu
1111 1705 1257 1735 scemata,

515 1754 544 1783 id
565 1758 621 1785 est.
638 1753 752 1793 figuras
776 1756 962 1793 nuncupant.
1008 1751 1146 1782 Primum
1166 1751 1260 1792 igitur

515 1805 552 1834 ‹le
568 1804 752 1834 dictionibus
768 1804 816 1834 hic
831 1804 960 1844 agimus,
977 1803 1109 1833 secundo
1126 1803 1163 1833 de
1181 1802 1259 1844 posi-

518 1855 661 1889 tionibus
684 1855 778 1885 tercio
799 1855 836 1885 de
856 1854 1123 1890 attribueionibus
1148 1860 1260 1894 quarto

516 1907 552 1936 de
568 1906 813 1941 resolucionibus,
832 1905 938 1946 quinto
957 1906 994 1935 de
1015 1905 1113 1935 modis
1129 1904 1260 1940 dicendi,
1290 1943 1291 1951 ἵ

515 1961 670 1996 postremo
686 1957 723 1986 ‹lc
738 1956 849 1997 regulis
865 1962 896 1986 et
913 1956 1094 1997 quibusdam
1111 1955 1205 1985 aliis.”

538 2008 637 2048 Incip.
671 2013 687 2021 “
708 2007 742 2037 In
773 2008 878 2048 primis
907 2008 1035 2038 dicimus
1065 2007 1136 2048 quia
1166 2007 1260 2037 dictio
1290 1996 1291 2004 ἵ

517 2059 608 2089 semel
625 2059 725 2099 posita
741 2059 884 2098 equivoco
900 2058 1078 2098 accipitu1·.”

539 2109 642 2139 Desin.
680 2116 696 2124 ‘¹
716 2109 752 2139 ln
790 2110 919 2139 lectione
952 2121 1023 2139 vero
1053 2115 1117 2140 tum
1151 2110 1261 2140 veteris

517 2165 583 2190 tum
606 2171 680 2189 nove
705 2160 777 2201 legis
801 2161 901 2201 sepius
919 2161 1051 2190 occurrit
1072 2161 1170 2201 figura
1193 2171 1261 2190 con-
1291 2157 1293 2191 ¹,

518 2211 663 2241 versionis
679 2217 709 2241 et
727 2211 1005 2252 t1·anspositionis.'’

434 2275 462 2302 53.
481 2272 627 2313 Ejusdem
648 2273 813 2303 Provcrbia
829 2274 891 2303 sivo
910 2275 1014 2304 Flores
1031 2274 1208 2315 Sapientiae,
1226 2286 1262 2304 ex

498 2325 551 2354 SS.
577 2325 722 2355 Patribus
756 2324 919 2365 l'oetisqne
953 2325 1083 2355 ethnicis
1114 2326 1261 2361 confecta,

498 2376 603 2405 ordine
616 2376 811 2416 alphabetico
822 2376 979 2416 disposita,
993 2387 1060 2406 cum
1074 2376 1262 2416 praefatione.

499 2427 547 2456 fol.
563 2437 602 2466 59
616 2428 643 2456 l).

539 2481 605 2511 Tit.
633 2488 648 2496 ‘¹
669 2481 820 2522 lneipiunt
846 2482 1006 2521 proverbia
1030 2486 1061 2511 et
1087 2481 1147 2511 alia
1174 2482 1265 2512 verba

519 2532 710 2563 edificatoria
737 2545 755 2562 a
785 2533 934 2573 magistro
958 2532 1125 2568 willelmo,
1150 2533 1265 2563 Lincol—

520 2582 632 2612 niensis
648 2583 781 2613 ccclesia·
798 2583 1031 2618 eanc‹.›llario‚in
1045 2583 1151 2613 ordine
1164 2584 1264 2624 ‹lispo-

519 2633 611 2663 sitas*

546 2684 637 2724 lncip.
670 2692 685 2699 ‘¹
703 2686 754 2714 Ad
785 2685 1012 2714 edificacionem
1039 2684 1209 2714 animarum
1237 2690 1268 2715 et

521 2746 638 2764 morum
664 2735 912 2765 informacionem
944 2746 1167 2776 unumcumquc
1196 2735 1266 2778 [sic]

517 2792 662 2826 excerpta
699 2786 786 2817 utilia
824 2787 1015 2827 proferimus,
1053 2798 1088 2816 ex
1128 2788 1269 2818 omnibus

925 180 1224 215 CATALOGUS
1250 178 1481 214 CODICUM
1510 177 1618 211 MSS.

1423 276 1499 306 escis
1526 286 1584 315 que
1611 274 1714 305 mandi
1739 278 1867 315 presunt
1894 275 1924 304 in
1948 275 2073 306 archam
2097 276 2170 307 infe-

1424 328 1554 358 rentes.''
1877 329 1881 332 '

1447 378 1552 409 Desin.
1570 383 1587 392 ‘¹
1601 376 1704 407 oculos
1720 376 1815 407 habet
1827 376 1858 406 in
1871 377 2006 407 tenebris
2017 379 2169 418 apertosff*

1342 440 1367 468 4.
1386 437 1587 468 Narrationes
1613 435 1681 465 aliae
1711 434 1893 475 allegoricae,
1925 435 2032 466 ordine
2061 436 2166 477 alpha-

1403 489 1514 519 betico.
1538 487 1588 517 sol.
1606 496 1661 527 123
1674 486 1704 516 b.

1447 538 1543 579 Incip.
1576 539 1717 567 “Amor.
1753 537 1852 566 Amor
1878 541 2019 567 terrenus
2045 537 2170 569 inviscat

1425 589 1570 624 animam,
1593 599 1630 618 ne
1650 587 1747 628 possit
1770 588 1809 618 ad
1839 599 1972 629 superna
1991 588 2103 623 volare,
2119 590 2170 620 sed

1426 651 1513 670 amor
1529 639 1648 669 divinus
1664 638 1909 679 superveniens.”

1448 691 1551 721 Desin.
1584 689 1693 730 “lapis
1717 700 1809 730 super
1832 689 1923 720 ollam
1950 691 2039 720 cadet
2066 695 2097 721 et
2122 691 2172 721 illa

1426 743 1594 783 frangetur,
1638 741 1709 781 quia
1752 740 1863 781 impius
1904 752 1984 782 pena
2025 747 2172 782 perpetua

1427 792 1599 834 punietur.''

1343 882 1371 909 5.
1388 878 1592 909 Inhibitiones
1601 877 1641 907 ad
1652 877 1829 907 sacerdotes
1839 877 2029 917 parochiales
2040 877 2171 912 directae,

1407 940 1444 959 ex
1469 928 1603 958 conciliis
1625 927 1791 957 Oxoniensi
1817 926 2022 957 Londoniensi
2048 927 2173 968 aliisque

1407 980 1551 1010 collectae.
1575 979 1625 1008 fol.
1650 987 1713 1015 142.

1452 1031 1550 1072 Incip.
1570 1037 1586 1045 ‘¹
1600 1030 1650 1060 Ad
1667 1030 1813 1059 honorem
1829 1029 1953 1059 Domini
1967 1029 2063 1059 nostri
2080 1029 2174 1060 Jhesu

1430 1083 1555 1118 Christi,
1573 1087 1630 1112 etc.
1655 1081 1785 1111 firmiter
1808 1081 2012 1122 injungente&
2031 1085 2065 1111 ut
2088 1091 2174 1111 unus-

1431 1134 1556 1175 quisque
1580 1138 1686 1174 pastor
1708 1133 1880 1162 animarum
1901 1137 1933 1163 et
1952 1131 2094 1173 precipue
2113 1132 2175 1173 qui-

1431 1184 1505 1214 libet
1528 1183 1672 1213 sacerdos
1695 1182 1878 1223 parochialis
1901 1182 1979 1212 sciat
2000 1181 2176 1223 decalogum

1431 1241 1461 1266 vt
1478 1236 1582 1265 decem
1599 1234 1747 1265 mandata
1762 1233 1864 1274 legis*

1456 1287 1492 1316 In
1509 1286 1591 1316 calce
1607 1289 1782 1321 occurrunt,

1371 1349 1397 1368 a.
1416 1337 1585 1378 Catalogus
1606 1336 1762 1366 nominum
1782 1335 1938 1366 hominum
1959 1335 2081 1366 circiter
2102 1346 2177 1371 ccx„

1434 1399 1525 1428 quam
1540 1392 1645 1418 autem
1662 1387 1701 1417 ob
1718 1397 1842 1417 causam
1859 1386 2082 1427 exscriptorum
2098 1385 2177 1416 haud

1433 1439 1538 1480 liquet.
1562 1439 1612 1468 sol.
1630 1449 1684 1480 ¹43
1696 1439 1726 1469 b.

1372 1495 1399 1523 l›.
1420 1494 1641 1534 Fragmentum
1665 1492 1808 1533 anonymi
1828 1492 1987 1533 cujusdam
2009 1491 2077 1522 libri
2099 1502 2178 1521 com-

1435 1545 1640 1586 putationum.
1664 1544 1714 1574 fol.
1732 1554 1799 1580 144.

1373 1612 1396 1631 e.
1415 1600 1691 1640 Apophthegmata
1707 1598 1844 1629 moralia.
1868 1599 1918 1628 fol.
1935 1608 1994 1636 144
2006 1597 2035 1628 b.

1486 1651 1591 1681 Codici
1637 1650 1839 1691 praemittitur
1883 1649 1996 1679 notitia
2043 1659 2178 1689 sequens,

1461 1702 1583 1732 “Liber
1617 1701 1742 1742 Collegii
1773 1702 1803 1731 S.
1822 1700 1922 1731 Marie
1953 1698 2123 1740 Wyntonie
2151 1698 2180 1728 in

1458 1753 1579 1783 Oxonia
1609 1764 1646 1783 ex
1679 1753 1760 1782 dono
1790 1751 1971 1782 venerabilis
2000 1751 2031 1781 in
2060 1750 2181 1781 Christo

1458 1805 1555 1846 patris
1592 1810 1623 1835 et
1661 1804 1775 1835 domini
1813 1803 1927 1834 domini
1966 1802 2112 1833 willelmi
2143 1801 2179 1831 de

1458 1855 1644 1895 NVJ-kebam,
1688 1854 1821 1895 episcopi
1864 1852 2107 1894 XVyntoniensi&
2150 1858 2180 1882 et

1458 1906 1629 1936 fundatoris
1644 1905 1761 1946 collegii
1778 1904 1936 1946 predicti.''

1290 2034 1426 2084 ,HOdie
1471 2000 1951 2085 desideratursscdcihtinebat
1994 2047 2178 2082 secundum

1336 2110 1531 2155 catalogum
1553 2115 1705 2143 veterem
1721 2122 1729 2149 ;

1356 2181 1383 2209 1.
1402 2179 1564 2220 Expositio
1582 2179 1738 2220 Decalogi.

1355 2245 1382 2273 2.
1401 2244 1507 2274 Sermo
1540 2242 1760 2273 Lincolniensis
1790 2241 1933 2282 [Roberti
1961 2239 2119 2279 Grostete]
2147 2238 2183 2268 de

1419 2296 1524 2325 decem
1540 2294 1704 2325 mandatis.

1292 2274 1294 2287 l

1292 2291 1294 2306 l

1356 2360 1389 2388 3:
1402 2358 1431 2388 S.
1447 2358 1638 2398 Augustinus
1654 2357 1691 2387 de
1707 2357 1824 2387 iisdem.

1358 2420 1385 2448 4.
1405 2417 1542 2448 Homilia
1565 2418 1594 2447 in
1615 2417 1697 2453 illud,
1723 2417 1884 2448 ‘Christus
1907 2427 2015 2457 passus
2030 2419 2086 2447 est.
2103 2412 2184 2444 vobis

1420 2469 1593 2510 relinquens
1609 2468 1791 2509 exemplum,
1807 2471 1842 2498 ut
1857 2465 2044 2508 sequamini?

1358 2530 1387 2557 5.
1406 2528 1543 2558 Homilia
1573 2528 1602 2558 S.
1619 2528 1757 2558 Anselmi
1787 2538 1879 2568 super
1908 2527 1991 2561 illud,
2024 2523 2185 2555 ‘Introivit

1421 2579 1514 2609 Jesus
1530 2579 1560 2609 in
1577 2579 1732 2619 quoddam
1749 2579 1927 2609 castellum?

1360 2637 1387 2667 6.
1407 2638 1436 2667 S.
1450 2637 1605 2667 -Johannis
1632 2638 1843 2678 Chrysostomi
1874 2637 2018 2668 Homiliae
2044 2646 2134 2676 super
2156 2634 2185 2663 S.

1426 2689 1612 2719 Matthaeum
1629 2689 1657 2718 in
1675 2699 1766 2729 opere
1778 2689 1966 2730 imperfecto,
1981 2698 2048 2718 cum
2064 2694 2187 2716 nurnero

1425 2746 1456 2770 et
1481 2740 1586 2769 ordine
1610 2739 1803 2770 homiliarum
1830 2746 1862 2770 et
1887 2738 2072 2769 notabilibus
2095 2737 2123 2766 in
2146 2734 2188 2765 eis

1425 2791 1586 2821 contentis.
