2254 3117
714 161 949 197 COLLEGII
977 161 1290 197 ORIELENSIS.
1859 167 1896 198 2]

111 261 138 290 1.
155 259 306 291 Theorica
322 260 353 290 in
369 260 474 291 decem
490 260 585 290 libros
600 260 757 292 distincta.
780 260 831 290 fol.
847 270 872 290 1.

214 311 274 342 Tit.
299 316 316 328 ‘⁶
334 312 447 353 Incipit
474 312 626 342 'I'heoriea
654 311 807 352 Pantegni
837 310 921 340 edita
947 321 966 340 a

192 364 409 397 Constantino,
425 363 576 393 monacho
591 363 705 393 montis
721 361 965 393 Cassianonsis.”

215 414 310 455 Incip.
323 414 409 455 praef.
433 420 450 430 ‘⁸
463 414 594 444 Domino
619 425 673 444 suo
690 412 803 443 montis
824 412 965 443 Cassian-

193 465 285 502 ensis,
301 470 358 496 ete.
370 466 399 499 ;””
421 469 456 495 ut
476 465 506 495 in
523 464 597 495 edit.
613 464 753 506 impress.

215 516 399 547 I'raecedunt
414 527 527 551 versus,

87 574 104 583 *⁵
118 567 229 597 Omnia.
245 567 457 608 constringens
473 590 479 596 .
496 565 684 607 speculatrix
705 565 814 606 incipit
834 565 953 606 ingens,

119 618 181 647 Ars
197 628 251 658 per
266 628 358 658 quam
373 628 442 647 vere
459 641 465 647 .
482 617 581 646 valeas
597 616 754 656 operando
769 616 878 650 valere,

118 669 145 698 A
163 668 371 698 Constantino
388 691 395 697 .
411 667 504 697 verbo
520 666 673 697 translata
691 666 832 697 Latino.”

106 721 134 750 2,
153 720 308 755 practica,
325 719 411 749 libris
427 719 531 749 decem
547 718 776 759 comprehensa.
800 718 851 749 sol.
865 720 916 748 81.

211 771 272 801 Tit.
299 776 317 787 ⁴⁴
335 770 448 811 Incipit
469 770 603 800 secunda
627 780 699 810 pars
724 769 890 811 Pantegni,
907 781 965 810 que

191 823 304 853 dicitur
320 822 473 856 Praetica,
491 825 522 852 et
541 826 589 852 est
610 821 745 852 secunda
760 832 831 862 pars
846 821 912 861 ejus
928 821 965 851 de

190 873 351 904 universali
367 873 516 914 regimine
531 873 706 903 sanitatis.”

213 925 309 965 Incip.
326 925 403 966 prol.
423 930 440 941 ⁴⁴
454 924 606 964 Quoniam
627 924 657 954 in
677 924 777 965 prima
793 928 882 965 parte
897 924 965 954 libri

190 976 287 1006 nostri
304 976 465 1017 Pantegne
476 976 506 1012 ;”
530 981 565 1006 ut
581 976 612 1006 in
628 975 701 1006 edit.

212 1027 248 1057 In
265 1027 359 1063 calce,

86 1083 104 1095 ‘⁴
116 1078 199 1109 Laus
215 1078 271 1109 tibi
284 1079 325 1109 sit
338 1077 469 1114 Christe,
484 1078 629 1119 quoniam
646 1077 734 1108 labor
747 1077 874 1119 explicit
888 1077 946 1108 iste
958 1090 965 1113 3

117 1129 253 1170 Explicit
279 1130 424 1160 Praetica
447 1129 643 1160 Constantini
670 1153 675 1158 .
701 1129 771 1159 Deo
792 1130 912 1170 gracias
935 1133 966 1160 et

189 1181 296 1222 virgini
316 1180 448 1211 Marie.''

474 1249 572 1284 LVI.

85 1310 203 1344 Codex
222 1312 511 1352 membranaceus,
531 1312 566 1345 in
585 1312 666 1345 folio
685 1313 815 1357 majori,
835 1311 868 1345 ff.
885 1314 965 1349 205,

108 1379 174 1402 see.
193 1369 272 1409 xiV„
301 1369 389 1403 binis
415 1369 585 1403 columnis
611 1374 792 1409 exaratum
819 1370 853 1402 in
872 1369 965 1403 calce

111 1431 262 1460 truncus.

127 1487 302 1518 Innocentii
326 1499 415 1530 papae
439 1488 499 1519 IV.
523 1488 554 1518 in
577 1489 719 1530 Gregorii
736 1488 800 1518 IX.
818 1488 966 1519 Decreta-

147 1539 220 1569 lium
236 1540 330 1570 libros
347 1541 481 1581 quinque
497 1540 714 1571 commentarii.

188 1591 286 1632 Incip.
310 1596 327 1608 ‘⁶
345 1591 474 1632 Legitur
500 1592 530 1622 in
556 1591 727 1628 Ezecffiele,
748 1591 870 1622 Venter
894 1600 966 1622 tuus

169 1643 309 1673 comedet
320 1644 346 1679 3³³
368 1648 403 1674 ut
418 1643 450 1673 in
466 1643 556 1674 editt.
573 1643 711 1683 impress.

189 1693 284 1723 Defic.
302 1693 332 1723 in
348 1693 399 1724 lib.
414 1705 443 1724 v,
461 1693 571 1729 verbis,
588 1693 671 1723 haud
691 1693 781 1734 longe
801 1693 841 1723 ab
864 1693 964 1727 initio,

169 1749 186 1760 “
203 1744 357 1775 sufficeret
380 1744 407 1775 ei
430 1744 562 1786 probare
586 1744 632 1775 vel
660 1744 894 1785 promissionem
920 1745 966 1774 vel

164 1796 288 1837 juram'’

190 1847 228 1877 In
244 1858 297 1877 sex
313 1847 393 1877 foliis
409 1846 564 1888 prioribus
579 1847 736 1878 habentur
755 1848 857 1878 nescio
881 1847 966 1888 cujus

168 1898 379 1929 commentarii
401 1898 431 1928 in
454 1898 589 1940 Regulas
612 1899 709 1940 juris;
739 1899 828 1930 initio
853 1903 884 1929 et
907 1899 966 1928 fine

167 1951 278 1981 trunci,

190 2002 288 2043 Incip.
301 2001 331 2031 in
343 2001 455 2037 verbis,
473 2006 490 2018 “
502 2002 658 2032 racionem
674 2001 882 2042 specialetatis
898 2012 966 2042 pro-

169 2053 301 2083 babilem
317 2052 503 2093 assigna1·e.”

464 2141 584 2175 LVII.

88 2203 383 2243 Membranaceus,
412 2204 447 2237 in
474 2203 556 2236 folio
586 2202 717 2246 majori,
744 2201 874 2241 st1310‚
900 2214 965 2236 sec.

111 2263 190 2300 xiv„
208 2262 298 2295 binis
316 2261 484 2295 columnis
502 2266 674 2294 exaratus.

130 2322 156 2350 1.
174 2320 309 2351 Walteri
331 2321 454 2357 Burlaei,
472 2321 534 2351 sive
555 2320 677 2361 Burley,
695 2321 725 2349 in
747 2320 841 2350 libros
862 2321 966 2351 deceni

192 2372 375 2403 Ethicorum
388 2372 568 2403 Aristotelis
580 2372 804 2409 commentarii,
817 2383 885 2402 cum
898 2383 966 2413 pro-

191 2424 270 2464 logo.
294 2423 346 2453 fol.
364 2433 389 2453 1.

236 2473 368 2504 Initialis
383 2473 475 2504 litera
490 2474 592 2504 excisa
604 2478 670 2510 θεῖς
685 2474 776 2515 incip.
789 2474 865 2515 prol.
880 2480 897 2491 ‘⁵
912 2474 966 2505 Et·
997 2480 998 2488 ¹

214 2525 238 2555 si
255 2525 422 2555 multorum
435 2525 620 2565 scriptorum
638 2525 667 2554 in
684 2525 878 2566 philosophia
888 2526 917 2560 3³³
932 2531 967 2556 ut

215 2577 245 2606 in
261 2575 336 2606 edit.
462 2612 465 2615 Ι

237 2626 333 2667 Incip.
351 2637 437 2666 opus,
455 2630 474 2643 ⁴‘
491 2625 599 2656 Omnis
622 2637 692 2660 ars;
726 2630 784 2656 etc.
831 2626 968 2658 Scientia

214 2678 338 2708 moralis
355 2688 413 2718 que
429 2681 475 2707 est
492 2677 529 2707 de
544 2677 751 2707 aceionibus.”

237 2729 274 2760 In
291 2729 382 2765 calce,
400 2732 418 2744 “
432 2728 474 2758 Et
490 2728 517 2758 ei
538 2728 589 2769 qui
606 2728 692 2758 dedit
713 2728 883 2769 intelligere
906 2729 967 2759 sint

214 2780 317 2821 gracie
329 2779 473 2821 justicie;
499 2781 634 2810 Amen.”

1146 261 1324 301 Sequuntur
1351 271 1527 292 communes
1554 261 1780 302 propositiones
1810 261 1900 291 libro-

1125 322 1192 341 rum
1214 322 1248 342 10
1265 312 1456 342 Ethicorum.

1042 363 1069 391 2.
1087 362 1234 403 Ejusdem
1256 365 1495 395 commentarius
1510 364 1540 394 in
1558 364 1652 395 libros
1668 369 1737 395 octo
1756 364 1899 395 Politice-

1104 424 1181 450 rum,
1193 415 1307 445 tabulis
1319 416 1523 455 quaestionum
1538 416 1716 446 instructus.
1736 416 1786 446 fol.
1801 417 1858 445 208
1871 416 1900 444 b.

1148 465 1244 506 Iucip.
1275 472 1292 482 ⁴⁴
1319 466 1362 496 Ut
1393 467 1467 497 dicit
1498 467 1697 507 philosophus
1727 467 1898 497 ethicorum

996 519 997 534 ¹
1125 514 1244 554 quinto,
1260 516 1435 546 νοΐ-’1011111111
1451 521 1576 557 oportet
1592 517 1646 547 eis*

1148 565 1253 596 Dcsin.
1276 571 1294 583 ‘⁶
1313 567 1419 597 finitur
1441 568 1575 598 intencio
1603 569 1782 599 Aristotelis
1809 580 1901 609 super

1126 619 1226 645 totum
1244 617 1324 656 quod
1345 618 1530 648 translatum
1552 624 1598 650 est
1615 620 1652 650 de
1670 621 1769 650 Grcco
1792 621 1820 650 in
1843 620 1900 650 La-

1125 666 1224 696 tinum
1241 678 1332 708 super
1348 668 1458 699 librum
1478 670 1678 701 l'oliticorum
1695 676 1725 702 et
1739 672 1776 701 (10
1789 672 1898 712 quihus

1126 717 1212 748 dedit
1238 718 1408 760 intelligere
1440 719 1501 750 sint
1531 721 1633 760 gracie
1664 721 1798 757 infinit03
1835 721 1898 752 Deo

1125 769 1277 808 graoias.”

1392 845 1531 880 LVIII.

1021 908 1141 942 Codex
1155 908 1448 948 membranaceus,
1464 909 1498 941 in
1514 911 1584 948 ito,
1603 909 1637 942 ff.
1651 913 1731 948 201,
1751 922 1816 943 sec.
1829 923 1898 946 xv.:

1046 965 1126 999 olim
1144 966 1287 999 Antonii
1302 966 1381 1011 Tye,
1398 969 1439 999 21
1460 965 1554 1010 May,
1571 969 1673 1006 1584,
1689 975 1808 1012 postea
1822 969 1897 1001 coll.

1046 1023 1154 1057 Oriel.
1173 1035 1217 1057 ex
1236 1024 1327 1057 (10110
1345 1023 1467 1057 Jacobi
1490 1023 1621 1059 Moore,
1641 1026 1732 1058 socii.

1065 1084 1236 1115 Alexandri
1264 1084 1316 1124 [de
1338 1083 1447 1125 Hales]
1476 1085 1713 1115 commentarius
1735 1085 1764 1114 in
1782 1086 1900 1116 Aristo-

1085 1137 1155 1167 telis
1184 1136 1296 1166 librum
1320 1136 1452 1176 primum
1475 1140 1507 1166 ct
1534 1136 1701 1165 secundum
1728 1137 1765 1166 (le
1790 1137 1901 1171 anima,

1085 1199 1154 1218 cum
1170 1187 1297 1229 prologo
1313 1187 1353 1217 ad
1371 1186 1548 1227 Philippum
1566 1187 1603 1217 de
1621 1187 1780 1217 Melduno.

1130 1240 1226 1280 Incip.
1243 1243 1262 1256 “
1280 1238 1486 1279 Interrogasti
1503 1238 1580 1268 me.”

1128 1292 1244 1322 Exstat
1260 1291 1399 1332 impress.
1418 1291 1517 1320 Oxon.
1536 1291 1624 1327 1481.

1127 1341 1165 1372 In
1178 1342 1270 1378 calce,
1290 1346 1307 1358 “
1321 1341 1459 1382 Explicit
1475 1340 1740 1371 elucidantissima
1755 1341 1904 1381 expos-icio

1107 1393 1220 1435 egregii
1237 1393 1409 1423 Alexandri
1426 1403 1518 1433 super
1544 1393 1712 1422 secundum
1737 1392 1847 1422 librum
1868 1393 1905 1422 de

1105 1445 1218 1481 anima,
1241 1448 1273 1475 ct
1298 1444 1438 1485 sequitur
1460 1443 1640 1484 explanacio
1663 1444 1800 1484 ejusdem
1816 1455 1907 1484 super

1105 1496 1237 1526 tercium
1253 1496 1291 1526 de
1310 1495 1442 1526 animas*

1130 1547 1165 1577 In
1182 1547 1320 1587 margine
1336 1547 1471 1578 inferiori
1488 1547 1539 1577 sol.
1552 1557 1570 1588 3
1585 1546 1706 1587 legitur,
1721 1551 1738 1562 ‘²
1755 1546 1818 1576 Iste
1830 1545 1906 1575 liber

1106 1599 1245 1629 continet
1267 1598 1495 1639 exposicionem
1517 1597 1689 1628 Alexandri
1714 1608 1806 1637 super
1830 1597 1906 1626 duos

1106 1650 1200 1679 libros
1223 1650 1260 1679 de
1285 1649 1389 1680 anima
1413 1650 1506 1680 datus
1528 1649 1683 1679 communi
1708 1649 1848 1679 electioni
1872 1649 1905 1678 li—

1106 1701 1231 1731 brorum
1249 1700 1411 1731 scolarium
1435 1700 1553 1742 collegii
1579 1700 1659 1741 regis
1683 1700 1782 1730 Oxon.
1804 1699 1904 1729 vocati

1107 1752 1211 1792 Oryell
1242 1762 1296 1792 per
1330 1752 1514 1793 magistrum
1544 1751 1698 1781 Jaeobum
1727 1750 1837 1780 Moore
1867 1751 1904 1780 dc

1108 1804 1258 1834 Newland
1284 1803 1313 1833 in
1335 1804 1452 1835 foresta
1476 1804 1514 1834 de
1534 1804 1653 1840 Deane,
1676 1808 1750 1833 tunc
1776 1802 1903 1843 predicti

1107 1855 1225 1896 collegii
1241 1855 1388 1885 socium.'⁷

998 1981 999 1986 1
1416 1936 1515 1969 LIX.

998 2003 999 2006 ’
1023 1999 1321 2038 Membranaeeus,
1352 1998 1387 2031 in
1411 1998 1494 2031 folio
1522 1999 1653 2042 majori,
1678 1998 1711 2031 ff.
1731 2000 1810 2035 223,
1836 2008 1901 2030 sec.

1047 2058 1125 2096 xiv„
1145 2057 1233 2090 binis
1251 2056 1419 2090 columnis
1438 2061 1609 2090 exaratus.

1065 2119 1094 2146 1.
1113 2116 1245 2147 Azzonis
1266 2116 1470 2146 Bononiensis
1495 2127 1615 2146 summa
1631 2115 1751 2146 Codicis
1773 2114 1900 2144 Justini-

1130 2168 1180 2198 ani
1197 2167 1400 2208 Imperatoris
1415 2167 1563 2198 librorum
1581 2177 1698 2197 novem.
1724 2166 1773 2195 sol.
1791 2175 1815 2195 1.

1171 2219 1232 2250 Tit.
1248 2223 1267 2236 “
1281 2219 1396 2260 Incipit
1415 2219 1585 2260 proemium
1608 2219 1646 2249 ad
1671 2218 1827 2248 Summam
1844 2218 1899 2247 Co-

1150 2271 1225 2301 dicis
1241 2281 1296 2311 per
1311 2270 1469 2300 dominum
1487 2271 1542 2300 Az.
1556 2268 1782 2310 compilatumf*

1172 2322 1268 2362 Incip.
1288 2327 1305 2338 ‘⁸
1318 2322 1395 2352 Cum
1412 2326 1483 2363 post
1499 2320 1734 2351 invencionem.”

1172 2374 1268 2414 Incip.
1285 2373 1336 2403 lib.
1360 2377 1380 2391 ‘⁶
1399 2373 1511 2414 Incipit
1532 2371 1662 2402 materia
1682 2370 1721 2400 ad
1746 2368 1897 2399 Codicem-

1151 2423 1243 2454 Liber
1259 2424 1317 2454 iste
1332 2423 1458 2453 codex.qs

1171 2474 1209 2505 In
1228 2474 1321 2511 calce,
1340 2479 1357 2491 ⁴²
1370 2473 1505 2516 Explicit
1524 2483 1642 2503 summa
1657 2470 1768 2501 codicis
1783 2469 1896 2498 domini

1192 2524 1325 2559 Azonis3
1347 2523 1479 2554 Amen.”

1064 2576 1091 2605 Q.
1118 2576 1265 2616 Ejusdem
1296 2574 1429 2604 Azzonis
1463 2571 1697 2603 Institutionum
1727 2569 1896 2599 Justiniani

1127 2627 1274 2657 librorum
1290 2626 1321 2656 iv
1338 2626 1472 2659 Summa,
1491 2633 1558 2653 cum
1579 2621 1733 2662 prooemio.
1757 2620 1807 2650 fol.
1828 2621 1895 2649 168.

1170 2677 1232 2708 Tit.
1249 2682 1267 2694 ‘⁶
1282 2676 1395 2717 Incipit
1411 2673 1578 2715 proemium
1602 2673 1641 2702 ad
1665 2672 1822 2702 Summam
1850 2671 1898 2700 In-

1149 2728 1346 2759 stitutionum
1362 2738 1381 2757 a
1397 2725 1519 2756 domino
1536 2724 1641 2753 Azone
1660 2722 1896 2763 compositum.‘'

1171 2780 1267 2820 Incip.
1286 2783 1303 2795 ‘⁵
1317 2777 1409 2816 Quasi
1426 2775 1517 2806 modo
1532 2774 1627 2815 geniti
1644 2773 1757 2814 pueri.”
