2254 3117
617 171 856 208 COLLEGII
884 171 1260 206 MERTONENSIS.
1798 173 1837 203 11

150 277 212 308 Tit.
238 283 255 294 *⁵
273 275 388 317 Incipit
410 275 487 305 liber
512 272 597 304 beati
618 271 772 303 Jeronimi
797 274 908 301 contra
958 268 1008 299 16.
1025 269 1056 299 S.
1071 269 1285 310 Chrysostomi
1302 279 1459 299 sermones
1476 271 1620 309 quatuor,
1634 267 1764 305 scilicet,

128 329 149 359 J
153 327 358 359 ovinianumff’

151 380 289 410 Exstant
304 379 444 420 impress.
461 376 543 407 inter
558 386 661 416 opera,
679 374 755 405 edit.
770 373 906 404 Vallars.

130 435 205 462 tom.
220 431 250 461 ii.
266 430 323 461 eol.
339 438 408 471 237.

46 491 74 520 2.
100 489 131 520 S.
150 488 319 530 Augustini
346 488 384 518 de
410 485 550 528 symbolo
577 495 736 515 sermones
764 487 907 524 quat-uer.

117 540 168 571 sol.
188 542 221 570 16
237 540 264 570 b.

152 592 289 623 Exstant
305 591 387 620 inter
402 599 507 630 opera,
525 592 602 618 tom.
617 586 678 617 viii.
695 586 779 628 App.
797 586 853 617 eol.
866 585 896 616 ii.

46 653 74 682 3.
91 651 241 692 Ejusdem
258 660 359 680 sermo
376 648 414 678 de
430 647 562 678 Cantieo
578 657 667 677 novo.
691 646 742 677 fol.
758 648 808 677 26.

154 701 249 742 Incip.
268 705 285 718 ‘²
300 699 408 731 Omnis
424 699 476 740 qui
492 698 711 740 baptisn1u111.”

46 763 74 792 4.
92 761 241 802 Ejusdem
263 760 300 790 dc
324 759 440 800 nuptiis
461 762 493 789 et
515 757 766 800 concupiscentia
788 757 828 788 ad
844 756 910 787 Va-

109 813 218 844 lerium
234 811 303 842 libri
320 812 390 841 (luo.
415 810 466 841 fol.
482 820 517 850 27
530 811 561 841 b.

153 864 231 894 Ibid.
247 867 322 894 tom.
338 874 366 893 x.
384 866 465 904 part.
480 862 498 892 i.
516 862 572 893 eol.
590 870 660 902 277.

46 926 76 954 5.
94 923 243 964 Ejusdem
260 922 298 952 de
314 920 501 962 poenitentia
517 919 648 950 libellus.
672 918 723 949 fol.
737 912 788 960 36.

154 973 232 1004 Ibid.
250 978 326 1004 tom.
342 983 368 1003 v.
387 971 443 1002 col.
461 982 549 1013 1350.

47 1035 76 1066 6.
94 1035 243 1076 Ejusdem
260 1043 361 1064 sermo
378 1032 415 1063 de
431 1031 620 1074 pastoribus.
645 1030 697 1061 fol.
710 1040 760 1071 39.

155 1085 234 1116 Ibid.
251 1089 328 1116 tom.
341 1095 370 1115 v.
387 1083 445 1114 col.
465 1093 533 1124 225.

49 1148 75 1179 7.
94 1146 244 1187 Ejusdem
260 1155 361 1175 sermo
377 1144 415 1174 de
432 1143 549 1174 ovibus.
580 1142 630 1173 fol.
644 1152 684 1181 42
698 1142 727 1172 b.

155 1197 234 1228 Ibid.
250 1202 326 1227 tom.
339 1207 365 1226 v.
384 1195 439 1226 col.
460 1195 530 1234 248.

47 1258 76 1287 8.
93 1256 243 1297 Ejusdem
264 1256 302 1285 de
325 1254 482 1295 baptismo
505 1258 617 1284 contra
634 1251 821 1283 Donatistas
844 1250 914 1281 libri

110 1313 239 1349 septem.
263 1306 378 1345 fol.46.

154 1358 235 1389 Ibid.
252 1362 327 1389 tom.
342 1358 384 1388 ix.
403 1356 459 1387 col.
477 1365 526 1396 79.

49 1421 77 1454 9.
94 1418 243 1460 Ejusdem
265 1418 303 1448 de
326 1417 483 1458 baptismo
506 1415 708 1458 parvulorum
723 1414 764 1445 ad
781 1413 915 1445 Mareel-

110 1471 206 1501 linum
221 1470 290 1500 libri
307 1474 380 1500 tres.
406 1468 457 1500 fol.
474 1469 513 1499 66
527 1468 556 1499 b.

154 1522 234 1552 Ibid.
253 1526 329 1552 tom.
344 1532 373 1551 x.
391 1527 472 1562 part.
487 1520 506 1550 i.
524 1519 581 1550 eol.
596 1529 622 1549 1.

30 1593 79 1623 10.
97 1591 246 1633 Ejusdem
263 1595 373 1622 eontra
389 1589 597 1620 Academicos
613 1587 683 1618 libri
703 1591 778 1618 tres.
802 1587 822 1617 f.
837 1587 874 1627 78
886 1585 916 1616 b.

156 1642 236 1673 Ibid.
256 1646 332 1673 tom.
345 1642 364 1672 i.
381 1641 437 1672 eol.
454 1650 524 1681 250.

156 1693 193 1723 In
210 1693 305 1730 calce,
322 1693 430 1723 Sermo
446 1691 584 1733 ejusdem
600 1691 638 1721 de
661 1689 813 1732 symbolo,
825 1688 916 1730 incip.

115 1752 132 1763 ‘⁵
147 1745 347 1777 Sacrosaneti
363 1744 523 1775 misterii.”

31 1812 80 1846 1'1.
98 1815 247 1855 Ejusdem
279 1819 390 1844 contra
420 1811 585 1854 epistolam
616 1809 818 1840 Parmeniani
848 1808 918 1839 libri

114 1871 186 1896 tres.
211 1865 262 1895 fol.
279 1866 328 1895 88.

159 1916 239 1946 Ibid.
256 1920 331 1946 tom.
346 1915 386 1946 ix.
404 1914 459 1946 eol.
477 1924 523 1944 11.

33 1987 82 2017 12.
100 1985 251 2027 Ejusdem
266 1995 368 2016 sermo
386 1984 424 2015 (le
439 1983 579 2015 utilitate
596 1982 805 2013 Psalmorum.
833 1981 852 2011 f.
869 1991 918 2022 99.

160 2036 261 2078 Incip.
278 2040 299 2054 *ὅ
313 2036 414 2076 Quam
430 2035 565 2077 gratasit
580 2038 612 2065 et
627 2032 863 2075 acceptabilis.”

35 2106 83 2136 13.
101 2104 209 2136 Sermo
226 2104 257 2134 S.
269 2103 376 2134 Basilii
393 2104 431 2134 de
448 2114 495 2140 eo,
513 2102 674 2133 ‘Attende
696 2102 753 2133 tibi
778 2113 816 2132 ne
839 2101 920 2132 forte

117 2156 174 2186 fiat
190 2155 221 2186 in
237 2155 330 2186 corde
345 2159 400 2186 tuo
417 2165 519 2185 sermo
535 2154 684 2184 occultus.
709 2153 759 2183 fol.
776 2163 845 2184 100.

161 2207 258 2248 Incip.
288 2212 306 2223 ‘⁵
323 2206 482 2237 Sermonis
508 2216 601 2236 usum
629 2205 715 2235 Deus
742 2204 842 2241 nobis,
870 2204 921 2245 qui

141 2270 196 2289 nos
212 2258 358 2289 creavit.”

38 2328 87 2357 14.
104 2327 158 2358 SS.
176 2326 354 2368 Augustini,
372 2330 404 2357 et
433 2324 618 2366 Hieronymi
647 2323 786 2366 epistolae
816 2324 922 2355 decem
951 2316 953 2322 Ι

122 2383 248 2410 mutuae.
272 2378 323 2409 fol.
339 2388 393 2408 101
407 2378 438 2408 b.

144 2481 322 2517 servaverit«,
354 2486 413 2511 ete.
452 2480 483 2510 in
521 2479 596 2511 edit.
628 2479 680 2509 cit.
718 2482 795 2510 tom.
823 2479 843 2508 i.
875 2489 922 2520 ep.

145 2533 259 2576 cxxxii.

43 2602 90 2632 15.
108 2601 138 2632 S.
152 2600 323 2642 Augustini
347 2610 504 2630 sermones
522 2598 629 2639 viginti
646 2602 729 2634 octo,
745 2597 783 2628 (le
803 2597 923 2628 excidio

125 2652 222 2689 urbis,
245 2652 277 2682 S.
297 2650 473 2687 Vincentio,
499 2649 590 2687 Fide,
612 2649 760 2680 Adventu
786 2649 922 2686 Domini,

125 2709 184 2735 etc.
209 2703 261 2734 fol.
278 2712 346 2733 111.

177 2755 273 2796 Incip.
298 2754 315 2785 i.
349 2760 368 2769 “
386 2753 569 2785 Intueamur
599 2753 731 2794 primam
760 2752 925 2783 lectionem

148 2807 180 2837 S.
194 2805 362 2837 Dauielis.”

1000 339 1028 358 a.
1047 328 1140 361 Quod
1164 339 1254 359 1101110
1277 328 1400 359 laeditur
1421 328 1478 358 nisi
1501 339 1520 359 a
1544 327 1652 369 seipso⁷
1670 327 1842 369 interprete

1065 379 1169 410 forsan
1187 379 1353 409 Ambrosio
1370 379 1609 410 Camaldulensi.
1635 378 1686 410 fol.
1702 380 1759 410 126
1773 379 1802 410 b.

1089 434 1185 476 Incip.
1204 439 1222 452 “
1238 435 1308 465 Seio
1325 435 1406 476 quod
1423 435 1657 466 crassioribus.'’

1002 498 1030 528 b.
1048 498 1126 529 Cum
1143 499 1181 528 (10
1196 499 1262 539 ejus
1279 499 1457 540 expulsione
1474 504 1630 541 ageretur.
1654 500 1706 530 fol.
1722 510 1789 541 130.

1090 553 1187 594 Ineip.
1207 558 1224 570 “
1238 554 1334 584 Multi
1351 554 1475 595 quidem
1491 554 1637 585 fluetus.''

1003 628 1027 647 c.
1047 616 1124 647 Post
1143 616 1225 646 exilii
1243 616 1354 656 prioris
1370 617 1514 648 reditum.
1539 617 1589 647 fol.
1605 627 1662 659 ¹30
1675 618 1704 647 b.

1090 670 1186 712 Incip.
1205 675 1222 687 ‘*
1236 671 1317 710 Quid
1333 671 1445 708 (licam,
1462 672 1535 712 quid
1551 672 1688 713 loqutus*

1004 735 1033 766 d.
1052 735 1184 775 Quando
1209 735 1248 765 de
1269 734 1349 765 Asia
1371 746 1529 775 regressus
1552 739 1600 767 est
1625 736 1845 768 Constantino-

1069 786 1174 827 polim.
1199 785 1250 816 fol.
1270 796 1335 827 131.

1094 843 1190 884 Incip.
1208 846 1226 859 ‘⁴
1239 843 1366 883 Moyses
1382 853 1513 883 maguus
1530 843 1579 873 ’1110
1596 843 1685 874 Deis*

964 908 1015 939 17.
1032 907 1062 937 S.
1078 906 1262 947 Hieronymi
1275 906 1353 936 liber
1365 906 1403 936 de
1415 906 1676 946 interpretatione
1688 908 1846 938 nominum

1050 957 1291 994 Hebraicorum,
1307 968 1377 987 eum
1394 957 1532 998 prologo.
1556 958 1608 987 fol.
1627 968 1679 999 131
1697 959 1726 988 b.

1093 1013 1182 1044 Inter
1199 1023 1305 1055 opera,
1321 1017 1396 1044 tom.
1410 1012 1452 1044 iii.
1471 1013 1527 1043 eol.
1546 1023 1570 1043 1.

965 1077 1015 1107 18.
1034 1076 1185 1118 Ejusdem
1202 1076 1352 1118 Epistolae
1368 1077 1408 1107 ad
1425 1077 1563 1107 diversos
1582 1088 1709 1107 1111111010
1726 1082 1848 1108 centum

1050 1138 1169 1158 novem.
1193 1127 1244 1157 fol.
1261 1127 1330 1168 138.

1094 1182 1157 1213 Tit.
1175 1182 1192 1212 i.
1216 1186 1234 1199 ‘⁶
1248 1182 1394 1223 Epistola
1417 1181 1565 1212 leronimi
1588 1182 1790 1213 Pammachio
1813 1183 1850 1212 de

1072 1234 1191 1275 optimo
1207 1245 1321 1276 genere
1337 1233 1596 1274 iute1·pretandi‚”
1612 1238 1643 1264 et
1666 1238 1714 1264 est
1730 1233 1760 1263 in
1777 1233 1850 1264 edit.

1074 1285 1209 1316 Vallars.
1228 1290 1303 1316 tom.
1318 1285 1336 1316 i.
1353 1296 1401 1326 ep.
1415 1285 1477 1315 lvii.

1094 1341 1163 1373 Ult.
1189 1341 1368 1372 inscribitur
1392 1341 1433 1372 ad
1458 1341 1590 1371 eundem
1617 1340 1852 1371 Pammachium

1076 1398 1093 1410 ⁴*
1110 1393 1149 1423 de
1173 1397 1275 1423 morte
1299 1392 1483 1426 Pauli11ae;”
1506 1391 1537 1422 in
1561 1391 1636 1422 edit.
1662 1391 1714 1422 cit.
1740 1395 1816 1422 tom.
1833 1391 1851 1421 i.

1073 1455 1121 1486 ep.
1138 1443 1212 1474 lxvi.

1096 1499 1237 1530 Insertus
1253 1503 1301 1530 est
1317 1499 1357 1529 ad
1370 1498 1421 1529 fol.
1438 1499 1495 1529 182
1510 1498 1541 1535 b,
1555 1504 1572 1514 “
1587 1497 1695 1528 Sermo
1708 1497 1854 1528 leronimi

1075 1551 1113 1581 de
1136 1550 1349 1592 assumptione
1372 1550 1486 1581 Sancte
1503 1548 1606 1580 Marie
1631 1549 1727 1579 sacris
1750 1559 1854 1579 eonse-

1076 1606 1181 1633 cratus
1209 1601 1380 1644 virginibus
1392 1601 1420 1637 ;”
1445 1601 1538 1642 incip.
1564 1600 1856 1641 “Quotiescumque

1076 1653 1308 1684 (lilectissime.”

970 1719 1019 1752 19.
1037 1718 1180 1758 Origenis
1208 1717 1373 1748 Sermones
1399 1717 1461 1748 duo
1487 1717 1526 1747 (10
1555 1716 1687 1748 Cantico
1711 1715 1855 1747 Cantico-

1055 1780 1124 1799 rum
1154 1780 1174 1800 a
1204 1769 1237 1799 S.
1254 1769 1451 1810 Hieronymo
1480 1768 1591 1799 Latine
1620 1768 1709 1804 versi,
1742 1767 1856 1809 praevia

1056 1820 1246 1851 traductoris
1260 1820 1453 1861 praefatione.
1477 1819 1529 1850 fol.
1545 1829 1580 1860 23
1584 1829 1614 1860 5.

1086 1875 1174 1906 Inter
1190 1875 1222 1906 S.
1238 1875 1422 1916 Hieronymi
1442 1886 1547 1916 opera,
1562 1879 1639 1906 tom.
1653 1874 1693 1905 iii.
1711 1874 1768 1905 eol.
1783 1884 1854 1915 499.

971 1941 1022 1971 20.
1041 1940 1072 1971 S.
1087 1939 1257 1981 Augustini
1273 1939 1314 1970 ad
1327 1940 1562 1981 Simplicianum
1578 1938 1647 1969 libri
1660 1939 1730 1975 duo,
1744 1937 1857 1980 praevia

1058 1991 1199 2033 epistola.
1223 1991 1273 2022 sol.
1290 2002 1360 2032 239.

1100 2046 1217 2077 Exstat
1232 2046 1316 2077 iuter
1332 2058 1438 2086 opera,
1455 2052 1528 2077 tom.
1543 2046 1581 2077 vi.
1595 2046 1651 2077 eol.
1665 2046 1715 2076 SI.

950 2153 952 2166 Ι
972 2111 1023 2142 21.
1041 2111 1190 2152 Ejusdem
1206 2111 1326 2141 libellus
1343 2114 1453 2141 eontra
1469 2110 1611 2141 Judaeos.
1636 2109 1687 2140 fol.
1703 2111 1772 2147 246.

1060 2163 1140 2193 Ibid.
1158 2167 1236 2193 tom.
1248 2162 1308 2193 viii.
1326 2163 1382 2193 eol.
1399 2172 1446 2203 29.

973 2228 1024 2258 22.
1042 2227 1191 2269 Ejusdem
1214 2227 1255 2257 ad
1279 2227 1424 2257 Orosium
1449 2226 1486 2256 de
1504 2223 1714 2255 Priscianistis
1737 2226 1767 2252 et
1789 2221 1856 2252 Ori-

1058 2278 1145 2320 genis
1161 2289 1275 2308 errore.
1301 2277 1351 2308 fol.
1367 2286 1424 2318 247
1438 2277 1467 2307 b.

1103 2333 1182 2363 Ibid.
1199 2337 1275 2364 tom.
1288 2333 1349 2363 viii.
1367 2333 1510 2363 001.611.

211 2431 217 2437 .
368 2429 374 2435 .
425 2429 430 2435 .
587 2427 593 2434 .
952 2397 1192 2438 ,23.Ε]118(10111
1229 2400 1340 2428 contra
1374 2396 1511 2426 Felicem
1543 2393 1751 2425 Manichaeum
1785 2389 1856 2419 libri

165 2431 272 2461 Prima
295 2434 343 2460 est
367 2441 398 2460 111
423 2428 518 2465 lstud,
536 2428 595 2467 Qiu
620 2431 722 2458 totam
747 2427 845 2469 legem
871 2427 923 2457 ob-
952 2446 954 2466 5

1060 2449 1131 2479 du0.
1156 2448 1206 2479 fol.
1224 2458 1294 2488 249.

1103 2504 1182 2534 Ibid.
1200 2507 1275 2534 tom.
1287 2503 1348 2534 viii.
1366 2503 1422 2533 col.
1438 2511 1508 2541 471.

975 2568 1025 2597 24.
1044 2567 1193 2608 Ejusdem
1218 2570 1328 2597 eontra
1353 2565 1514 2605 Pelagium
1539 2566 1570 2593 et
1595 2559 1793 2591 Caelestinum
1818 2558 1855 2587 de

1059 2619 1163 2660 gratia
1178 2623 1209 2649 et
1226 2621 1354 2660 peceato
1370 2615 1512 2657 originali
1529 2613 1596 2644 libri
1614 2612 1683 2642 (1110.
1707 2610 1757 2640 fol.
1773 2618 1843 2651 254.

1105 2674 1184 2705 Ibid.
1203 2678 1277 2705 tom.
1294 2685 1323 2704 x.
1340 2676 1421 2713 part.
1434 2672 1453 2702 i.
1472 2670 1527 2701 001.
1543 2679 1613 2709 229.

976 2741 1026 2770 25.
1043 2739 1192 2780 Ejusdem
1210 2738 1460 2769 Annotationum
1478 2735 1554 2765 liber
1569 2734 1598 2764 111
1615 2732 1688 2763 Job.
1719 2731 1739 2763 f.
1756 2732 1811 2762 261
1827 2731 1855 2762 b.

1063 2794 1144 2824 Ibid.
1162 2798 1238 2824 toni.
1253 2793 1293 2823 iii.
1311 2795 1393 2834 part.
1407 2791 1436 2822 ii.
1453 2790 1508 2821 eol.
1523 2790 1593 2829 625.

1158 2857 1178 2880 0
1197 2849 1218 2880 2
