2254 3117
799 168 1035 203 COLLEGII
1067 170 1206 206 Novi.
1866 177 1910 207 45

246 265 308 296 Tit.
332 270 350 280 ⁴¹
364 264 425 296 Hie
441 265 592 306 incipiunt
609 265 739 306 epistole
758 266 844 296 Petri
858 266 980 297 Blcscn-

223 315 276 352 sis,
295 316 515 347 Bathoniensis
530 316 769 347 archidiaconis*

248 368 403 409 Inscripta
433 372 481 399 est
508 368 617 409 prima,
646 368 784 398 Hom-ico
811 368 888 408 Regi
915 370 979 398 An-
1010 366 1011 369 ¹

223 418 303 460 gliae,
321 423 352 449 et
368 422 473 450 exstat
489 419 628 461 impress.
642 419 672 449 in
685 419 758 450 edit.
774 419 873 450 Paris.
890 421 979 460 1667,

223 480 253 510 p.
272 479 296 500 1.

246 520 396 561 Epistolae
413 521 548 561 quinque
560 521 747 562 posteriores
760 521 885 552 ineditae
898 527 980 559 sunt,

223 577 255 603 et
269 572 371 613 quoad
388 573 527 603 ordinem
544 578 575 604 et
591 573 680 604 initia
696 573 894 604 consentiunt
911 585 979 604 cum

223 622 291 653 istis
321 622 352 652 in
382 623 449 653 eod.
478 623 629 654 Arunclel.
658 633 727 663 227,
759 624 816 654 sub
846 625 980 655 numeris

227 674 342 713 178—1
353 674 369 703 8
376 683 392 704 2
409 674 598 705 memoratis.

246 726 284 755 Iu
315 725 408 762 ealce,
442 725 547 756 “Deo
581 726 712 767 gracias,
744 727 827 767 quod
860 726 979 757 Willel-

223 788 291 807 mus
307 776 512 818 Senglet‹)n;”
535 777 646 807 deinde
668 777 850 808 charactere
873 778 979 815 rubeo,

223 834 242 843 ¹‘
260 828 393 869 scriptus
426 828 457 858 in
487 839 566 859 novo
603 829 732 870 collegio
766 829 918 871 lVyntou.
950 830 980 860 in

223 878 325 908 Oxou.
342 878 382 908 ab
401 878 454 908 W.
473 879 638 909 PersSO11.”

245 929 283 959 In
314 929 364 959 fol.
392 939 407 960 2
438 941 538 967 verso,
570 930 696 961 “Liber
732 930 851 972 collegii
890 932 981 963 beate

224 980 326 1011 Marie
358 981 596 1022 XVyntoniensis
633 982 664 1012 in
695 982 795 1013 Oxou.
827 995 865 1013 ex
899 984 981 1014 dono

224 1032 373 1062 willelmi
398 1032 525 1070 Person,
549 1033 589 1064 ad
613 1045 702 1064 usum
724 1034 814 1064 unius
833 1035 980 1066 baeularii

221 1083 273 1124 qui
290 1083 521 1121 determinavit,
538 1084 616 1115 etc.''

431 1191 647 1225 CXXVIII.

97 1252 215 1285 Codex
234 1252 529 1292 membranaceus,
544 1253 580 1286 in
598 1253 680 1287 folio
699 1255 833 1295 minori,
850 1254 883 1288 ff.
897 1258 979 1295 207,

121 1321 185 1343 sec.
205 1321 272 1349 xv„
298 1311 407 1344 nitide
429 1316 614 1352 exaratus3
644 1312 725 1346 olim
747 1313 885 1347 Rieardi
906 1313 981 1347 Au-

120 1369 221 1407 drew,
241 1368 361 1402 decani
378 1369 604 1404 Eboraceusis
623 1376 658 1404 et
676 1376 780 1405 antea
798 1371 875 1406 coll.
890 1372 979 1405 Nov.

121 1427 213 1460 socii.

139 1495 257 1526 Nicolai
279 1495 317 1526 de
337 1495 535 1537 Clamengiis,
551 1496 613 1527 sive
629 1495 825 1538 Clemaugiis,
843 1497 981 1528 canonici

160 1547 348 1583 Baioeensis,
363 1547 503 1589 epistolae
527 1548 737 1589 quadraginta
753 1560 805 1579 sex
822 1549 862 1579 ad
883 1548 981 1579 diver-

159 1609 218 1629 sos.
240 1598 291 1628 fol.
308 1608 333 1628 2.

202 1651 263 1681 Tit.
281 1651 300 1681 i.
326 1650 515 1692 “Incipiunt
539 1651 669 1692 epistole
689 1651 830 1682 Nieholai
851 1652 889 1682 dc
913 1652 980 1683 Cla-

179 1702 318 1743 nauigiis,
335 1702 473 1732 cantoris
491 1702 680 1733 Baiocensis.
729 1703 835 1733 Prima
857 1703 896 1733 ad
918 1703 980 1733 Ka-

178 1754 278 1783 rolum
290 1758 422 1791 sextum7
434 1764 538 1795 regem
550 1753 753 1791 Francorum,
765 1755 981 1786 exhortatoria

179 1805 219 1834 ad
241 1804 379 1835 laborem
395 1815 451 1846 pro
468 1816 544 1846 paee
565 1810 597 1836 et
613 1806 735 1837 unitate
755 1811 862 1838 sancte
884 1807 978 1837 ecclc-

180 1855 232 1890 sie,
246 1866 332 1886 more
349 1867 475 1886 suorum
492 1857 756 1897 predecessorum,
770 1858 964 1899 suscipienda
973 1871 980 1894 ;

179 1916 238 1947 que
262 1906 379 1947 scripta
409 1906 468 1937 fuit
491 1906 613 1937 vivente
637 1907 739 1937 adhue
765 1907 890 1937 domino
915 1907 980 1939 Cle-

178 1960 282 1987 mente
298 1957 460 1998 septimos*

201 2007 351 2045 Exstant,
383 2012 519 2049 quatuor
548 2009 695 2050 exceptis,
726 2009 866 2051 impress.
900 2010 981 2040 inter

180 2070 284 2100 opera,
304 2060 403 2102 Lugd.
417 2060 489 2092 Bat.
508 2062 598 2102 1613,
615 2066 698 2102 part.
712 2061 743 2092 ii.
759 2073 789 2103 p.
806 2071 830 2091 1.

202 2110 363 2152 Epistolae,
377 2123 445 2153 quae
462 2112 544 2144 inter
556 2113 657 2144 editas
673 2113 755 2143 haud
772 2112 978 2147 inveniuntur,

179 2166 261 2198 sunt,

137 2225 165 2244 a.
184 2214 236 2244 Ad
256 2215 387 2245 eundem
398 2228 406 2252 ς
431 2216 494 2247 scil.
510 2215 533 2246 J
536 2215 690 2247 ohannem
707 2216 744 2246 de
762 2215 978 2246 Monsterolio.

201 2265 252 2296 fol.
265 2277 307 2306 44
320 2267 348 2296 b.

244 2317 342 2358 Ineip.
374 2318 495 2349 “Sicut
522 2318 645 2349 brevem
669 2317 833 2358 epistolam
857 2317 978 2351 misisti,
1009 2316 1011 2366 Ξ

221 2368 267 2399 ita
283 2368 406 2399 brevem
423 2369 551 2399 refero?

136 2427 163 2457 b.
180 2427 233 2458 Ad
249 2427 448 2459 Gontherum
464 2428 550 2461 Colli.
569 2428 688 2470 regium
705 2427 923 2462 Secretarium,
941 2428 980 2458 de

202 2480 336 2520 quodam
351 2479 454 2511 libello
470 2480 527 2511 sibi
544 2490 599 2521 per
615 2490 684 2509 eum
701 2479 804 2509 misso.
828 2479 879 2509 fol.
895 2479 977 2521 451).

246 2531 345 2572 Ineip.
370 2531 521 2562 “Retulit
545 2531 637 2561 miehi
663 2530 725 2560 tuis
751 2536 785 2560 ut
809 2530 914 2560 aiebat
941 2541 978 2560 ex

223 2583 352 2614 verbis.''

140 2648 165 2667 e.
184 2638 235 2668 Ad
268 2638 399 2669 eundem
437 2638 596 2668 excusatio
634 2636 781 2668 tardioris
818 2636 978 2677 scripturae

204 2693 332 2730 propter
354 2689 418 2720 litis
437 2689 671 2730 occupationem
693 2693 725 2718 et
742 2687 979 2724 commissarios,

204 2744 236 2771 et
266 2740 304 2770 de
334 2740 470 2771 versutia
499 2745 531 2771 et
560 2739 726 2780 iniquitate
757 2739 978 2769 advocatorum

204 2791 350 2822 adversus
366 2802 407 2822 se.
431 2791 545 2829 f01.46.

1183 271 1278 312 Iueip.
1307 278 1323 286 ‘·
1341 271 1498 302 Diuturua
1522 271 1584 303 tuis
1604 283 1623 303 a
1644 272 1808 314 penatibus
1832 273 1911 313 lega-

1159 321 1254 352 cionis
1270 322 1500 361 iuiposieioue.'’

1071 376 1100 406 d.
1118 377 1170 407 Ad
1186 378 1316 407 eundem
1330 377 1367 407 dc
1384 377 1596 418 frequentibus
1612 378 1669 408 sibi
1686 378 1786 408 missis
1802 378 1910 408 literis.

1139 432 1171 458 et
1184 429 1342 458 excusatio
1359 429 1464 459 inculti
1481 429 1552 459 stili.
1579 429 1628 459 fol.
1642 430 1692 468 46.

1184 479 1279 520 Incip.
1311 486 1326 494 ‘⁸
1341 479 1425 514 Jam,
1452 484 1486 509 ut
1510 480 1658 516 arbitror,
1683 480 1843 510 Gonthere
1871 480 1910 509 iui

1160 529 1344 565 dulcissime,
1362 531 1399 560 ‹le
1416 541 1463 561 lue
1480 531 1595 571 qiieri.”

1140 580 1264 611 Inserta
1280 587 1350 612 suut
1368 593 1488 622 quoque
1506 582 1586 612 iuter
1601 582 1759 623 epistolas,

1075 642 1102 661 a.
1122 631 1173 661 Ad
1197 632 1373 663 Gallicanos
1396 633 1548 674 principes
1574 633 1724 664 dissuasio
1748 633 1827 664 belli.
1861 633 1910 663 fol.

1140 683 1179 719 84
1192 683 1221 713 b.

1184 733 1219 764 In
1235 734 1309 765 edit.
1326 735 1378 765 eit.
1396 740 1476 775 part.
1490 736 1508 766 i.
1526 747 1554 776 p.
1573 738 1640 776 169.

1073 789 1102 819 b.
1120 790 1172 820 Ad
1196 789 1371 820 Johanuem
1395 792 1432 821 de
1457 792 1608 822 Gcrsonio
1632 797 1741 822 eontra
1765 792 1910 832 praelatos

1139 840 1330 871 simoniacos.
1354 841 1404 871 fol.
1423 852 1431 871 1
1445 852 1477 872 12
1492 842 1520 871 b.

1184 892 1264 922 Ibid.
1282 896 1361 933 part.
1376 893 1392 922 i.
1410 904 1438 933 p.
1454 894 1519 923 160.

1075 959 1101 979 c.
1119 948 1171 978 Ad
1185 947 1361 979 Gerardum
1375 949 1555 979 Maelictum
1573 950 1610 979 de
1623 960 1745 990 egressu
1760 960 1797 979 ex
1813 949 1910 989 Baby-

1140 999 1231 1029 lonia.
1258 999 1308 1030 fol.
1327 1001 1393 1040 138.

1184 1051 1265 1081 Ibid.
1282 1055 1362 1092 part.
1377 1051 1394 1081 i.
1411 1062 1440 1092 p.
1457 1061 1522 1091 174-

1072 1106 1101 1136 d.
1119 1105 1219 1147 Super
1248 1106 1380 1137 materia
1410 1106 1528 1136 concilii
1558 1107 1708 1147 generalis
1735 1107 1911 1137 collationes

1139 1157 1218 1188 duae.
1242 1157 1292 1188 sol.
1311 1166 1377 1198 157-

1185 1209 1266 1239 Ibid.
1284 1213 1364 1250 part.
1379 1208 1397 1238 i.
1414 1220 1463 1250 pp.
1478 1211 1527 1243 61,
1545 1210 1594 1249 65.

1139 1265 1327 1306 Sequuntur,

1075 1328 1103 1347 a.
1122 1316 1270 1357 Ejusdem
1295 1316 1437 1357 Epistola
1459 1316 1499 1346 ad
1524 1316 1707 1353 Heni-icum,
1728 1328 1829 1357 regem
1846 1318 1910 1347 An>

1139 1367 1259 1408 glorum
1283 1367 1441 1401 illustrem.
1465 1368 1680 1398 exhortatoria
1700 1368 1739 1398 ad
1758 1368 1912 1409 justitiam

1140 1422 1171 1449 et
1187 1419 1264 1449 alias
1279 1419 1418 1450 virtutes.
1439 1419 1487 1450 fol.
1507 1421 1574 1461 ¹83·

1184 1471 1301 1502 Exstat
1338 1471 1411 1501 ibid.
1442 1471 1557 1512 partim
1593 1483 1630 1502 ex
1668 1472 1772 1502 codice
1807 1480 1913 1503 nostro

1160 1523 1285 1563 scripta,
1303 1526 1385 1562 part.
1400 1523 1428 1552 ii.
1446 1534 1474 1564 p.
1494 1533 1559 1564 ¹37·

1073 1577 1104 1608 b.
1122 1576 1307 1618 Deploratio
1330 1578 1518 1608 calamitatis
1541 1578 1756 1608 ecclesiasticae
1778 1589 1846 1608 cum
1863 1590 1912 1607 cx-

1140 1628 1321 1659 hortacione
1341 1640 1430 1670 papae
1451 1633 1482 1659 et
1504 1628 1685 1670 pontificum
1705 1629 1744 1659 ad
1762 1629 1913 1659 scismatis

1140 1679 1399 1720 extirpatioucm;
1423 1680 1549 1710 tuest-[ve.
1573 1680 1623 1710 fol.
1641 1680 1708 1710 186.

1182 1730 1298 1761 Exstat
1315 1730 1388 1760 ibid.
1406 1736 1485 1771 part.
1499 1731 1518 1760 i.
1536 1742 1566 1771 p.
1581 1741 1631 1771 32.

1077 1797 1101 1815 e.
1120 1785 1295 1816 Titulorum
1311 1784 1420 1815 tabula
1435 1785 1636 1826 epistolarum
1652 1797 1746 1827 supra
1761 1797 1910 1816 memora-

1139 1841 1251 1867 tarum.
1275 1836 1324 1866 fol.
1344 1837 1399 1866 186
1413 1837 1441 1866 b.

1072 1893 1100 1922 d.
1119 1892 1262 1933 Epistola
1287 1893 1327 1923 ad
1354 1893 1461 1923 ducem
1488 1893 1674 1934 Burgundiae
1703 1893 1740 1923 de
1768 1893 1853 1934 lapsu
1881 1900 1909 1923 vt

1140 1944 1337 1984 reparatione
1349 1944 1490 1984 justitiae.
1515 1944 1566 1974 fol.
1587 1946 1652 1984 189.

1184 1994 1299 2025 Exstat
1316 1995 1391 2025 ibid.
1406 2000 1487 2036 part.
1503 1995 1520 2024 i.
1538 2007 1567 2036 p.
1581 2005 1628 2032 41.

1075 2062 1101 2080 e.
1122 2050 1220 2080 Index
1247 2050 1449 2081 materiarum
1479 2050 1692 2091 alphabeticus
1716 2051 1745 2080 in
1772 2051 1911 2079 omuibus

1139 2101 1326 2142 supradietis
1341 2106 1567 2132 contentarum.
1593 2101 1641 2131 fol.
1661 2110 1712 2141 197
1729 2101 1757 2131 b.

1183 2153 1223 2183 In
1243 2153 1292 2184 fol.
1307 2153 1325 2183 i.
1343 2164 1431 2183 verso
1454 2153 1598 2183 notitiam
1619 2152 1742 2192 scripsit
1760 2152 1912 2182 recentior

1160 2204 1272 2245 aliquis
1287 2205 1325 2235 de
1341 2204 1477 2235 auctoris
1493 2204 1557 2234 vita
1572 2208 1603 2234 et
1619 2203 1749 2244 seriptis,
1764 2207 1795 2233 et
1811 2203 1842 2232 iu
1857 2214 1911 2233 ora

1160 2255 1210 2286 fol.
1229 2265 1245 2285 2
1262 2256 1423 2296 superiori,
1441 2262 1459 2270 “
1473 2256 1574 2286 Istum
1594 2254 1704 2284 librum
1725 2265 1781 2294 ego
1804 2254 1911 2284 Ricar-

1160 2307 1217 2337 dus
1234 2307 1381 2343 Andrew,
1398 2307 1533 2336 decanus
1550 2305 1754 2336 Eboracensis
1770 2310 1800 2335 et
1817 2316 1911 2346 quou-

1160 2359 1232 2389 dam
1259 2359 1360 2389 socius
1385 2358 1502 2399 collegii
1528 2358 1618 2387 beate
1644 2357 1744 2387 Marie
1769 2357 1911 2388 winton.

1159 2411 1189 2441 in
1206 2411 1319 2448 Oxou„
1336 2410 1407 2441 dedi
1426 2410 1526 2440 eidem
1549 2408 1676 2448 collegio
1692 2408 1782 2438 beate
1800 2408 1909 2438 Mai-ie.

1159 2473 1249 2503 quem
1274 2463 1324 2503 qui
1348 2460 1521 2494 abstulerit,
1538 2459 1706 2489 anathema
1726 2460 1912 2490 maranatha

1159 2513 1231 2543 sit.’'

1382 2554 1557 2589 CXXIX.

1032 2614 1151 2648 Codex
1186 2614 1478 2652 membranaceus,
1506 2613 1539 2644 iu
1567 2612 1658 2651 folio,
1682 2612 1715 2645 ff.
1736 2615 1817 2652 257,
1845 2624 1910 2646 sec.

1056 2672 1124 2711 xii„
1149 2673 1238 2706 binis
1265 2672 1433 2705 columnis
1460 2670 1590 2714 optime
1617 2676 1797 2707 exaratus:
1829 2670 1909 2703 olim

1058 2728 1229 2763 Willehni
1250 2729 1429 2767 XVarham,
1459 2727 1704 2772 archiepiscopi
1732 2728 1911 2762 Cantuari-

1056 2788 1155 2821 ensis.
