2254 3117
668 153 908 188 COLLEGII
936 154 1312 192 MERTONENSIS.
1849 162 1894 197 63

133 251 215 283 nella
235 251 298 283 sive
322 251 450 283 Summa
474 252 513 283 de
538 251 661 283 casibus
677 251 891 289 Conscientiae,
907 262 956 282 or-

134 302 206 333 dine
221 302 430 343 alphabetico.

178 353 295 385 Exstat
311 354 424 394 saepius
439 354 579 396 impress.

178 405 217 436 In
232 405 327 443 calce,
344 410 362 423 ‘²
375 405 513 447 Explicit
536 415 657 436 summa
679 405 718 435 dc
741 405 863 436 casibus
883 416 955 436 con-

156 456 285 488 scientie
300 457 469 488 secundum
485 456 739 498 compilacionem
755 456 862 487 fratris
880 457 957 487 Bar-

155 507 316 545 tholomei,
328 508 446 538 ordinis
461 508 693 549 predicatorum
709 507 748 538 de
765 507 865 545 Pisis;
889 508 958 539 Deo

155 559 218 590 sint
232 560 337 601 gracie
352 559 502 590 infinite.”

416 672 609 707 CXLVII.

71 734 192 770 Codex
206 735 501 775 membranaceus,
516 737 551 770 in
566 740 636 775 4to,
651 736 685 770 ff.
699 739 780 777 180,
797 749 863 771 sec.
876 738 958 779 xiv„

95 794 185 828 binis
203 794 373 828 columnis
392 794 502 828 nitide
520 800 693 828 exaratus.

114 856 143 886 1.
162 854 282 886 Nicolai
303 855 342 886 de
359 854 501 886 Gorham
520 855 737 887 distinctiones
760 856 956 898 theologie-te,

177 907 285 938 ordine
300 906 509 948 alphabetico.
532 907 584 938 fol.
600 918 625 938 1.

220 959 319 1000 Ι110111.
344 958 572 990 “Abeuncium
602 970 658 1000 per
686 959 768 990 hunc
798 960 957 997 mundum,

199 1010 251 1041 alii
266 1010 385 1041 abeunt
400 1010 480 1041 male
496 1014 528 1041 et
544 1010 596 1041 alii
613 1011 720 1042 bene.”

220 1061 326 1092 Desin.
345 1066 576 1103 “preparemus
599 1073 656 1093 nos
678 1067 714 1094 ut
737 1063 895 1104 preparati
915 1063 959 1094 in-

199 1117 318 1144 tremus
356 1114 398 1144 ad
438 1114 568 1153 nupcias
607 1125 678 1145 cum
711 1114 847 1145 Domino
880 1115 902 1145 J
906 1126 960 1146 esu

200 1165 338 1196 Christo.
362 1165 498 1196 Amen.'‘

222 1216 260 1247 In
279 1217 373 1254 calce,
389 1221 407 1234 *⁶
421 1216 602 1258 Expliciunt
623 1217 841 1249 distincciones
865 1217 904 1248 N.
922 1218 960 1248 de

201 1268 392 1300 Guerramss’

222 1319 371 1361 Sequitur
385 1320 495 1351 tabula
509 1320 718 1362 alphabetica.

117 1383 146 1414 2.
163 1383 317 1425 Ejusdem
340 1383 403 1414 sive
426 1383 646 1425 cujuscumque
669 1384 732 1415 sint
748 1383 892 1415 themata
907 1384 961 1414 do-

178 1435 345 1466 minicalia.
368 1435 420 1466 fol.
437 1445 494 1477 159
508 1435 539 1466 b.

220 1486 321 1528 Incip.
341 1491 358 1504 “
372 1487 585 1518 Tabernaculo
609 1498 688 1524 11100,
706 1491 765 1518 etc.
801 1487 961 1519 Passionis

201 1539 366 1580 qualitas.”

212 1590 250 1621 In
261 1591 377 1627 calce,“
390 1590 572 1632 Explieiunt
582 1591 725 1622 themata
735 1591 961 1622 dominicalia.”

117 1659 146 1690 3.
163 1658 322 1700 Ejusdem,
344 1659 407 1690 sive
430 1659 650 1701 cujuscumque
674 1659 748 1695 sint,
764 1659 874 1690 Parvae
898 1660 958 1690 dis.

178 1710 356 1748 tinctiones,
373 1710 480 1741 ordine
495 1711 702 1752 alphabetico.
727 1711 776 1741 fol.
795 1712 850 1749 167
867 1711 896 1741 b.

223 1762 323 1803 Incip.
335 1753 564 1799 “Ambulatio3
587 1763 667 1793 sicut
683 1763 713 1793 in
730 1763 883 1804 corporali
895 1774 960 1794 am-

198 1813 371 1852 bulacione,
387 1814 433 1844 ita
448 1814 479 1844 in
496 1813 678 1855 spirituali?

222 1864 261 1895 In
276 1865 370 1902 calce,
383 1865 591 1907 “Expliciunt
604 1878 698 1907 parve
714 1866 960 1898 distincciones.”

118 1931 146 1960 4.
165 1929 347 1966 Sententiae,
363 1931 426 1961 sive
442 1931 593 1967 themata.
611 1931 650 1962 ad
674 1943 827 1973 quemque
847 1932 960 1963 librum

181 1985 247 2012 tam
265 1981 391 2012 Veteris
407 1993 499 2023 quam
517 1982 596 2013 Novi
612 1982 807 2014 Testamenti
829 1987 960 2025 aptatae.

181 2032 233 2063 fol.
251 2042 320 2073 174.

224 2083 321 2126 Incip.
339 2088 358 2102 ‘⁶
371 2085 503 2116 Genesis
522 2086 558 2116 18
575 2085 704 2117 afferam
726 2086 884 2127 paxillum,
901 2090 960 2117 etc.

202 2134 290 2166 Sicut
304 2135 336 2166 in
352 2136 593 2177 corporalibus.”

410 2254 623 2289 CXLVIII.

78 2313 379 2357 Membranaceus,
405 2317 440 2350 in
459 2319 531 2357 410,
558 2316 593 2350 ff.
609 2319 691 2357 390,
718 2328 785 2351 sec.
804 2317 876 2351 xiii.
902 2330 961 2352 ex-

101 2374 225 2408 euntis.

119 2432 263 2465 Mauritii
281 2434 468 2476 [Hibernici]
482 2445 602 2465 summa
618 2435 853 2465 distinctionum
870 2447 962 2477 super

139 2485 383 2517 auctoritatibus
401 2486 506 2517 Sacrae
527 2486 707 2527 Scripturae‚
724 2487 831 2517 ordine
853 2487 961 2527 alpha-

139 2535 249 2566 betico.

182 2587 281 2629 Incip.
313 2591 331 2605 “
347 2587 568 2628 Abjectionem
585 2601 593 2624 ;
633 2588 723 2619 Circa
754 2588 961 2630 abjectionem

160 2642 237 2669 nota
264 2638 398 2680 qualiter
424 2639 456 2669 in
485 2639 640 2680 scriptura
662 2640 804 2678 sumitur,
829 2641 962 2682 qualiter

161 2689 310 2720 dividitur
320 2689 346 2726 3³³
368 2694 404 2720 ut
419 2689 450 2720 in
466 2690 514 2721 ed.
530 2690 644 2721 Venet.
664 2692 756 2733 1603.

184 2741 289 2772 Desin.
309 2741 366 2771 sub
382 2752 456 2772 voce
471 2742 571 2779 Zona,
583 2746 601 2759 “
614 2742 652 2773 de
667 2742 782 2784 templo
799 2743 903 2775 vestiti
919 2743 961 2775 la-

161 2792 233 2833 pide
245 2792 411 2823 candido.'’

1118 242 1156 273 In
1172 243 1243 281 fine,
1259 249 1278 262 ‘⁶
1294 244 1449 285 Explicit3

1098 293 1181 324 Laus
1197 295 1253 325 tibi
1271 296 1311 326 sit
1325 296 1448 327 Christe
1465 296 1536 338 quia
1553 297 1659 328 finitur
1674 298 1752 328 liber
1766 298 1854 329 iste.''

1118 346 1266 386 Sequitur
1277 351 1294 364 “
1308 347 1431 378 Tabula
1443 348 1481 378 dc
1497 359 1617 379 summa
1629 348 1774 380 Mauricii
1789 349 1896 391 alpha-

1095 395 1228 426 betica.”

1119 446 1156 476 In
1179 447 1262 478 calce
1289 454 1336 478 est
1361 448 1569 490 fragmentum
1594 452 1732 492 ejusdcm
1756 463 1895 489 summm,

1096 507 1134 527 cx
1151 497 1256 528 codice
1271 498 1332 529 alio
1348 499 1493 531 evulsum.

1012 669 1133 704 Codex
1164 671 1461 712 membranaceus,
1490 675 1523 707 in
1552 675 1644 715 folio,
1670 676 1703 710 ff.
1720 676 1801 717 164,
1829 689 1895 712 see.

1035 729 1105 761 xiv.
1124 730 1294 768 exeuntia
1310 730 1399 764 binis
1417 731 1586 766 columnis
1604 740 1786 775 exaratus;
1813 736 1896 769 olim

1036 786 1177 820 Thomae
1203 787 1356 832 TryHek,
1384 800 1436 833 ep.
1465 789 1646 827 Roffensis,
1672 798 1792 836 postea
1815 793 1894 827 coll.

1037 845 1143 879 Mert.
1162 858 1205 879 ex
1225 846 1315 879 dono
1329 846 1429 880 Will.
1447 847 1555 887 Reed,
1574 860 1626 892 ep.
1647 848 1879 884 Cicestrensis.

1055 907 1187 938 Gerardi
1213 907 1428 943 Bononiensis,
1452 908 1517 938 ord.
1538 908 1788 948 Carmelitarum,
1816 923 1898 952 quae—

1077 958 1195 988 stiones
1211 959 1249 989 (le
1269 958 1399 989 scientia
1415 959 1603 1000 theologica,
1620 972 1689 991 cum
1705 963 1897 1003 praefatione.

1121 1009 1221 1051 Incip.
1245 1010 1333 1050 praef.
1357 1010 1629 1043 “Pertransibnnt
1654 1012 1742 1053 plura
1766 1018 1797 1044 et
1822 1014 1898 1044 mul-

1097 1060 1196 1101 tiplex
1220 1066 1267 1092 est
1293 1061 1423 1092 scientia
1439 1062 1522 1092 Dan.
1536 1062 1587 1092 xii.
1624 1063 1713 1094 Licet
1734 1064 1790 1095 hec
1806 1065 1899 1096 verba

1098 1111 1240 1143 Danielis
1254 1112 1292 1143 (le
1308 1113 1521 1143 nmltif01·mi.”

1120 1164 1217 1206 Incip.
1234 1175 1320 1206 opus,
1340 1169 1359 1183 ‘⁴
1374 1164 1480 1195 Primo
1496 1165 1637 1206 queritur
1659 1170 1763 1197 utrum
1783 1167 1899 1198 theolo-

1098 1215 1150 1257 gia
1166 1215 1205 1246 sit
1221 1216 1380 1247 scientias5

1121 1267 1228 1299 Desin.
1248 1272 1266 1285 ‘⁶
1278 1279 1345 1299 esse
1361 1268 1408 1299 vel
1424 1268 1556 1299 essentie
1571 1273 1627 1300 ant
1644 1272 1786 1300 nature.”

1122 1320 1159 1350 In
1175 1320 1269 1357 calce,
1282 1325 1301 1338 “
1315 1320 1379 1351 Hic
1395 1321 1589 1351 venerandus
1606 1322 1768 1353 Gerardus
1784 1322 1900 1353 dimisit

1100 1371 1174 1413 quia
1188 1372 1285 1403 vitam
1301 1383 1389 1403 suam
1405 1372 1436 1402 in
1452 1383 1528 1414 pace
1544 1371 1675 1403 finivit.'’

1123 1423 1305 1464 Sequuntur
1322 1423 1406 1454 tituli
1427 1424 1529 1465 operis
1546 1428 1577 1454 et
1593 1423 1624 1455 in
1639 1423 1711 1459 fine,
1729 1427 1749 1441 ‘⁶
1763 1423 1901 1465 Explicit

1100 1474 1209 1505 tabula
1233 1486 1351 1506 summe
1374 1475 1516 1516 magistri
1541 1475 1674 1506 Gerardi
1697 1475 1901 1506 Bononiensis

1100 1526 1217 1557 ordinis
1232 1526 1366 1557 fratrum
1382 1526 1419 1557 B.
1438 1527 1540 1557 Max-ie
1563 1527 1602 1558 de
1624 1527 1736 1558 Monte
1752 1526 1899 1565 Carmeli,

1101 1577 1169 1608 Deo
1183 1578 1325 1619 gracias3
1349 1577 1480 1608 Amen.'7

1016 1741 1318 1784 Membranaceus,
1345 1745 1380 1778 in
1408 1744 1491 1778 folio
1518 1746 1648 1790 majori,
1676 1745 1709 1779 ff.
1727 1748 1807 1785 199,
1834 1757 1899 1780 sec.

1039 1812 1106 1838 xv..
1126 1801 1215 1835 binis
1234 1802 1403 1836 columnis
1426 1804 1536 1837 nitide
1555 1809 1716 1838 exaratus
1734 1809 1769 1837 et
1788 1804 1900 1848 quoad

1040 1859 1188 1893 initiales
1207 1859 1324 1893 literas
1342 1861 1479 1905 pictusz
1506 1873 1550 1894 ex
1570 1862 1660 1895 dono
1681 1861 1735 1894 M.
1755 1860 1899 1895 Henrici

1041 1916 1158 1956 Sever,
1190 1917 1224 1951 S.
1242 1918 1280 1951 T.
1302 1917 1337 1952 P.
1370 1918 1448 1952 coll.
1479 1919 1587 1954 Mert.
1619 1920 1780 1958 custodis,
1809 1930 1898 1953 anno

1041 1974 1182 2009 Domini
1202 1976 1426 2021 n1.cccc.lxx2j.

1060 2036 1205 2078 Hugonis
1226 2037 1264 2068 de
1281 2037 1313 2068 S.
1327 2037 1419 2075 Caro,
1437 2038 1634 2075 Viennensis,
1652 2038 1844 2080 postillarum
1868 2038 1899 2068 in

1080 2088 1317 2120 Testamentum
1339 2090 1443 2121 Vetus
1472 2095 1576 2121 tomus
1606 2090 1700 2132 prior,
1725 2090 1839 2121 scilicet
1868 2089 1899 2119 in

1080 2140 1226 2170 Genesim
1241 2141 1280 2170 ad
1301 2141 1386 2171 Ruth
1402 2141 1557 2177 inclusive,
1575 2153 1643 2172 cum
1659 2141 1802 2182 prologis.

1123 2190 1184 2221 Tit.
1208 2191 1405 2232 “Exposicio
1429 2192 1573 2233 Hugonis
1598 2192 1636 2222 (10
1659 2192 1783 2222 Vienna
1807 2201 1899 2231 super

1100 2242 1233 2282 primum
1249 2243 1412 2284 prologum
1429 2243 1592 2274 Genesis.”

1122 2293 1261 2325 Exstant
1284 2294 1425 2336 impress.
1448 2295 1531 2326 inter
1556 2306 1660 2336 opera,
1687 2294 1786 2324 Paris.
1809 2302 1898 2334 1539,

1100 2349 1182 2386 part.
1195 2345 1214 2376 i.
1231 2346 1281 2377 fol.
1298 2356 1322 2376 1.

1123 2396 1161 2426 In
1182 2396 1264 2427 calce
1286 2397 1408 2434 codicis.
1428 2402 1444 2414 ²⁴
1459 2398 1541 2429 Item
1558 2396 1658 2438 recepi
1674 2407 1729 2437 pro
1746 2394 1813 2425 istis
1829 2405 1896 2435 sep-

1101 2451 1165 2478 tem
1182 2449 1354 2489 quaterniis
1370 2449 1466 2480 xxiiii.
1479 2460 1508 2491 g.
1522 2449 1566 2479 ss*

1016 2618 1319 2661 Membranaceus,
1337 2620 1371 2653 in
1391 2619 1482 2657 folio,
1498 2618 1530 2652 ff.
1547 2620 1626 2656 110,
1646 2628 1711 2650 sec.
1728 2626 1796 2655 xxa,
1808 2614 1897 2647 binis

1039 2677 1208 2712 columnis
1235 2678 1345 2712 nitide
1372 2678 1519 2722 scriptus
1542 2681 1577 2709 et
1603 2675 1725 2720 pictus,
1745 2684 1788 2706 ex
1807 2672 1897 2706 dono

1039 2735 1087 2769 H.
1107 2736 1225 2771 Sever.

1057 2795 1202 2838 Hugonis
1217 2797 1255 2827 de
1267 2796 1296 2827 S.
1309 2797 1389 2829 Caro
1405 2794 1599 2836 postillarum
1616 2798 1718 2824 tomus
1734 2790 1895 2823 secundus.
