2254 3117
378 149 423 183 74
935 144 1236 182 CATALOGUS
1263 147 1497 183 CODICUM
1525 149 1633 184 MSS.

694 244 941 279 CLXXXIV.

375 308 493 342 Codex
513 307 804 347 membranaceus5
823 307 857 340 in
877 307 960 340 folio
979 308 1109 352 majori,
1124 308 1157 342 ff.
1175 311 1256 349 259,

399 377 464 398 sec.
480 366 558 403 xiv.,
577 364 666 398 binis
683 363 852 397 columnis
870 369 1040 398 exaratus.

416 424 557 455 Gulielmi
575 424 681 465 Lyssy,
695 424 757 454 sive
773 423 889 461 Lissaei‚
904 424 970 454 ord.
985 424 1112 462 Minor„
1124 426 1255 467 postillae
1286 431 1288 440 ¹

436 487 528 516 super
548 475 751 512 Hieremiam,
768 475 892 506 Baruch
911 480 943 507 et
961 476 1138 518 Prophetas
1154 477 1256 508 Mino-
1286 471 1288 480 ¹

435 538 502 561 res;
527 531 562 558 ut
578 531 760 567 sequuntur,
1286 521 1288 527 ⁵

414 585 442 613 1.
462 583 498 613 Iu
516 583 718 619 Hieremiam,
736 594 805 614 cum
822 583 958 625 prologo,
984 585 1033 615 fol.
1052 595 1074 615 1.

518 634 617 676 Incip.
641 635 717 676 prol.
742 640 762 652 ‘⁴
776 635 900 666 Direxit
923 647 1026 677 opera,
1047 642 1106 668 etc.

497 686 558 716 ista
575 686 694 727 scripta
709 690 782 717 sunt
799 687 872 728 Sap.
890 687 938 717 x.”

519 736 617 778 Incip.
644 738 735 778 gloss.
764 738 899 768 “Verba
923 738 1070 773 Jeremic,
1086 743 1146 770 etc.
1191 739 1255 769 llic

496 789 604 830 incipit
626 789 704 819 liber
720 789 855 820 Jeremie
879 790 930 830 qui
953 790 1101 821 dividitur
1123 790 1154 820 in
1178 790 1255 821 duas
1285 812 1286 822 1

497 841 632 880 partes.”

1153 637 1257 668 Verba

519 891 628 922 Desin.
647 896 664 908 ‘⁴
677 892 759 932 quod
776 892 875 932 magis
891 896 979 933 patet
996 892 1026 923 in
1043 894 1211 934 hystorias*

518 943 557 973 In
573 943 667 980 calce,
684 948 702 960 ‘⁴
716 943 897 984 Expliciunt
913 944 1044 985 postilla·
1060 956 1152 986 super
1168 945 1253 976 Jere-

495 994 590 1024 miam
605 994 820 1036 prophetam.”

412 1051 439 1079 2.
458 1049 495 1079 In
514 1049 769 1080 Lamentationes
785 1049 932 1090 ejusdem.
956 1050 1007 1080 fol.
1024 1052 1072 1091 85.

517 1099 615 1140 Incip.
634 1104 651 1116 ‘⁶
666 1100 741 1139 Quis
762 1100 851 1131 (labit
872 1101 975 1141 capiti,
992 1106 1051 1132 ete.

496 1151 564 1182 istis
580 1151 703 1192 scriptis
718 1151 895 1182 Jere1niae.”

517 1200 624 1231 Desin.
643 1208 660 1217 ⁸·
672 1201 830 1231 orationes
847 1206 878 1232 et·
895 1202 1134 1233 lamentationes
1150 1204 1242 1234 sivo?
1282 1219 1283 1229 ι

507 1252 543 1282 In
554 1252 647 1289 calce,
656 1258 673 1268 “
682 1252 1251 1295 ExpliciuutpostillosuperT1·euos.''
1281 1240 1283 1262 Ι

1098 1101 1134 1132 In
1152 1102 1252 1133 verbis

409 1308 439 1337 3.
459 1307 495 1337 In
512 1307 644 1338 Bal-neh.
669 1307 720 1338 sol.
740 1318 807 1347 104.

516 1357 613 1398 Iucip.
627 1358 728 1398 prol.“
741 1359 818 1389 Post
831 1358 1077 1389 lacrimaeionom
1091 1365 1121 1390 et
1132 1360 1249 1397 fletum,
1280 1379 1281 1389 1

493 1413 551 1439 etc.
600 1409 706 1439 Verba
732 1409 793 1440 ista
819 1410 936 1451 scripta
962 1415 1033 1440 suut
1059 1411 1178 1442 Tliobio
1206 1412 1248 1442 iii.
1280 1422 1281 1450 1

492 1465 524 1491 et
540 1460 616 1491 satis
632 1465 813 1502 competunt
828 1462 897 1492 huic
914 1462 1023 1492 lib1-‹›.·’

516 1513 623 1543 Dosin.
645 1513 790 1554 abrupte,
813 1523 829 1530 ⁵·
843 1514 924 1554 quod
950 1514 1008 1545 fuit
1035 1514 1192 1545 inventum
1218 1516 1247 1545 in
1279 1519 1280 1550 ζ

492 1563 558 1594 loco
576 1564 707 1594 David.”
1278 1594 1279 1613 Χ

408 1621 435 1648 4.
456 1620 492 1649 In
508 1620 676 1661 prophotas
689 1620 740 1649 xii.
754 1620 897 1657 minores,
910 1632 978 1651 cum
989 1621 1125 1663 prologo.
1143 1622 1163 1653 f.
1179 1633 1246 1661 114.
1278 1620 1279 1629 ¹

513 1671 612 1712 Incip.
635 1671 714 1711 prol.
732 1676 749 1688 ‘⁴
763 1672 841 1702 Ossa
860 1672 911 1702 xii.
936 1673 1169 1714 prophetarum,
1186 1678 1245 1705 etc.

494 1723 595 1753 Verba
611 1723 672 1753 ista
688 1723 805 1764 scripta
821 1728 893 1754 sunt
910 1724 991 1755 Eccl.
1010 1725 1101 1755 xlix.”

512 1774 609 1815 Incip.
623 1778 701 1805 text.
715 1775 745 1804 in
759 1775 882 1813 Oseam,
893 1782 909 1792 ⁵·
923 1777 1025 1807 Verba
1038 1777 1173 1813 Domini,
1186 1782 1243 1809 etc.

490 1825 585 1856 Liber
600 1826 658 1856 iste
675 1825 822 1857 dividitur
845 1827 875 1857 iu
899 1828 976 1858 duas
999 1833 1114 1869 partes.
1129 1829 1244 1860 scilicet
1275 1864 1276 1871 ἵ

491 1877 521 1907 iu
538 1877 694 1907 titulum.”

512 1928 617 1958 Desin.
632 1932 804 1968 “paratum
820 1934 867 1959 est
883 1930 922 1959 ab
939 1930 1056 1972 origiue
1072 1932 1190 1969 mundi⁷
1203 1933 1243 1963 ad

490 1979 572 2019 quod
588 1989 643 2008 nos
660 1979 819 2019 perducat⁷
836 1981 918 2009 etc.”

511 2029 549 2059 In
572 2029 664 2066 calce,
682 2029 892 2070 “Expliciunt
915 2032 1036 2072 postillo
1059 2044 1151 2074 super
1173 2044 1242 2074 pro-

488 2081 599 2122 phetas
614 2081 720 2112 fratris
737 2081 885 2112 willelmi
902 2083 939 2112 (le
957 2082 1084 2124 Lyssy.”

509 2132 547 2162 In
563 2132 623 2163 fine
639 2132 752 2163 codicis
768 2137 840 2164 sunt
856 2134 975 2164 notitiae
992 2135 1030 2165 de
1047 2135 1242 2166 cautionibus

487 2183 579 2214 variis
595 2183 731 2214 lValteri
751 2184 844 2221 Hert,
861 2185 1009 2226 expositis
1032 2186 1062 2216 in
1086 2186 1165 2217 cista
1188 2198 1241 2217 an-

488 2235 575 2276 tiqua
591 2235 801 2266 universitatis
818 2236 854 2266 A.
868 2236 908 2266 D.
928 2238 1157 2279 1446—1455„

509 2286 546 2316 In
562 2286 651 2317 initio
667 2287 878 2327 praemittitur,
894 2294 911 2304 ⁸*
928 2288 996 2319 Hoc·-
1012 2289 1154 2319 volumen
1171 2301 1241 2320 con·
1271 2319 1273 2340 ¹,

487 2337 567 2368 tinet
583 2338 722 2378 postillas
738 2350 829 2379 super
846 2339 1009 2370 Icremiam
1029 2345 1060 2371 et
1080 2341 1241 2372 duodecim
1271 2342 1272 2379 ξ

487 2389 621 2420 minores
637 2390 806 2431 prophetas
829 2395 860 2421 et
883 2391 1081 2432 appreciatur
1101 2392 1131 2421 in
1153 2392 1239 2433 quin·
1271 2382 1272 2424 1

488 2451 546 2481 que
562 2440 674 2471 marcis
685 2441 712 2478 3³³
727 2445 785 2472 etc.
1270 2433 1272 2470 ,¹

1273 2072 1275 2088 1

1273 2095 1274 2103 η

684 2537 912 2583 CLXXXV.
1270 2508 1271 2532 ¹

362 2612 707 2651 Mc111b1·a1mceus‚i11
723 2611 816 2649 folio,
831 2611 865 2644 ff.
879 2613 960 2650 240,
976 2623 1041 2645 sec.
1056 2612 1136 2651 xiv„
1152 2612 1239 2646 binis
1269 2626 1271 2636 >

384 2669 553 2702 columnis
571 2673 743 2703 exaratus.
1269 2675 1270 2708 1
1292 2680 1294 2683 ’

403 2729 575 2770 Haymonis
594 2728 883 2759 I‘Inlberstadiensis
898 2728 1050 2769 expositio
1072 2728 1102 2758 iu
1126 2728 1239 2760 lsaiam

420 2780 616 2824 fflophetam,
634 2790 701 2810 cum
719 2779 856 2821 prologo.

1419 244 1480 276 Tit.
1490 254 1507 262 ··
1519 245 1633 287 Incipit
1643 246 1779 288 prefaeio
1791 247 1944 279 Hamonis
1956 260 2049 290 super
2060 249 2189 282 Ysaiam

1395 297 1607 337 prophetam.”

1416 347 1533 379 Exstat
1549 349 1686 390 impress.
1704 349 1735 380 in
1753 350 1818 380 8νό.
1836 350 1942 381 Colon.
1960 361 2051 393 1531.

1416 399 1454 430 In
1470 400 1562 438 calce,
1581 406 1599 417 “
1612 401 1750 442 Explicit
1768 401 1893 442 Haymo
1909 413 2001 444 super
2014 403 2172 434 Ysaian1.”

1417 452 1565 494 Sequitur
1585 453 1710 491 notitia,
1726 454 1817 485 hodie
1833 454 1999 496 plurimum
2017 455 2130 493 deleta,
2146 456 2189 487 in-

1395 503 1454 545 cip.
1471 509 1489 521 “
1503 504 1568 535 Iste
1583 505 1660 535 liber
1676 505 1842 546 pertinet‚”
1858 509 1890 537 et
1905 506 2000 537 desin.
2019 512 2036 524 ⁴⁸
2049 507 2129 549 regis
2145 507 2188 538 H.

1395 555 1434 595 xj.
1452 554 1496 585 xi.
1514 556 1608 596 precii
1624 557 1654 598 ij.
1671 557 1811 587 mareis.”

1629 650 1880 686 CLXXXVI.

1285 702 1287 728 '¹
1310 713 1429 748 Codex
1448 714 1741 753 membranaceus,
1756 715 1791 747 in
1811 716 1881 754 4t0,
1896 714 1928 748 ff.
1945 714 2028 755 226,
2043 727 2109 749 sec.
2122 727 2186 755 xV„

1333 770 1421 804 binis
1436 771 1604 805 columnis
1623 776 1803 811 exaratus;
1831 777 1849 790 ‘⁶
1861 784 1904 805 ex
1921 772 2010 806 dono
2026 772 2079 807 M.
2093 772 2189 807 Hen-

1333 829 1393 862 riei
1421 829 1538 869 Seven
1562 829 1596 863 S.
1609 830 1646 863 T.
1661 830 1701 863 P.
1729 834 1765 863 et
1795 830 1978 870 custodis,”
1997 835 2064 865 etc.
2083 830 2129 865 A.
2144 831 2188 865 D.

1284 871 1286 898 ³
1334 887 1438 921 1466.

1351 949 1379 978 1.
1397 948 1518 978 Tabula
1541 948 1647 978 fratris
1670 947 1782 979 Jacobi
1806 948 1975 979 Januensis
1992 948 2023 979 S.
2034 949 2072 979 T.
2085 949 2121 979 P.
2138 959 2186 979 or-

1412 999 1491 1029 dinis
1510 1000 1642 1030 fratrum
1665 999 1905 1041 przrdicatorum
1928 1011 2020 1041 super
2043 999 2187 1031 historias

1414 1050 1533 1086 Bibliae,
1550 1050 1657 1080 ordine
1673 1049 1880 1090 alphabetico.
1904 1050 1958 1080 fol.
1977 1060 2000 1080 1.

1456 1101 1554 1142 Incip.
1573 1106 1590 1117 ‘⁵
1604 1101 1810 1131 Abstinencia
1832 1112 1905 1131 caro
1928 1101 2074 1132 domatur
2094 1101 2184 1138 unde,

1432 1153 1450 1183 i.
1469 1154 1539 1183 Cor.
1558 1163 1576 1193 9
1593 1152 1750 1189 scribitur,
1768 1152 1896 1193 Castigo
1912 1163 2023 1194 corpus
2037 1152 2170 1183 meum.”

1455 1204 1562 1235 Dosin.
1580 1215 1649 1234 cum
1661 1215 1744 1241 voce,
1758 1204 1862 1241 Zolus,
1874 1208 1891 1221 ‘⁴
1901 1209 1933 1235 et
1948 1204 2045 1235 eciam
2057 1205 2184 1235 verbum

1434 1256 1543 1286 Passio
1559 1267 1614 1297 por
1629 1259 1740 1289 totum.
1757 1256 1833 1286 etoff'

1456 1307 1491 1337 In
1503 1307 1594 1343 caleo,
1604 1315 1620 1323 ⁸·
1632 1306 1769 1347 Explicit
1782 1306 1891 1337 tabula
1900 1306 2069 1337 Januensis
2080 1306 2185 1337 fratris

1431 1359 1496 1388 ord.
1514 1358 1608 1399 praed.
1622 1362 1654 1388 et
1670 1358 1807 1388 doctoris
1822 1369 1908 1388 sacre
1924 1358 2078 1400 theologie
2093 1369 2185 1400 super

1430 1422 1550 1441 sac-ram
1573 1411 1759 1450 scripturam
1785 1411 1953 1441 secundum
1976 1410 2116 1441 ordinem
2141 1411 2184 1441 al-

1428 1462 1566 1503 phabeti,
1583 1463 1670 1503 cujus
1692 1462 1793 1493 anime
1814 1462 2005 1504 propicietur
2022 1462 2106 1492 Deus
2121 1473 2183 1492 om-

1429 1513 1600 1554 nipotvus.”

1451 1565 1599 1605 Sequitur
1615 1565 1731 1595 tabula.

1342 1622 1371 1651 2.
1389 1614 1516 1651 Roberti
1535 1620 1651 1651 Holcot
1668 1631 1745 1661 opus
1761 1620 1901 1651 lectionis
1917 1620 1947 1651 in
1966 1621 2079 1651 librum
2095 1621 2180 1652 Salo—

1406 1671 1505 1702 monis
1518 1671 1685 1712 Sapientiae
1702 1671 1891 1702 abbreviatae
1907 1675 1939 1702 et
1954 1671 2062 1702 ordine
2076 1671 2180 1713 alpha-

1404 1722 1507 1753 betico
1523 1722 1693 1763 dispositae.
1717 1723 1768 1753 fol.
1785 1733 1853 1754 112.

1446 1774 1545 1815 Incip.
1577 1780 1594 1790 ‘⁸
1608 1774 1736 1805 Abrahe
1767 1774 1880 1815 triplex
1911 1778 1958 1806 est
1988 1774 2180 1811 beneficium,

1425 1824 1565 1855 videlicet
1577 1824 1739 1864 preelacio,
1751 1825 1956 1861 conversacio,
1965 1824 2180 1867 propagacio.”

1447 1876 1552 1906 Desin.
1573 1882 1590 1892 ‘⁴
1603 1876 1748 1917 quoniam
1771 1876 1926 1907 dissimilis
1953 1881 2000 1907 est
2026 1876 2095 1907 aliis
2116 1876 2179 1907 vita

1423 1927 1535 1957 illius.'’

1446 1978 1593 2020 Sequitur
1608 1978 1726 2009 tabula.

1608 2073 1872 2108 CLXXXVII.

1272 2130 1274 2190 i
1296 2138 1597 2177 Membranaceus,
1623 2138 1656 2170 in
1685 2137 1767 2170 folio
1794 2137 1927 2173 minori,
1951 2136 1985 2170 ff.
2002 2139 2083 2177 290,
2110 2149 2175 2171 see.

1319 2209 1385 2233 xv..
1404 2196 1492 2230 binis
1520 2195 1690 2229 columnis
1721 2200 1902 2236 exa1·atus;
1931 2207 1975 2229 ex
2004 2196 2094 2230 dono
2122 2195 2173 2228 M.

1320 2254 1463 2288 Hem-ici
1489 2253 1605 2292 Seven
1625 2254 1659 2287 S.
1672 2253 1709 2287 T.
1724 2253 1762 2286 P.
1781 2259 1817 2287 et
1841 2253 1918 2287 coll.
1938 2253 2043 2287 Mert.
2062 2259 2175 2288 custo-

1318 2313 1379 2352 dis,
1398 2312 1444 2346 A.
1458 2312 1502 2345 D.
1521 2311 1626 2346 1466.

1337 2374 1365 2403 1.
1394 2372 1537 2413 [Roberti
1569 2371 1742 2413 Grostete]
1773 2372 1908 2413 episcopi
1941 2371 2173 2407 Liueolniensis,

1399 2424 1476 2454 libor
1492 2424 1529 2454 de
1545 2424 1648 2465 lingua
1661 2424 1691 2453 in
1704 2435 1757 2454 sex
1770 2428 1875 2464 partes
1891 2423 2065 2454 distinctus.
2082 2422 2132 2453 fol.
2146 2432 2170 2453 2.

1441 2475 1504 2505 Tit.
1523 2485 1540 2491 ··
1554 2474 1668 2515 Incipit
1685 2473 1910 2504 Lineolniensis
1927 2473 1965 2503 de
1981 2472 2113 2513 lingua.'’

1441 2526 1538 2567 Incip.
1572 2531 1589 2542 ‘⁵
1604 2525 1724 2566 Lingua
1754 2525 1896 2566 congruit
1926 2524 1957 2554 in
1987 2524 2049 2554 duo
2079 2534 2171 2565 opera

1420 2581 1530 2607 nature
1546 2577 1576 2607 in
1592 2581 1718 2617 gustum
1733 2575 1851 2606 scilicet
1866 2579 1898 2606 et
1914 2574 2131 2605 loeueioneni.’'

1441 2627 1574 2658 Desi11.“
1582 2627 1727 2668 quoniam
1738 2626 1845 2668 regina
1855 2626 1989 2657 colorum
1999 2625 2170 2656 misericors

1419 2684 1466 2710 est
1482 2682 1514 2709 et
1530 2682 1630 2709 mater
1645 2678 1883 2709 niisericordie.”

1441 2731 1476 2761 In
1493 2730 1586 2767 calce,
1599 2736 1615 2746 *⁵
1628 2729 1764 2771 Explicit
1777 2733 1932 2760 tractatus
1950 2726 2170 2758 Lincolniensis

1418 2782 1456 2812 de
1471 2781 1604 2823 lingua.”
