2254 3117
351 149 396 184 46
919 144 1220 180 CATALOGUS
1246 144 1481 179 CODICUM
1509 143 1618 178 MSS.

432 247 490 288 plis
503 245 594 277 didici
608 244 769 275 nonnullos
784 243 825 274 ad
838 243 970 274 virtutes
981 242 1076 273 fuisse
1088 242 1233 273 inductos

434 297 667 328 narracionibus
683 294 916 326 edificatoriis.”

454 348 552 389 Incip.
569 358 657 388 opus,
668 350 688 364 “
699 346 828 382 Abbas;
855 346 965 377 Abbas
981 356 1043 376 non
1059 345 1152 376 debet
1168 355 1234 376 esse

432 399 524 430 nimis
546 398 683 439 rigidus3
706 397 888 428 Anselmus.
923 397 1058 437 Quidam
1074 396 1172 427 abbas
1188 407 1234 427 se-

432 450 492 481 mel
508 449 688 481 conferebat
704 459 775 479 cum
792 448 974 479 Anselmo.’'

454 501 559 531 Desin.
573 504 593 518 ‘⁶
603 499 748 541 Zelotipa
759 503 807 530 est
823 498 933 529 mulier
945 499 983 529 de
995 498 1109 529 marito
1125 497 1234 528 habita

432 551 554 582 modica
570 551 608 581 (lc
624 550 804 585 occasione;
830 560 925 591 supra
941 549 979 580 de
995 559 1101 586 uxore,
1117 548 1169 589 ij.''

453 602 602 643 Sequitur
625 601 736 632 tabula
757 611 876 637 vocum,
893 604 925 631 et
949 599 1060 630 deinde
1083 598 1234 640 epilogus,

431 653 550 683 “Finis
575 652 647 683 huic
668 652 752 683 venit
777 656 809 683 et
836 663 906 683 ecce
930 662 1012 682 nunc
1035 651 1119 681 venit
1143 650 1235 691 hujus

431 704 591 745 alphabeti
618 704 699 741 finis,
725 704 774 734 Illi
799 703 918 745 gratias
945 703 999 744 qui
1026 706 1075 733 est
1102 713 1121 732 a
1147 706 1179 732 et
1205 712 1235 738 o,

430 756 618 797 principium
639 760 671 786 et
690 755 771 786 finis.
818 756 918 794 Quem
941 755 993 796 qui
1016 754 1097 784 hunc
1122 753 1234 783 librum

431 807 543 837 lecturi
565 812 637 838 sunt
654 818 744 838 orare
760 807 871 837 devote
887 807 1055 848 dignentur
1073 810 1107 836 ut
1124 805 1234 835 horum

431 858 627 899 compilator,
637 858 725 899 cujus
737 869 849 888 nomen
863 858 894 888 in
903 858 1032 899 prologo
1045 856 1232 891 continetur,
1262 858 1264 868 ¹

432 921 539 940 eorum
566 909 760 941 orationibus
790 909 943 940 adauctus
972 908 1065 939 finem
1096 907 1233 948 legatum

433 961 579 1002 consequi
596 960 783 997 mereatur?
798 963 858 991 etc.

365 1026 393 1054 2.
412 1024 443 1055 S.
456 1024 601 1066 Gregorii
619 1024 715 1065 Papae
727 1023 751 1053 I.
770 1023 974 1064 Dialogorum
991 1021 1060 1052 libri
1078 1024 1230 1061 quatuor;

432 1077 553 1118 praeviis
569 1076 712 1117 capitulis
728 1080 760 1106 et
776 1075 915 1116 prologo.
940 1073 990 1104 fol.
1006 1074 1053 1104 80.

454 1127 516 1158 Tit.
534 1132 552 1145 “
569 1127 605 1157 In
629 1126 745 1158 Christi
772 1126 896 1156 nomine
920 1125 1072 1166 incipiunt
1097 1121 1234 1163 capitula

432 1178 502 1209 libri
518 1178 746 1219 dialogorum.”

453 1230 593 1261 Exstant
609 1230 693 1260 inter
708 1239 813 1270 opera„
830 1232 906 1258 tom.
921 1227 952 1256 ii.
969 1225 1026 1256 col.
1044 1235 1112 1265 149.

453 1281 665 1312 Praemittitur
698 1280 796 1311 codici
830 1278 954 1314 notitia,
988 1282 1005 1294 ‘⁴
1020 1276 1114 1306 Liber
1144 1274 1232 1304 Usill.

431 1333 587 1369 Duraunt‚
612 1333 733 1374 legatus
764 1331 868 1362 domui
899 1329 1063 1360 scolarium
1087 1328 1125 1357 sle
1148 1327 1233 1357 Mer-

432 1390 506 1416 tone
527 1385 557 1415 in
575 1385 677 1415 Oxon.
695 1388 727 1415 et
750 1383 901 1413 liberatus
926 1382 1025 1412 eidem
1051 1379 1156 1410 domui
1179 1389 1235 1420 por

432 1437 611 1467 Johannem
636 1435 844 1471 XVendovere,
869 1437 1066 1464 executorem
1097 1430 1234 1471 ejusdem

431 1487 581 1517 Willelmi
598 1486 764 1521 Duraunt3
790 1488 878 1516 orate
894 1494 951 1525 pro
966 1481 1128 1523 utroque.”

348 1654 468 1688 Codex
498 1653 791 1687 membranaceus.
814 1652 848 1684 in
875 1651 967 1690 folio,
986 1650 1019 1684 ff.
1038 1653 1118 1689 157,
1146 1661 1233 1683 socc.

372 1712 440 1745 xiv.
472 1718 508 1745 et
535 1723 603 1750 xv„
639 1711 728 1744 binis
762 1709 932 1744 columnis
967 1714 1149 1747 exaratus3
1189 1719 1232 1741 ex

372 1770 488 1815 legato
508 1769 560 1803 M.
575 1768 632 1802 Jo.
652 1767 843 1813 Raynhani.
865 1767 899 1801 S.
913 1767 950 1800 T.
966 1766 1004 1799 P.
1024 1766 1103 1800 coll.
1125 1766 1232 1799 Mert.
1263 1809 1264 1814 1

372 1826 465 1860 socii.

392 1888 420 1916 1.
439 1885 584 1927 Hugonis
607 1885 645 1915 sle
666 1884 695 1915 S.
712 1884 842 1915 Victore
861 1895 954 1925 super
974 1884 1115 1925 Dionysii
1134 1884 1232 1914 Areo·
1262 1914 1264 1923 Α

455 1938 568 1979 pagitae
586 1937 741 1968 coelestem
757 1937 970 1967 hierarchiam.
996 1936 1046 1967 fol.
1064 1946 1092 1967 2.

498 1989 614 2019 Exstat
644 1988 783 2029 ilnpress.
814 1988 896 2019 inter
922 1988 963 2018 H.
992 1989 1030 2018 de
1057 1988 1088 2019 S.
1104 1987 1233 2019 Victore

477 2052 581 2082 opera.
599 2040 743 2081 Mogunt.
766 2041 853 2079 1617,
871 2051 900 2081 p.
913 2049 985 2080 340.

391 2098 420 2127 2.
439 2096 719 2135 Interpretationes
733 2096 889 2125 nominum
903 2095 1101 2125 Biblicorum.
1118 2094 1168 2124 fol.
1181 2104 1231 2134 49.
1263 2107 1264 2136 ᾗ

480 2147 673 2188 I1icip.“Aat
689 2147 925 2187 apprehendens
937 2147 983 2177 vel
999 2145 1233 2187 apprehensum*

393 2260 423 2289 3.
443 2258 487 2300 [S.
508 2258 745 2298 Bonaventurfe]
769 2257 857 2294 liber,
880 2257 932 2298 qui
956 2258 1094 2294 vocatur,
1112 2256 1172 2287 Via
1187 2255 1234 2286 vel

456 2309 560 2340 Diaeta
576 2309 695 2340 salutis.
719 2309 771 2339 fol.
787 2310 836 2349 65.

497 2360 596 2401 Incip.
612 2365 631 2378 “
648 2361 715 2391 Hec
732 2364 779 2391 est
795 2360 853 2397 via,
870 2365 929 2391 etc.
976 2360 1129 2401 Magnam
1144 2358 1233 2389 mise-

477 2411 643 2442 ricordiam
668 2412 785 2447 facit;”
809 2416 843 2442 ut
868 2412 950 2443 inter
974 2422 1079 2452 opera,
1100 2415 1176 2441 tom.
1193 2409 1232 2439 vi.
1263 2445 1264 2452 ἵ

477 2463 533 2493 col.
550 2464 619 2504 285.

502 2514 536 2544 [n
566 2514 659 2551 calce,
691 2514 862 2556 “Explicit
891 2514 980 2551 liber,
1011 2514 1063 2555 qui
1094 2516 1231 2545 vocatur,
1263 2511 1264 2558 ζ

476 2565 571 2596 Dieta
586 2566 633 2596 vel
649 2566 697 2596 via
712 2566 851 2597 salutis.”

392 2623 421 2651 4.
435 2621 555 2652 Tabula
565 2632 693 2662 operum
702 2621 932 2657 misericordiae,
943 2623 1142 2661 peccatorum
1153 2629 1232 2648 mor-

455 2672 573 2708 talium,
581 2677 654 2711 etc,
663 2673 825 2703 divisiones
836 2672 953 2703 seilicet
963 2682 1020 2713 pro
1031 2670 1232 2702 sermonibus.

455 2723 506 2754 fol.
524 2732 577 2762 107
594 2723 622 2754 b.

498 2774 596 2816 Incip.
616 2779 633 2792 “
646 2774 742 2806 Cecos
757 2775 799 2806 ad
815 2774 987 2805 Dominum
1002 2772 1162 2815 (lirigore.”

1306 247 1337 275 5.
1353 244 1474 275 Tabula
1499 243 1620 274 Nicolai
1647 242 1755 273 Trivet
1785 253 1877 283 super
1905 243 2070 285 allegorias
2099 244 2172 275 libri

1370 295 1473 326 Ovidii
1503 295 1541 326 de
1568 293 1814 331 transformatis,
1836 294 2005 324 secundum
2031 294 2172 325 ordinem

1370 346 1540 388 alphabeti.
1564 345 1616 376 fol.
1634 355 1702 375 111.

1415 397 1512 438 Incip.
1539 395 1694 431 “Abbas‚
1720 406 1739 426 a
1768 395 1922 426 monacho
1947 407 2065 427 veneno
2092 396 2172 427 occi-

1393 448 1487 484 ditur,
1504 448 1583 478 libro
1598 458 1627 485 4.
1644 446 1750 477 fabula
1767 447 1814 477 2.”

1306 511 1334 542 6.
1353 511 1503 551 Ejusdem
1529 509 1649 540 Nicolai
1677 509 1870 540 moralizatio
1896 509 2072 541 fabularum
2100 511 2171 542 Ovi-

1370 562 1423 598 dii,
1440 561 1503 592 sive
1519 560 1763 592 commentarius
1778 571 1871 601 super
1887 560 1988 592 Ovidii
2004 565 2172 592 metamor-

1370 613 1494 653 plioses.
1520 611 1572 642 fol.
1589 620 1659 650 124.

1414 664 1512 705 Incip.
1528 667 1548 681 “
1561 663 1593 693 A
1612 662 1746 693 veritate
1771 662 1896 703 quidem
1920 663 2062 694 auditum
2087 674 2172 694 aver·

1391 719 1460 746 tent
1476 714 1597 745 fabulas
1612 718 1687 745 ante
1703 714 1953 744 convertentur.”

1307 877 1336 908 7.
1354 875 1505 913 Libellus,
1520 875 1573 916 qui
1594 875 1709 906 dicitur
1726 875 1919 906 Viridarium
1941 875 2173 913 consolationis,

1370 932 1476 968 partes
1492 938 1519 958 v.
1547 931 1579 958 et
1603 927 1764 968 octoginta
1789 930 1947 958 tractatus
1973 927 2173 968 comprehen-

1370 979 1454 1008 dens.
1478 977 1530 1008 fol.
1552 987 1619 1018 154.

1416 1029 1512 1070 Incip.
1531 1032 1549 1045 ‘⁶
1563 1028 1639 1059 Vidi
1654 1028 1788 1059 bestiam
1805 1029 2055 1060 ascendentem.”

1416 1081 1452 1111 In
1482 1080 1576 1118 calce,
1609 1085 1628 1097 “
1646 1081 1783 1122 Explicit
1814 1080 2006 1111 Viridarium
2035 1081 2171 1112 consola-

1393 1132 1520 1163 cionis.”

1307 1198 1336 1226 8.
1354 1195 1513 1232 Mauricii,
1524 1195 1659 1237 archiep.
1675 1195 1949 1236 RothomagensiS,
1961 1195 2063 1226 oratio
2078 1196 2119 1227 ad
2135 1196 2172 1227 B.

1372 1247 1413 1277 V.
1431 1247 1579 1278 Mariam.
1603 1247 1655 1277 fol.
1676 1255 1740 1287 157.

1415 1299 1478 1329 Tit.
1496 1303 1514 1316 “
1528 1299 1641 1329 Oracio
1657 1297 1765 1329 Sancti
1783 1297 1921 1328 Maureti
1939 1297 2172 1339 Rothomagen-

1393 1351 1434 1381 sis
1450 1350 1674 1391 archiepiscopi
1690 1350 1731 1380 ad
1746 1349 1914 1391 gloriosam
1930 1349 2112 1391 virginem.”

1416 1401 1515 1443 Incip.
1533 1406 1554 1419 “
1568 1401 1739 1443 Singularis
1755 1401 1889 1432 meriti?

1620 1522 1839 1557 LXXXVI.

1263 1605 1264 1608 =
1287 1586 1407 1620 Codex
1439 1584 1735 1623 membranaceus,
1767 1584 1802 1617 in
1829 1583 1921 1623 folio,
1946 1583 1980 1617 ff.
1996 1586 2078 1624 285,
2106 1596 2172 1618 sec.

1310 1645 1393 1684 xiv„
1411 1643 1501 1678 binis
1519 1642 1691 1677 columnis
1710 1647 1883 1676 exaratus.

1328 1708 1469 1749 Dionysii
1486 1707 1688 1749 Areopagitse
1705 1718 1801 1748 opera
1817 1718 1886 1738 cum
1902 1712 2078 1738 commento
2093 1707 2174 1737 locu—

1348 1759 1534 1801 pletissimo3
1555 1759 1698 1800 glossulis
1714 1759 1835 1800 aliquot
1847 1758 1980 1799 adjectis
1995 1758 2173 1799 marginali-

1348 1812 1415 1847 bus,
1434 1811 1552 1847 Latine,
1570 1810 1696 1847 scilicet,

1329 1872 1355 1901 l.
1373 1870 1421 1900 De
1436 1869 1552 1900 caelesti
1568 1869 1753 1900 hierarchia.
1778 1869 1830 1899 fol.
1850 1880 1872 1899 1.

1435 1921 1531 1962 Incip.
1562 1921 1680 1962 prolog.
1708 1925 1727 1938 “
1742 1920 1950 1952 Nobilitatem
1983 1921 2109 1962 quidem
2141 1928 2173 1952 et

1414 1972 1586 2013 preclarum
1602 1972 1634 2002 in
1650 1972 1768 2002 diviciis
1784 1972 1957 2002 beatissimi
1973 1972 2137 2004 Dionisii.”

1433 2024 1532 2065 Incip.
1550 2028 1714 2054 comment.
1725 2023 1875 2054 “Horum
1891 2024 1943 2065 qui
1959 2023 2042 2054 huuc
2058 2023 2172 2055 librum

1412 2076 1450 2105 de
1467 2076 1568 2106 Greco
1584 2076 1615 2105 in
1632 2075 1813 2106 Latinum.”

1327 2141 1346 2169 20

1350 2165 1355 2169 .
1373 2140 1420 2170 Dc
1437 2139 1647 2171 ecclesiastica
1662 2138 1848 2170 hierarchia.
1873 2137 1924 2168 fol.
1939 2138 1988 2168 86.

1434 2191 1532 2233 Incip.
1550 2195 1715 2223 comment.
1727 2194 1745 2207 “
1760 2190 1855 2221 Liber
1870 2189 1909 2220 de
1924 2188 2064 2230 angelica
2079 2189 2173 2220 ierar-

1412 2243 1482 2274 chia
1497 2242 1568 2273 huic
1584 2242 1696 2273 libro.”

1435 2294 1616 2334 Sequuntur
1631 2292 1768 2334 capitula
1783 2291 1944 2333 Angelicae
1966 2294 1998 2322 et
2014 2290 2172 2322 ecclesias-

1412 2345 1481 2376 ticae
1511 2344 1695 2376 hierarchiae
1726 2343 1784 2374 sub
1810 2343 1995 2384 compendio
2015 2352 2171 2383 expressa,

1412 2407 1481 2427 cum
1502 2396 1640 2438 prologo,
1658 2395 1750 2436 incip.
1768 2399 1787 2411 “
1801 2394 1999 2426 Intenciones
2020 2397 2053 2424 et
2076 2393 2172 2424 conti-

1412 2447 1537 2478 nencias
1553 2446 1778 2487 singulorum.'’

1325 2513 1357 2543 3.
1376 2511 1425 2542 Dc
1441 2511 1552 2542 divinis
1567 2509 1753 2540 nominibus.
1777 2509 1828 2539 fol.
1847 2507 1915 2550 169.

1434 2562 1532 2603 Incip.
1550 2566 1568 2578 “
1582 2561 1761 2602 Scripturus
1780 2560 1838 2591 iste
1854 2565 1944 2602 pater
1960 2560 2071 2591 beatus
2088 2559 2171 2600 Dyo-

1411 2616 1517 2649 nisius,
1534 2616 1586 2657 qui
1602 2616 1691 2646 labor
1706 2614 1829 2646 excedit
1845 2614 1997 2645 omne1n.”

1307 2675 1310 2678 ”
1328 2670 1357 2698 4.
1374 2668 1424 2699 De
1440 2668 1572 2709 mystica
1587 2666 1753 2707 theologia.
1778 2666 1828 2696 fol.
1845 2667 1914 2705 276.

1434 2719 1533 2760 Incip.
1559 2722 1578 2736 “
1598 2717 1736 2759 Mystica
1765 2716 1923 2757 theologia
1954 2719 2002 2746 est
2031 2714 2170 2746 secretis-

1413 2770 1491 2801 sima
1506 2774 1538 2801 et
1554 2780 1615 2800 non
1628 2769 1695 2810 jam
1711 2779 1766 2810 per
1781 2767 1970 2810 speculum.”
