2254 3117
703 145 942 182 COLLEGII
969 145 1282 183 ORIELENSIS.
1862 155 1905 185 15

86 249 135 281 17.
153 247 327 278 Innocentii
351 257 440 289 papae
461 246 501 278 ad
525 246 727 288 Exuperium,
749 257 796 287 ep.
818 245 966 276 Tholosa-

169 311 251 330 num.
275 299 326 330 sol.
343 310 394 341 30.

212 350 310 391 Incip.
330 355 347 367 ‘³
360 350 540 382 Consulenti
556 349 642 381 tibi.”

85 407 135 437 18.
152 406 301 447 Ejusdem
314 406 353 436 ad
368 406 556 436 Macedones
568 404 727 445 episcopos
740 403 880 445 epistola.
892 403 931 443 f.3
943 413 964 432 1.

212 457 310 498 Incip.
327 462 344 474 ‘⁴
360 457 478 497 Magna
493 456 569 486 1ne.''

86 513 135 544 19.
152 511 240 542 Idem
265 512 305 542 ad
332 511 527 548 Decentium,
554 509 752 550 Eugubinum
777 508 963 550 episcopum.

170 562 221 592 fol.
238 572 276 603 33
295 562 322 592 b.

214 613 311 654 Incip.
329 618 346 630 “
360 613 392 644 Si
408 612 584 643 instituta.”

85 666 135 695 20.
154 665 240 695 Idem
255 665 295 695 ad
313 664 506 700 Victricimm
523 674 570 703 cp.
587 662 774 703 Rothomag.
799 662 849 692 fol.
861 672 912 703 34.

212 716 308 757 Incip.
327 721 344 733 ⁶⁴
361 715 430 746 Etsi
447 715 535 746 tibi.’'

85 772 135 801 21.
152 771 292 802 Canones
315 771 408 802 xxvii.
430 770 550 801 concilii
571 769 843 806 Chalcedonensis,
858 769 966 810 praefa-

169 830 202 853 to
216 828 375 864 gestorum
391 822 506 852 ordine.
531 821 581 851 fol.
598 830 648 862 37.

213 874 311 914 Incip.
328 878 346 891 ‘⁶
358 873 505 904 Victores
520 872 789 904 Valentinianus.”

213 925 249 955 In
272 935 368 966 marg.
386 925 437 955 fol.
453 926 492 966 38
519 928 658 961 notatur,
681 924 800 955 “Nota
824 924 906 965 quod
931 935 967 955 ea

191 987 259 1016 quae
275 975 486 1016 suprascripta
503 979 575 1006 sunt
598 976 636 1006 de
660 976 878 1016 congreganda
898 986 967 1016 syn-

191 1028 251 1057 odo
279 1027 523 1058 Chalcedonensi
555 1030 587 1057 et
619 1026 805 1057 allocutione
830 1026 967 1067 Impera-

190 1079 266 1110 toris
282 1079 313 1109 in
329 1079 415 1109 novis
430 1079 658 1120 exemplaribus
678 1089 739 1109 non
760 1078 966 1109 inveniuntur.

191 1131 312 1162 Cretera
339 1130 441 1161 onmia
472 1130 510 1160 cle
537 1130 598 1160 ista
627 1130 744 1170 synodo
771 1129 969 1160 inveniuntur

191 1193 281 1212 sensu
304 1182 411 1212 eodem
437 1182 490 1212 sed
515 1181 607 1212 litera
633 1182 813 1222 plerumque
837 1181 966 1212 diversa.

191 1233 331 1274 Denique
355 1233 386 1263 in
411 1233 506 1263 veteri
532 1233 701 1272 exemplari
727 1244 788 1263 non
814 1233 969 1263 invenitur

190 1285 220 1315 in
244 1285 394 1326 symbolQ
413 1285 564 1326 Spiritum
581 1284 731 1315 Sanctum
748 1285 914 1325 procedere
930 1295 968 1314 ex

191 1336 288 1366 Patre
311 1340 343 1366 et
370 1336 461 1372 Filio,
485 1337 538 1366 sed
565 1340 690 1367 tantum
712 1347 731 1366 a
755 1335 861 1372 Patre,
889 1336 968 1366 sicut

191 1388 343 1430 hodieque
366 1388 467 1419 Graeci
494 1388 610 1419 dicunt.
668 1387 773 1419 Latini
798 1399 870 1418 vero
896 1388 968 1418 dici-

190 1450 259 1470 mus
274 1450 312 1470 ex
330 1439 426 1470 Patre
449 1447 481 1470 et
506 1439 586 1470 Filio
608 1451 677 1470 eum
701 1440 868 1481 procedere
890 1440 968 1470 sicut

190 1491 221 1521 in
237 1491 324 1522 novis
339 1491 566 1532 exemplaribus
581 1493 732 1533 scriptum
747 1492 823 1523 est.”

86 1543 135 1573 22.
160 1543 315 1574 Marciani
343 1543 547 1584 Imperatoris
583 1544 786 1575 Confirmatio
828 1548 969 1575 actorum

170 1595 277 1636 synodi
294 1595 490 1635 supradicta).
517 1595 566 1626 fol.
582 1606 617 1634 41
639 1595 667 1626 b.

214 1646 313 1686 Incip.
333 1651 351 1663 ‘⁶
366 1646 506 1677 Tandem
522 1647 718 1687 aliquando.”

88 1698 138 1728 28.
157 1697 202 1728 Id.
214 1698 254 1728 ad
267 1697 442 1728 Palladium
455 1698 655 1739 praepositum
666 1699 704 1729 de
715 1699 823 1729 eadem
835 1709 878 1729 re.
893 1698 969 1736 f.42.

215 1749 313 1790 Incip.
332 1753 350 1766 “
365 1749 583 1780 Venerabilem
599 1750 787 1780 catliolicae.”

88 1801 137 1830 24.
156 1800 244 1831 Idem
265 1800 303 1831 de
324 1800 493 1831 obtinenda
513 1800 574 1831 fide
595 1800 748 1832 catholica
772 1801 857 1832 etde
875 1800 971 1842 Euty-

173 1851 333 1882 chianistis
349 1856 381 1882 et
397 1851 639 1893 Apollinaristis.
663 1852 714 1882 fol.
727 1861 767 1889 42
784 1852 813 1882 b.

216 1903 314 1944 Incip.
332 1907 351 1921 “
370 1903 457 1933 Licet
469 1903 535 1943 jam
551 1903 788 1933 sacratissimas*

133 1978 138 1984 .
156 1954 255 1984 Siricii
271 1965 360 1996 papae
381 1954 421 1984 ad
445 1954 632 1991 Himerium‚
650 1965 697 1995 ep.
714 1954 893 1991 Tarracon„
907 1955 969 1997 epi-

175 2005 264 2036 stola.
287 2005 339 2035 fol.
353 2016 392 2046 ⁴3
410 2005 438 2035 b.

219 2056 316 2097 Incip.
336 2060 354 2073 “
367 2056 496 2086 Directa
511 2055 551 2086 ad
568 2055 789 2086 decessorein.”

89 1954 129 1984 a

92 2107 141 2138 26.
159 2107 308 2148 Ejusdem
331 2107 462 2149 epistola.
491 2108 532 2138 ad
562 2108 722 2148 episcopos
746 2108 973 2149 provinciarum

176 2159 382 2190 orientalium.
406 2158 456 2188 fol.
469 2160 519 2196 46.

220 2210 318 2250 Incip.
335 2214 353 2226 ‘⁸
366 2209 525 2250 Optimam
541 2210 691 2250 semper-f*

93 2262 145 2292 27.
162 2260 358 2301 Rescriptum
380 2260 537 2290 Ambrosii
561 2266 592 2291 et
613 2266 796 2291 caeterorum
819 2262 974 2303 episcopo-

178 2322 246 2341 rum
262 2311 300 2341 de
316 2311 433 2342 eodem.
456 2311 508 2342 fol.
521 2321 571 2351 47.

223 2362 320 2403 Incip.
339 2367 357 2378 “
374 2362 620 2403 Recognovimus
635 2363 665 2393 in
681 2363 812 2394 literis.”

94 2415 144 2443 528.
161 2412 277 2443 Zosimi
293 2424 382 2454 papae
400 2413 440 2443 ad
465 2413 655 2455 Hesychium
678 2414 892 2445 Salonitanum
914 2416 974 2457 epi—

181 2464 269 2495 stola.
293 2464 343 2494 fol.
356 2465 396 2504 48
414 2465 443 2495 b.

224 2516 321 2556 Incip.
339 2519 356 2533 ‘⁴
371 2515 479 2556 Exigit
495 2516 649 2547 dilecti0.”

97 2569 147 2601 29.
166 2567 313 2608 Ejusdem
329 2567 459 2608 epistola
483 2568 522 2597 ad
550 2567 756 2609 presbyteros.
774 2572 831 2599 etc.
858 2568 976 2600 Raven—

182 2624 334 2649 natenseS.
357 2617 407 2648 fol.
424 2628 475 2658 49.

226 2669 322 2710 Ineip.
343 2674 360 2685 ⁴·
373 2669 422 2699 Ex
438 2669 620 2700 relatione.”

98 2721 149 2750 30.
166 2720 316 2750 Bonifacii
337 2730 426 2761 papae
445 2720 576 2761 epistola
591 2721 630 2751 ad
650 2720 815 2759 Hilarium,
832 2733 879 2763 ep.
897 2721 974 2752 Nar-

184 2772 254 2803 bon.
271 2772 309 2803 de
325 2772 481 2803 Patroclo.
504 2771 554 2803 fol.
571 2782 621 2812 49.

1147 244 1246 286 Incip.
1264 250 1283 263 “
1298 245 1460 277 Difficilem
1476 245 1629 288 quidems'

1019 300 1070 330 81.
1088 299 1245 331 Coelestiui
1262 313 1350 343 papa¹
1367 303 1497 344 epistola
1512 303 1553 334 ad
1569 302 1728 345 episcopos
1746 301 1899 333 Viennen-

1105 362 1152 381 ses
1168 356 1199 382 et
1216 352 1447 384 Narbonenses.
1471 354 1575 393 1'01-49
1593 354 1621 384 b.

1147 403 1244 444 Incip.
1262 408 1279 421 ‘⁴
1296 405 1486 446 Cuperenms
1503 405 1653 446 quidemf

1019 458 1070 487 32.
1088 457 1175 489 Idem
1190 460 1230 489 ad
1246 460 1406 501 episcopos
1423 461 1556 501 Apuliae,
1572 466 1629 492 ete.
1653 461 1705 491 fol.
1722 470 1772 501 51.

1150 510 1245 551 Incip.
1263 516 1280 528 ‘⁶
1296 511 1378 542 Nulli
1395 513 1622 544 sacerdotum.”

1020 565 1070 595 33.
1089 565 1253 606 Expositio
1278 567 1348 597 fidei
1373 567 1531 598 catholicae
1555 573 1664 599 contra
1683 568 1813 599 luuresin
1830 567 1900 598 Ari-

1104 627 1216 653 anam3
1240 628 1361 647 annexa
1379 618 1520 649 Faustini
1540 619 1711 660 presbyteri
1727 619 1787 649 fide
1803 619 1900 649 Theo-

1105 667 1191 697 dosio
1211 666 1397 708 Imperatori
1414 669 1516 699 missa.
1540 669 1591 700 fol.
1606 680 1642 710 51
1664 671 1691 701 b.

1149 716 1247 757 Incip.
1266 722 1283 734 “
1296 717 1361 748 Nos
1378 717 1505 749 Patrem
1522 724 1553 750 et
1571 720 1722 750 Filium.'”

1020 771 1071 801 84⁴.
1090 771 1181 802 Alter
1196 772 1316 803 libellus
1332 773 1412 803 fidei.
1437 773 1491 804 fol.
1505 783 1556 814 52.

1149 823 1246 865 Incip.
1265 828 1282 840 ‘⁴
1296 824 1459 855 Credimus
1475 836 1569 855 unum
1586 825 1733 856 Theuni.”

1021 880 1070 909 35.
1088 879 1119 909 S.
1135 879 1304 921 Augustini
1327 879 1447 911 libellus
1470 881 1508 911 de
1536 882 1596 912 fide
1619 882 1769 912 catholiea
1794 889 1902 913 contra

1106 941 1212 961 omnes
1229 931 1372 961 haereses.
1398 931 1448 962 fol.
1467 940 1505 972 52
1524 932 1552 962 b.

1150 982 1248 1024 Incip.
1266 988 1283 999 *⁴
1297 983 1459 1014 Credimus
1474 983 1504 1013 in
1521 994 1615 1013 unum
1631 985 1762 1014 verums'*

1021 1036 1072 1068 86.
1089 1037 1242 1079 Exempla
1259 1037 1508 1068 testimoniorum
1523 1038 1577 1069 SS.
1591 1038 1721 1069 Pati-um
1735 1039 1772 1069 ‹le
1785 1040 1904 1070 duabus

1106 1089 1228 1120 naturis
1245 1089 1275 1119 in
1292 1100 1353 1120 una
1366 1100 1501 1130 persona
1518 1089 1641 1120 Domini
1658 1091 1764 1120 nostri.
1790 1091 1839 1121 sol.
1850 1101 1902 1131 53.

1151 1144 1247 1185 Incip.
1265 1150 1282 1161 ‘·
1300 1145 1349 1174 Ex
1372 1145 1450 1175 libro
1473 1145 1607 1175 secundo
1632 1152 1738 1176 contra
1756 1146 1905 1176 Arrianos

1129 1196 1160 1226 S.
1176 1195 1319 1226 Hilarii.”

1022 1253 1071 1284 37.
1089 1252 1189 1283 Gesta
1205 1252 1415 1282 damnationis
1435 1252 1620 1293 Eutychetis
1639 1252 1670 1282 in
1690 1253 1807 1293 synodo
1824 1253 1905 1283 CPw

1107 1304 1216 1341 litana,
1232 1315 1301 1334 eum
1318 1304 1605 1345 subscriptionibus.
1630 1304 1680 1334 fol.
1697 1307 1748 1345 56.

1151 1359 1250 1400 Incip.
1268 1364 1286 1376 ‘⁶
1299 1359 1498 1400 Congregata
1514 1360 1650 1389 rursus*

1022 1415 1072 1444 38.
1091 1413 1232 1452 Qualiter
1260 1413 1438 1450 Dioscorus,
1470 1425 1517 1455 ep.
1542 1414 1783 1450 Alexandrinus,
1812 1415 1908 1455 Euty-

1107 1465 1189 1496 eheti
1214 1465 1411 1496 consentiens
1427 1466 1457 1496 in
1474 1477 1521 1503 ea,
1538 1477 1600 1507 qua
1620 1471 1744 1506 preerat
1768 1466 1842 1506 ipse.
1861 1477 1907 1495 ec-

1107 1517 1200 1547 clesia
1228 1517 1274 1547 vel
1302 1516 1365 1547 CP.
1397 1528 1533 1548 errorem
1563 1517 1721 1548 induxerit
1748 1529 1843 1558 usque
1869 1518 1909 1547 ad

1107 1572 1232 1609 tempus
1260 1579 1320 1609 quo
1348 1569 1482 1599 Aeacius
1504 1573 1551 1599 est
1573 1569 1749 1604 damnatus,
1767 1569 1818 1610 qui
1836 1568 1907 1598 Fla-

1109 1619 1189 1650 viani
1202 1620 1371 1650 successori
1384 1620 1547 1651 Anatholii
1560 1624 1758 1650 successerat.
1771 1620 1822 1649 fol.
1832 1619 1907 1659 58b.

1152 1671 1251 1712 Incip.
1269 1676 1288 1688 “
1304 1671 1421 1702 Postea
1437 1682 1529 1712 quam
1546 1671 1743 1702 Dioscorus.”

1023 1727 1073 1759 559.
1091 1725 1239 1767 Simplicii
1262 1737 1351 1767 papae
1377 1726 1520 1767 Epistola
1545 1727 1584 1757 ad
1602 1727 1752 1757 Acacium
1769 1730 1803 1756 ut
1825 1736 1909 1755 scan-

1109 1777 1181 1807 dala
1207 1777 1278 1808 eccl.
1303 1777 1527 1809 Alexandrinae
1550 1778 1691 1813 auferat;
1716 1789 1785 1808 cum
1802 1777 1909 1807 Aeacii

1110 1839 1267 1869 responso.
1291 1828 1341 1859 fol.
1357 1839 1397 1869 59
1415 1829 1444 1860 b.

1154 1878 1251 1919 Incip.
1267 1882 1285 1895 “
1298 1879 1535 1921 Cogitacionum
1553 1879 1674 1910 ferias.”

1026 1935 1074 1964 40.
1094 1933 1205 1964 Felicis
1216 1944 1305 1975 papae
1320 1934 1452 1975 epistola
1463 1935 1613 1965 Acacium
1627 1934 1813 1965 damnantis.
1827 1934 1845 1963 f.
1859 1936 1907 1963 oc.

1154 1985 1250 2026 Incip.
1268 1989 1289 2003 “
1303 1985 1479 2016 Multarum
1495 1985 1802 2027 transgressiomlm.''

1026 2040 1075 2069 41.
1093 2039 1209 2069 Gelasii
1225 2050 1312 2080 papae
1326 2040 1498 2081 disputatio
1514 2041 1552 2070 de
1568 2039 1775 2070 anathematis
1791 2038 1908 2069 vinculo

1110 2090 1141 2120 in
1159 2089 1318 2120 Acacium.
1344 2090 1395 2121 fol.
1410 2092 1459 2121 61.

1155 2141 1251 2182 Incip.
1269 2146 1287 2158 “
1302 2141 1391 2172 Sedis
1407 2141 1614 2183 apostolicae.”

1027 2199 1075 2227 42.
1097 2196 1182 2227 Idem
1198 2198 1238 2228 ad
1256 2197 1409 2228 Faustum
1425 2203 1535 2228 contra
1547 2197 1685 2227 eundem.
1710 2196 1759 2226 sol.
1773 2198 1812 2232 64
1826 2196 1853 2225 b.

1155 2248 1252 2290 Incip.
1271 2252 1288 2266 ⁴⁶
1303 2249 1372 2290 Ego
1388 2259 1510 2289 quoque
1527 2248 1657 2278 mente.w

1028 2305 1078 2334 43.
1096 2303 1184 2334 Idem
1200 2304 1240 2334 ad
1256 2304 1460 2334 Anastasium
1478 2304 1556 2344 Imp.
1580 2303 1629 2333 sol.
1644 2303 1691 2332 66.

1158 2355 1254 2396 Incip.
1273 2360 1293 2372 “
1308 2354 1431 2385 Famuli
1448 2359 1548 2385 vestre
1564 2352 1717 2394 pietatiS.”

1028 2412 1077 2440 44.
1097 2411 1184 2440 Idem
1201 2411 1241 2440 ad
1258 2410 1418 2450 episcopos
1434 2409 1611 2440 Dardanize.
1636 2407 1684 2437 fol.
1703 2409 1740 2437 68
1759 2407 1786 2435 b.

1157 2461 1255 2502 Incip.
1275 2466 1292 2477 ⁴⁸
1307 2460 1408 2491 Valde
1424 2460 1527 2491 mirati
1544 2458 1676 2489 sumuss'

1029 2514 1078 2542 45.
1096 2512 1145 2543 Ex
1171 2513 1308 2554 ejusdem
1333 2511 1464 2553 epistola
1488 2511 1527 2541 ad
1549 2509 1707 2550 episcopos
1724 2508 1905 2538 Orientales.

1113 2563 1164 2594 sol.
1182 2573 1219 2602 72
1238 2563 1267 2594 b.

1158 2614 1255 2654 Incip.
1274 2618 1291 2630 ‘⁴
1303 2614 1377 2644 Post
1393 2612 1467 2643 alia.
1513 2610 1592 2650 Quid
1609 2620 1682 2650 ergo
1698 2609 1780 2639 istis*

1030 2667 1078 2699 46.
1096 2668 1262 2699 Athanasii
1285 2669 1326 2699 ad
1351 2668 1531 2708 Epictetum
1557 2676 1603 2706 ep.
1630 2664 1769 2696 Corinth.
1794 2665 1909 2705 episco-
1959 2657 1981 2674 'l

1113 2731 1198 2760 pum,
1216 2720 1254 2750 dc
1269 2718 1394 2749 Domini
1410 2716 1629 2748 incarnatione.
1653 2715 1704 2746 sol.
1718 2717 1755 2755 76
1773 2715 1799 2746 b.

1156 2775 1254 2816 Incip.
1273 2778 1290 2791 ‘⁴
1304 2774 1372 2814 Ego
1389 2773 1512 2813 quidem
1529 2771 1706 2813 putabams’
