2254 3117
367 169 435 199 110

514 255 574 285 Τ11.
607 260 624 269 ‘¹
638 251 749 293 Incipit
780 250 924 291 prologus
958 249 989 278 in
1023 248 1237 289 compendium

493 304 661 344 theologice
676 301 844 332 ve1·itatis.”

515 356 627 385 Exstat
644 353 673 383 in
692 352 772 382 Mus.
786 351 864 381 Brit.
879 350 947 380 MS.
961 350 1026 379 cod.
1042 349 1129 379 Harl.
1148 358 1235 389 1003,

494 405 621 444 AEgidio
632 403 771 433 Romano
784 401 945 435 tributum,
960 406 991 430 ct
1007 400 1144 440 impress.
1158 399 1238 429 inter
1270 414 1271 438 3

494 467 560 496 opp.
578 453 700 484 Alberti
720 452 838 493 Magni,
854 457 885 482 et
902 452 1137 481 Bonaventurae.

516 507 552 535 In
569 505 650 535 calce
666 509 737 534 sunt
760 503 887 533 rubricae
908 503 1144 542 uniuscujusque
1160 501 1239 536 libri,
1271 532 1273 540 y

494 561 523 584 et
549 560 668 595 postea,
695 553 861 594 “Explicit
885 552 1098 593 compendium
1124 551 1240 581 tlieolo-
1272 566 1273 570 =

492 606 557 646 gice
574 605 713 635 veritatis
729 603 931 644 compositum
951 614 1006 644 per
1023 603 1187 642 Hugonem
1203 602 1240 631 de
1272 612 1274 634 '.

494 656 676 697 Argentina,
708 655 856 696 scriptum
887 665 940 695 per
970 653 1172 684 Theodricum
1204 653 1241 681 (le

496 707 644 737 Huesden
673 706 897 746 presbyterum,
926 705 1044 735 linitum
1071 715 1151 734 anno
1180 703 1241 733 Do-

493 758 565 788 mini
579 763 632 787 111.ο
643 762 734 787 000οΡ
745 756 848 797 lxviij„
865 757 964 787 altera
980 755 1028 785 die
1044 759 1114 795 post
1130 754 1241 784 festum

495 808 629 848 Odulphi
647 807 753 837 Co11f.”

517 859 673 899 Sequitur,
705 857 922 898 “Mysterium
953 861 1069 897 septem
1100 856 1241 885 horarum
1274 872 1275 875 =

495 909 737 939 canonicarum.”

411 976 437 1003 Q.
458 973 602 1008 Libellus,
617 973 666 1013 qui
682 972 803 1006 dicitur,
819 971 914 1001 Stella
927 970 1116 1004 clericorum,
1129 969 1166 999 de
1179 969 1242 1009 ‹lig-

475 1023 573 1053 nitate
589 1027 621 1052 et
637 1021 853 1051 informatione
870 1021 1072 1051 sacerdotum.
1097 1020 1146 1049 fol.
1161 1030 1211 1056 94.

518 1072 579 1102 Tit.
597 1078 614 1088 ‘¹
628 1071 742 1111 Incipit
759 1071 848 1101 stella
865 1071 1043 1101 clericorum
1059 1069 1224 1099 notandas*

519 1123 616 1163 Incip.
643 1128 659 1136 ‘¹
673 1121 766 1160 Quasi
790 1121 879 1152 stella
905 1122 1059 1151 matutina
1086 1121 1114 1150 in
1145 1120 1244 1149 medio

498 1173 615 1210 nebule,
648 1173 678 1202 id
716 1178 774 1208 est,
806 1178 1002 1212 peccatorum
1040 1171 1244 1212 proprietates

498 1224 589 1262 hujus
605 1223 720 1253 stelles*

522 1275 557 1303 In
585 1274 677 1310 calce,
703 1280 719 1288 ‘¹
734 1273 869 1312 Explicit
893 1273 979 1303 stella
1003 1273 1191 1303 clericorum.
1215 1272 1244 1301 in
1276 1271 1278 1288 ’-

500 1337 560 1365 qua
582 1326 619 1355 de
643 1325 794 1365 dignitate
817 1329 848 1354 et
870 1324 1086 1354 informacione
1109 1323 1243 1364 prelato-

498 1386 565 1405 I'Ulll
587 1386 622 1405 ac
645 1380 803 1416 pastorum
824 1385 939 1404 HCCUOH
961 1374 1153 1404 sacerdotum
1180 1385 1245 1414 ltel'-
1277 1378 1278 1383 ¹

499 1426 683 1456 t.ractatu1·.”

523 1477 698 1517 Sequuntur
713 1487 827 1511 versus,

472 1534 487 1541 '¹
503 1527 619 1557 Prolati
635 1531 749 1557 temere
765 1527 893 1557 credunt
911 1527 967 1557 sibi
984 1532 1094 1557 cuncta
1109 1527 1208 1563 licere,

501 1577 598 1607 Omne
610 1577 726 1617 nephas
738 1576 891 1617 Cayphas,
905 1587 970 1606 esse
982 1580 1095 1617 putant
1110 1576 1168 1606 sibi
1184 1576 1246 1612 fas3

503 1627 550 1657 Vo
566 1627 677 1658 misero
692 1627 807 1657 mundo
823 1638 857 1658 vc
874 1627 965 1658 semel
981 1638 1076 1667 reque
1092 1628 1234 1662 secundo,

504 1679 547 1708 Vc
563 1689 617 1718 per
632 1678 820 1719 pontificum,
838 1679 968 1709 dedecus
984 1679 1187 1709 horrificum.”

419 1743 447 1771 3.
463 1741 615 1772 Guidom's
631 1742 668 1772 de
682 1742 955 1777 Monte-Rotherii,
970 1742 1045 1773 liber
1061 1742 1111 1783 qui
1124 1742 1247 1778 dicitur,

484 1792 661 1833 Manipulus
673 1793 869 1830 curatorum,
882 1793 911 1823 in
924 1798 987 1823 tres
1003 1798 1108 1833 partes
1124 1793 1248 1823 distinc-

482 1846 544 1878 tus,
568 1853 637 1872 cum
657 1842 802 1883 prologo;
835 1843 946 1883 praevia
970 1843 1009 1873 ad
1034 1843 1249 1883 Raymundum

484 1892 638 1923 Valentiae
662 1893 835 1934 episcopum
862 1894 1000 1934 epistola,
1026 1894 1088 1924 dat.
1116 1893 1250 1929 Tucroli,

486 1953 574 1984 1333·
599 1944 649 1974 fol.
664 1954 703 1984 99
718 1945 745 1974 b.

526 1994 587 2024 Tit.
607 2000 624 2009 “
640 1994 754 2035 Incipit
771 1994 950 2035 Manipulus
967 1995 1152 2026 Curatorum
1173 2006 1251 2024 com-

505 2045 622 2085 positus
645 2057 663 2075 a
686 2046 850 2076 venerabili
874 2047 1021 2087 magistro
1044 2047 1190 2077 Gwidone
1213 2047 1251 2076 de

506 2096 615 2126 Monte
650 2096 789 2127 Rothcrii
826 2097 863 2126 de
900 2103 1016 2137 septem
1051 2097 1251 2127 sacramentis

505 2146 658 2177 ecclesie.”

528 2197 641 2228 Exstat
663 2198 798 2238 impress.
814 2198 909 2228 Paris.
927 2200 1014 2238 1476,
1028 2204 1058 2229 et
1074 2210 1154 2239 saepe
1169 2199 1251 2229 alibi.
1283 2213 1284 2241 j

529 2249 564 2277 In
582 2248 674 2283 calce,
694 2254 710 2262 ‘¹
728 2248 861 2289 Explicit
879 2249 1051 2290 manipulus
1067 2250 1252 2280 Ciu-ntorum
1283 2248 1284 2265 ³

505 2299 692 2339 compositus
714 2310 769 2339 per
790 2300 970 2340 magistrum
986 2300 1164 2330 Gwidonem
1183 2311 1251 2329 con-

506 2348 639 2388 scriptus
655 2360 709 2389 per
725 2349 929 2379 Theodricum
946 2350 982 2379 dc
1000 2349 1158 2385 Huesden,
1171 2360 1252 2390 pres-

508 2398 650 2434 biterum,
674 2411 755 2430 anno
780 2400 902 2430 Domini
918 2407 973 2430 111.ο
983 2401 1191 2441 cccc.⁰lxviij.O
1211 2401 1252 2430 al-

508 2454 575 2478 tera
598 2450 646 2479 die
670 2455 739 2491 post
762 2451 954 2481 nativitatem
976 2451 1106 2492 gloriose
1130 2451 1254 2491 virginis

508 2499 639 2530 Marie.⁷’

529 2551 674 2591 Sequitur
690 2552 802 2583 notitia
818 2553 855 2583 de
873 2553 1083 2589 sacramentis,
1101 2553 1255 2593 quomodo

510 2601 675 2632 virtutibus
698 2604 876 2644 theologicis
899 2604 1165 2644 cardinalibusque
1189 2615 1253 2644 sep-

508 2656 571 2682 tem
587 2655 855 2694 correspondeant.

434 2704 452 2730 4.
471 2702 501 2731 S.
518 2702 676 2739 Bernardi,
700 2704 822 2734 abbatis
843 2704 1091 2741 Claraevallcnsis,
1109 2704 1255 2735 Homiliae

490 2763 580 2793 super
595 2753 688 2789 istud,
707 2760 712 2768 ‘
729 2755 842 2785 Missus
858 2759 905 2785 est
920 2755 1064 2785 Gabriel.⁷
1088 2755 1137 2785 fol.
1156 2757 1222 2784 161.

918 156 1215 193 CATALOGUS
1241 155 1474 190 CODICUM
1502 154 1609 188 MSS.

1436 251 1497 281 Tit.
1512 256 1530 265 ¹‘
1544 249 1657 290 Incipit
1670 250 1849 281 Bernardus
1861 261 1953 291 super
1964 251 2162 292 evangelium,

1418 301 1534 331 Missus
1550 300 1629 330 est.'⁷

1438 351 1574 381 Exstant
1596 350 1732 391 impress.
1754 350 1835 381 inter
1855 361 1960 391 opera,
1975 351 2048 382 edit.
2066 352 2163 384 Paris.

1421 404 1510 441 1690,
1527 406 1601 432 tom.
1616 401 1634 431 i.
1651 401 1706 432 col.
1721 410 1790 443 732.

1334 461 1363 488 5.
1384 458 1531 497 Ejusdem
1550 457 1700 487 Bernardi
1724 456 1869 487 Homiliae
1892 468 1983 498 super
2006 458 2164 498 psalmum,

1397 514 1404 524 ‘
1418 508 1475 547 Qui
1492 507 1635 544 habitat?
1650 518 1719 538 cum
1736 507 1873 548 prologo.
1897 507 1947 538 fol.
1965 516 2033 547 172.

1440 558 1502 588 Tit.
1527 558 1717 599 “Incipiunt
1740 569 1896 589 sermones
1918 559 2001 589 beati
2018 559 2165 591 Bernardi

1420 619 1510 649 super
1526 609 1687 650 psalmum,
1705 615 1711 623 ‘
1723 609 1785 642 Qui
1801 609 1942 640 habitat?
1952 609 1969 620 ¹*

1443 659 1579 690 Exstant
1595 660 1667 690 ibid.
1683 663 1758 690 tom.
1777 660 1793 690 i.
1811 660 1867 690 col.
1883 661 1952 697 827.

1336 714 1365 744 6.
1383 714 1534 744 ‚Iohannis
1548 714 1680 751 Gerson,
1696 714 1867 745 cancellarii
1885 715 2078 752 parisiensis,
2093 714 2167 746 liber

1400 765 1438 794 de
1468 764 1558 795 laude
1588 765 1783 805 scriptorum,
1806 765 1845 795 ad
1875 765 2108 796 carthusienses
2136 771 2167 796 et

1401 815 1590 845 Caelestinos.
1614 815 1663 846 fol.
1682 818 1738 855 196
1752 816 1780 846 b.

1444 865 1558 895 Exstat
1575 865 1656 896 inter
1671 876 1774 906 opera,
1795 867 1884 902 1606,
1900 870 1976 896 tom.
1995 866 2013 896 i.
2029 877 2057 907 p.
2076 876 2097 896 ι.

1444 917 1482 945 Ι11
1498 916 1588 953 calce,
1607 922 1625 931 ‘¹
1640 916 1776 957 Explicit
1792 920 1948 947 tractatus
1963 917 2102 957 magistri
2118 917 2168 947 Jo-

1423 967 1533 997 hannis
1560 968 1682 997 Gerson
1709 967 1746 997 (10
1773 967 1863 997 laude
1890 971 1921 997 et
1945 968 2169 999 recommenda-

1423 1017 1506 1048 tione
1523 1018 1734 1058 scriptorum.”

1341 1073 1369 1103 7.
1388 1072 1472 1102 Petri
1492 1072 1657 1102 Lombardi
1679 1072 1910 1103 Sententiarum
1933 1073 2010 1104 liber
2033 1078 2168 1114 quartus,

1404 1123 1524 1164 praeviis
1541 1123 1640 1154 titulis
1656 1128 1687 1154 et
1703 1124 1838 1165 prologo.
1864 1124 1913 1154 fol.
1929 1134 1987 1154 202
2002 1124 2030 1154 b.

1446 1175 1506 1204 Tit.
1534 1180 1550 1189 “
1568 1175 1681 1216 Incipit
1705 1175 1848 1216 prologus
1876 1175 1977 1216 quarti
2004 1175 2073 1206 libri
2099 1176 2171 1207 Sen-

1425 1225 1622 1255 tentiarum.”

1448 1276 1485 1305 In
1516 1276 1609 1313 calcc,
1639 1282 1656 1290 “
1670 1276 1806 1316 Explicit
1836 1282 1940 1307 textus
1973 1277 2074 1318 quarti
2104 1277 2170 1308 libri

1425 1326 1690 1357 Sentenciaru1n.”

1340 1384 1369 1411 8.
1387 1382 1418 1411 S.
1441 1381 1618 1422 Augustini,
1645 1382 1777 1422 episcopi
1811 1382 2029 1423 Hipponensis,
2056 1382 2172 1413 libellus

1405 1433 1442 1462 dc
1458 1433 1634 1463 visitatione
1649 1433 1767 1474 aegroti.
1792 1433 1841 1463 sol.
1857 1434 1926 1464 260.

1447 1483 1508 1513 Tit.
1539 1489 1556 1498 “
1571 1483 1685 1523 Incipit
1711 1487 1866 1514 tractatus
1897 1484 1980 1514 beati
2007 1484 2171 1525 Augustini

1426 1533 1560 1574 episcopi
1577 1534 1614 1563 (10
1630 1533 1805 1564 visitatione
1820 1533 1948 1574 egroti.”

1448 1585 1566 1614 Exstat
1582 1584 1662 1614 inter
1677 1595 1780 1625 opera,
1798 1588 1873 1615 tom.
1885 1584 1921 1615 vi.
1936 1586 2018 1625 App.
2032 1584 2088 1615 col.
2103 1592 2171 1625 253.

1448 1635 1485 1665 In
1501 1635 1592 1666 calce.
1608 1641 1624 1650 “
1640 1635 1775 1676 Explicit
1789 1640 1944 1666 tractatus
1961 1636 1997 1665 Β.
2008 1634 2173 1676 Augustini

1430 1686 1628 1727 Ypponensis
1643 1686 1788 1727 episcopi,
1804 1686 1854 1726 qui
1867 1686 2045 1717 intitulatur
2058 1686 2095 1716 de
2107 1685 2173 1716 visi-

1428 1737 1549 1767 tacione
1562 1737 1661 1777 egroti
1672 1737 1890 1768 decedentibus
1906 1737 1982 1768 satis
1998 1737 2110 1768 utilis.”

1344 1793 1373 1825 9.
1391 1792 1559 1823 Tractatus
1572 1792 1609 1821 (10
1625 1795 1693 1822 arte
1705 1792 1865 1827 moriendi,
1881 1791 2031 1833 [tributus
2042 1792 2079 1822 R.
2090 1791 2174 1822 Rolle

1407 1843 1445 1872 de
1460 1841 1642 1883 Hampole.]
1663 1842 1714 1872 fol.
1729 1843 1798 1882 265.

1450 1892 1548 1933 Incip.
1564 1898 1581 1908 '‘
1596 1892 1672 1923 Cum
1688 1893 1726 1923 (10
1742 1892 1893 1933 presentis
1909 1893 1991 1923 exilii
2006 1892 2155 1923 miseria.''

1453 1946 1490 1975 In
1516 1944 1607 1981 calce,
1636 1950 1654 1959 “
1670 1945 1806 1985 Explicit
1836 1948 1989 1975 tractatus
2020 1945 2176 1985 cujusdam

1429 1995 1542 2031 devoti,
1565 1995 1615 2035 qui
1644 1995 1830 2031 intitulatur,
1854 1994 1902 2025 De
1926 1999 1994 2025 arte
2017 1995 2176 2031 moriendi,

1431 2046 1514 2076 utilis
1538 2046 1625 2076 valde
1656 2046 1796 2076 omnibus
1823 2046 2056 2086 agonizantibus
2086 2050 2117 2076 et
2146 2045 2175 2075 in

1431 2097 1576 2127 extremis
1598 2097 1810 2127 laborantibus
1831 2107 1886 2137 pro
1909 2096 2127 2127 exhortacione
2146 2099 2176 2126 et

1432 2148 1641 2178 consolacione
1657 2148 1824 2189 ipsorum.'’

1453 2199 1586 2235 Deinde,
1599 2205 1616 2214 ‘¹
1630 2199 1767 2229 Finitum
1780 2203 1811 2229 et
1822 2198 2005 2239 completum
2017 2209 2071 2239 per
2081 2197 2176 2227 Theo-

1432 2251 1567 2281 dericum
1583 2251 1620 2281 de
1635 2250 1782 2280 Huesden
1799 2250 2012 2289 presbiterum,
2025 2259 2106 2279 anno
2116 2248 2177 2278 Do-

1432 2301 1505 2331 mini
1518 2306 1571 2331 m.⁰
1582 2306 1672 2331 cccc.⁰
1683 2301 1768 2330 lxix.⁰
1781 2301 1811 2330 in
1826 2300 1964 2341 profesto
1976 2299 2178 2330 conversionis

1432 2350 1549 2381 Pauli.”

1454 2402 1600 2439 Posthac,
1627 2402 1798 2432 “Pertinet
1823 2402 1863 2432 ad
1893 2401 2049 2432 librariam
2072 2401 2178 2431 domus

1433 2453 1611 2484 clericorum
1625 2454 1722 2484 sancti
1739 2453 1760 2483 J
1764 2453 1912 2484 heronimi
1929 2453 1958 2483 in
1975 2452 2129 2493 Trajecto,
2142 2463 2179 2482 ex

1433 2504 1585 2545 legatione
1608 2504 1788 2534 venerabilis
1809 2504 1862 2534 viri
1883 2503 1997 2534 domini
2018 2503 2178 2534 Tlieodriei

1434 2555 1471 2584 de
1488 2555 1667 2584 Hues‹len.”

1457 2605 1494 2634 In
1516 2605 1654 2645 margine
1674 2604 1722 2634 fol.
1740 2614 1810 2644 225,
1828 2610 1846 2619 ¹‘
1860 2603 1998 2634 William
2015 2603 2178 2633 Tedmane.

1435 2655 1518 2685 John
1532 2656 1662 2695 Hodgcs
1678 2660 1710 2685 to
1728 2666 1786 2696 pa)v
1803 2665 1839 2684 10
1852 2666 1880 2695 p.
1898 2659 1930 2685 to
1943 2654 2073 2684 Samoht
2086 2654 2178 2694 Bepp,

1435 2710 1469 2736 ut
1486 2706 1592 2736 witncs
1608 2705 1738 2736 Samoht
1756 2705 1885 2736 Ettiolze
1901 2705 1961 2736 and
1982 2704 2029 2735 his
2044 2704 2179 2740 brother,

1435 2767 1453 2786 a
1470 2756 1549 2786 verie
1566 2757 1695 2787 knaue.”
