2254 3117
307 158 351 189 28
868 149 1169 187 CATALOGUS
1196 148 1430 184 CODICUM
1458 149 1568 184 MSS.

417 252 624 283 Praemittitur
640 251 731 281 index
749 250 955 292 capitulorum
977 249 1193 281 materiarum-

396 315 463 345 que.

684 357 809 391 XXX.

312 422 430 456 Codex
461 421 752 457 membranaceus,
777 419 811 451 in
841 418 933 457 folio,
965 418 998 451 ff.
1020 421 1101 458 129,
1128 429 1194 451 sec.

336 480 394 513 xii.
422 479 601 513 exeuntis:
633 489 677 510 cx
709 477 799 510 dono
830 477 881 510 M.
906 475 1047 510 Ricardi
1080 476 1196 509 Flem-

335 549 447 582 myng,
466 536 638 581 quondam
667 535 817 579 episcopi
848 534 1003 568 Lincoln.
1033 545 1072 567 ac
1103 533 1131 567 F
1134 545 1195 567 un-

336 595 462 628 datoris
480 594 578 634 hujus
605 593 750 638 collegii.

356 654 549 685 Venerabilis
570 653 663 683 Bodae
688 653 899 683 Homiliarum
919 653 950 683 in
966 652 1113 683 lectiones
1129 652 1194 682 Do-

374 705 530 736 minicales
546 704 615 734 libri
631 704 701 741 duo,
726 704 840 745 przevia
858 704 967 745 cuique
988 704 1066 734 libro
1086 704 1194 734 tabula

373 757 567 787 homiliarum
584 767 712 786 numero
729 767 799 786 xxv.

416 808 478 838 Tit.
507 812 524 824 ‘⁴
542 807 697 848 Incipiunt
725 807 861 848 capitula
891 807 959 837 libri
987 806 1078 847 primi
1109 806 1191 837 beati

394 858 477 889 Bede
507 858 671 899 presbiteri
701 858 866 888 lectionum
897 858 1002 888 Sancti
1032 857 1191 898 Evangelii

394 920 521 940 numero
537 910 634 939 XXV.’'

439 961 535 1002 Incip.
552 961 581 991 ii.
598 961 629 990 in
651 960 753 997 istud;
778 966 795 976 “
814 959 887 991 Fuit
909 960 1069 991 Johannes
1088 960 1119 989 in
1141 960 1191 989 de-

415 1016 517 1046 serto;
565 1012 745 1042 Adventum
781 1011 943 1042 Dominice
972 1011 1192 1052 predicationis

414 1063 617 1097 ‚Johannes;”
640 1067 675 1093 ut
691 1062 721 1092 in
738 1062 811 1093 edit.
829 1062 926 1097 Giles.
944 1066 1019 1093 tom.
1034 1073 1061 1091 v.
1079 1062 1190 1103 p.368.

437 1114 535 1155 Incip.
552 1113 604 1144 lib.
621 1113 649 1143 ii.
667 1114 749 1144 hom.
762 1114 781 1144 i.
798 1114 829 1144 in
843 1113 936 1150 illud3
954 1118 971 1130 ⁴*
982 1113 1122 1153 Vespere
1138 1124 1190 1142 au-

415 1170 478 1195 tem
492 1164 642 1201 Sabbati3
667 1164 799 1205 vigilias
815 1165 903 1195 nobis
919 1164 1010 1205 hujus
1021 1164 1048 1200 ;”
1068 1164 1099 1193 in
1115 1163 1190 1194 edit.

420 1219 506 1257 1619.
523 1220 598 1247 tom.
611 1216 660 1246 vii.
678 1227 706 1257 p.
726 1227 748 1246 1.

436 1268 475 1297 In
491 1267 584 1303 calce,
603 1272 620 1283 ⁴⁵
637 1267 818 1309 Expliciunt
835 1267 1059 1308 quinquaginta
1083 1266 1191 1296 omelie

413 1318 595 1349 venerabilis
623 1318 706 1348 Bede
730 1318 903 1359 presbiteri.
950 1317 986 1347 In
1011 1317 1072 1348 fine
1100 1318 1191 1357 hujus

412 1370 514 1411 operis
538 1394 544 1400 .

413 1421 540 1451 laudent
570 1431 640 1451 eum
666 1421 783 1461 pariter
812 1444 818 1451 .

413 1471 511 1501 liter.”

434 1522 612 1562 Sequuntur
627 1532 784 1551 sermones
800 1525 875 1557 tres,
893 1521 1017 1557 scilicet,

847 1420 899 1461 qui
929 1424 1040 1460 regnat
1070 1424 1191 1449 eterna-

349 1585 376 1603 (ι.
395 1574 415 1603 J
420 1573 549 1603 ohannis
572 1573 706 1614 episcopi
722 1573 885 1604 CPolitani
906 1573 944 1603 cle
964 1572 1091 1603 muliere
1108 1572 1189 1602 Cha·
1219 1576 1220 1583 ¹

411 1635 510 1654 nanea
525 1625 581 1655 sub
597 1624 820 1664 persecutionis
836 1624 942 1665 figura.
966 1624 1017 1654 fol.
1034 1633 1091 1654 122
1108 1624 1137 1654 b.

454 1675 551 1717 Incip.
570 1680 587 1692 ‘⁴
602 1675 703 1706 Multe
720 1677 954 1717 tempestates.”

347 1727 374 1757 b.
394 1727 513 1758 Omelia
529 1727 671 1768 Origenis
688 1727 717 1757 in
741 1727 835 1763 istud⁷
853 1731 873 1745 ‘⁶
889 1727 1055 1758 Attendite
1070 1739 1089 1758 a
1105 1727 1189 1758 falsis

411 1778 602 1819 prophetis.''
627 1779 677 1808 fol.
695 1779 751 1809 128
768 1779 795 1809 b.

456 1830 551 1871 Incip.
576 1836 593 1847 ⁴*
610 1831 778 1861 Attendite
802 1836 861 1861 etc.
887 1831 969 1872 quod
991 1831 1084 1872 paulo
1100 1842 1188 1872 supe-

432 1881 495 1911 rius
506 1883 537 1915 ;’'
554 1885 589 1912 ut
601 1881 631 1911 in
644 1881 827 1912 Bibliothec.
842 1883 1021 1913 Concionat.
1035 1882 1082 1913 ed.
1096 1882 1187 1912 Com-

433 1932 518 1964 befis.
534 1937 609 1963 tom.
623 1933 672 1963 vii.
690 1945 718 1974 p.
733 1944 782 1973 99.

413 2035 464 2065 fol.
480 2046 547 2075 129.

454 2087 551 2128 Incip.
570 2092 589 2105 “
603 2087 819 2119 Convenerunt
836 2088 977 2119 Pharisei
993 2089 1023 2118 in
1039 2090 1166 2119 unum.''

454 2139 493 2169 In
513 2139 652 2180 margine
674 2144 818 2170 notatum
841 2145 899 2176 est,
924 2143 942 2156 ‘⁶
960 2139 1080 2170 Omelia
1103 2139 1186 2170 beati

431 2190 585 2220 Jeronimi
600 2191 767 2221 secundum
784 2190 963 2221 Ordinale.”

675 2277 835 2311 XXXI„

568 1370 609 1400 sit
638 1369 704 1400 laus
730 1374 762 1400 et
785 1380 847 1410 pax
874 1379 943 1399 cum
971 1368 1107 1409 angelis:
1142 1368 1190 1398 Ac
1220 1367 1221 1388 l

1220 1343 1222 1362 l

1217 2031 1219 2044 1

313 2338 610 2380 Membranaceus,
627 2340 661 2372 in
681 2339 762 2373 folio
786 2340 921 2379 minori.
947 2340 979 2373 ff.
1001 2343 1081 2380 201,
1100 2353 1186 2374 seeo.
1217 2364 1218 2375 i

336 2398 393 2429 xii.
421 2402 456 2430 et
482 2398 563 2435 xiii„
592 2409 635 2431 ex
666 2398 757 2431 dono
792 2398 935 2432 Roberti
972 2399 1185 2444 Flemmyng,

335 2455 452 2488 decan.
473 2455 627 2489 Lincoln.

356 2517 381 2545 1.
397 2514 590 2545 Venerabilis
603 2516 695 2546 Bedae
709 2517 746 2546 de
758 2517 889 2547 historia
900 2517 1002 2557 gentis
1015 2517 1187 2558 Anglorum

417 2566 701 2598 eeclesiasticalibri
715 2568 866 2609 quinque3
883 2569 970 2599 initio
982 2569 1081 2599 mutil.
1098 2569 1147 2599 fol.
1163 2580 1187 2599 1.

461 2617 499 2647 In
519 2618 611 2654 calce,
632 2624 649 2635 ‘⁴
667 2619 802 2659 Explicit
823 2619 900 2650 liber
922 2620 1048 2660 quintus
1068 2621 1188 2651 ecclesi-

439 2667 535 2698 astice
550 2669 666 2709 ystoric
682 2670 783 2710 gentis
796 2670 977 2711 Angloruni,
991 2681 1083 2712 quam
1100 2683 1188 2702 vene-

439 2719 544 2749 rabilis
558 2720 642 2751 Beda
655 2721 807 2761 presbiter
818 2722 856 2753 de
869 2723 975 2753 eadem
988 2726 1081 2763 gente
1097 2727 1189 2754 natus

438 2770 562 2801 edi(lit.”

1373 248 1520 289 Sequitur
1535 247 1649 279 notitia
1664 248 1702 279 de
1718 248 1866 279 divisione
1882 248 2064 281 Britanniae.

1267 301 1295 330 2.
1312 299 1461 341 Ejusdem
1478 299 1571 330 Bedae
1594 310 1686 340 super
1706 299 1853 340 epistolas
1869 301 2031 332 canonicas
2046 313 2126 333 com*

1329 351 1509 382 mentarius.
1533 350 1585 380 fol.
1606 359 1673 380 102.

1374 402 1435 432 Tit.
1454 406 1473 419 ‘⁶
1486 401 1600 442 Incipit
1616 400 1751 442 presacio
1767 401 1948 432 venerabilis
1960 402 2045 433 Bede
2060 414 2125 445 pre-

1353 453 1458 484 sbiteri
1476 464 1568 494 super
1583 452 1730 493 epistolas
1746 453 1937 483 eano11icas.”

1604 559 1769 593 XXXII.

1246 621 1365 656 Codex
1394 622 1685 660 membranaceus,
1711 622 1745 655 in
1771 621 1862 661 folio,
1896 622 1931 655 ff.
1952 625 2032 663 175,
2060 635 2125 657 sec.

1219 697 1225 708 2
1271 691 1338 718 XV„
1358 679 1445 712 binis
1464 679 1633 713 columnis
1660 680 1768 713 nitide
1792 684 1953 714 exaratus
1977 685 2012 714 et
2039 681 2125 715 bene

1269 742 1442 775 servatus3
1471 749 1514 770 ex
1535 737 1625 771 dono
1646 737 1733 771 Rob.
1754 737 1971 783 Flemmyng.

1288 803 1315 831 1.
1332 801 1488 831 Johannis
1514 801 1673 833 Boccaccii
1701 803 1739 833 de
1766 802 1914 833 Certaldo
1942 803 1980 833 de
2006 804 2126 835 casibus

1349 852 1483 882 virorum
1504 852 1668 883 illustrium
1685 852 1754 883 libri
1771 853 1886 889 decem,
1904 863 1973 882 cum
1989 853 2124 895 prologo.

1350 903 1400 932 fol.
1420 913 1446 934 2.

1391 953 1453 983 Tit.
1472 960 1489 970 ⁸·
1506 954 1623 995 Incipit
1638 954 1716 984 liber
1739 954 1855 995 primus
1877 955 2030 986 Johannis
2051 955 2126 986 Boc-

1370 1005 1445 1035 cacii
1462 1005 1500 1035 de
1517 1005 1666 1036 Certaldo
1687 1006 1726 1036 de
1749 1006 1870 1037 casibus
1891 1007 2024 1037 virorum
2044 1007 2124 1038 illus-

1370 1055 1495 1085 triumff'

1393 1105 1532 1137 Exstant
1555 1107 1693 1147 impress.
1710 1106 1740 1136 in
1757 1107 1808 1137 fol.
1826 1108 1908 1148 Aug.
1924 1107 2018 1138 Vind.
2038 1118 2125 1148 1544.

1394 1158 1430 1187 In
1447 1158 1540 1195 calce,
1558 1162 1576 1174 ‘²
1589 1157 1727 1199 Explicit
1748 1158 1826 1188 liber
1840 1169 1939 1189 nonus
1954 1163 1985 1189 et
2001 1158 2125 1189 ultimus

1370 1209 1524 1240 Johannis
1549 1209 1690 1240 Boccacii
1712 1210 1750 1241 de
1774 1210 1921 1241 Certaldo
1945 1211 1983 1241 de
2005 1210 2125 1241 casibus

1370 1262 1505 1291 virorum
1521 1261 1715 1292 illustrium.U

1285 1319 1314 1347 2.
1333 1317 1482 1358 Ejusdem
1499 1317 1521 1347 J
1524 1317 1655 1348 ohannis
1677 1317 1753 1348 liber
1774 1318 1812 1348 de
1833 1318 1922 1349 claris
1938 1318 2124 1349 mulieribus.

1348 1369 1398 1399 sol.
1414 1379 1424 1399 1
1437 1378 1480 1408 ¹7-

1391 1419 1454 1450 Tit.
1473 1424 1490 1436 ‘⁶
1504 1419 1619 1460 Incipit
1644 1419 1720 1449 liber
1742 1419 1897 1449 Johannis
1922 1419 2063 1450 Boccacii
2087 1420 2126 1449 de

1370 1471 1518 1502 Cercaldo
1535 1471 1572 1501 de
1588 1471 1766 1501 mulieribus
1782 1471 1900 1501 clarisff'

1391 1522 1505 1553 Exstat
1522 1522 1595 1552 ibid.
1615 1522 1728 1559 Ulmae,
1749 1531 1839 1562 1473,
1855 1526 1886 1553 et
1901 1522 1985 1553 alibi.

1371 1605 1375 1609 ,
1391 1574 1427 1604 In
1443 1574 1535 1607 calce,
1554 1583 1571 1590 ⁵·
1584 1573 1739 1604 Johannis
1755 1573 1894 1604 Boccacii
1916 1574 1954 1604 de
1975 1573 2122 1605 Cercaldo

1368 1627 1405 1656 ‹le
1435 1626 1614 1656 mulieribus
1645 1626 1735 1656 claris
1764 1626 1841 1656 liber
1871 1626 2014 1667 explicit;
2055 1626 2121 1656 Deo

1367 1677 1519 1717 gmeiasf'

1242 1828 1540 1867 Membranaceus‚
1565 1830 1599 1862 in
1630 1828 1723 1868 folio,
1742 1828 1775 1861 ff.
1794 1831 1872 1866 109.
1897 1840 1982 1862 seco.
2002 1840 2056 1862 xv.
2085 1834 2119 1861 et

1263 1886 1345 1926 xiii„
1362 1887 1450 1919 binis
1469 1886 1638 1919 columnis
1665 1891 1844 1925 exaratus3
1864 1897 1908 1919 ex
1927 1886 2017 1919 dono
2030 1885 2118 1919 Tho-

1217 1957 1219 1961 *
1317 1944 1710 1977 ‘'s-o'ajs...

346 1996 372 2013 ς.
390 1983 428 2014 In
443 1984 528 2014 istud
545 1988 562 2001 “
575 1985 783 2015 Accesserunt
798 1985 839 2015 ad
854 1985 987 2016 Jhesum
1009 1985 1187 2015 Pharisoeiff'
1217 1988 1218 1994 ¹
1263 1956 1326 1977 ma
1347 1944 1400 1977 Ga
1420 1958 1433 1977 c
1462 1956 1550 1989 lone,
1618 1944 1646 1977 Τ
1672 1943 1701 1977 p

1282 2004 1309 2033 1.
1327 2004 1358 2034 S.
1373 2003 1587 2044 Chrysostomi
1603 2004 1680 2034 liber
1696 2005 1734 2034 de
1749 2004 1985 2045 compunctione
2007 2005 2118 2041 cordis,

1347 2053 1534 2096 [interprete
1551 2055 1718 2086 Ambrosio
1735 2054 1989 2096 Camaldulensi.]
2014 2055 2065 2085 fol.
2079 2065 2103 2085 2.

1387 2106 1448 2137 Tit.
1465 2111 1486 2123 ‘⁴
1496 2106 1705 2137 Crisostomus
1718 2107 1755 2137 de
1768 2106 2003 2148 compunctione
2019 2106 2118 2137 cordis

1343 2157 1383 2187 ad
1400 2157 1624 2188 Deinetriun1.”

1387 2208 1484 2249 Incip.
1503 2213 1519 2225 ‘⁴
1533 2209 1613 2239 Cum
1628 2213 1660 2240 te
1677 2209 1826 2240 intueor.”

1386 2259 1423 2289 In
1455 2260 1546 2297 calce.
1581 2267 1598 2277 ⁵*
1622 2260 1760 2301 Explicit
1797 2260 2004 2291 crisostomus
2018 2260 2046 2295 ;”
2083 2265 2115 2290 ut

1364 2322 1468 2354 supra.

1281 2367 1307 2394 Ω.
1327 2366 1474 2406 Ejusdem
1498 2369 1663 2401 tractatus,
1692 2366 1780 2405 Quod
1805 2377 1895 2396 nemo
1921 2370 2025 2407 potest
2048 2365 2115 2396 laedi

1344 2416 1401 2446 nisi
1412 2428 1431 2446 a
1448 2416 1625 2457 semetipso,
1642 2417 1763 2457 [eodem
1779 2417 1971 2458 interprete]
1992 2417 2042 2447 fol.
2056 2427 2074 2457 9
2087 2417 2115 2447 b.

1387 2467 1484 2507 Incip.
1503 2474 1520 2483 ⁴*
1535 2467 1604 2497 Scio
1617 2467 1689 2508 quia
1705 2467 1935 2498 crassioribus.”

1387 2517 1424 2547 In
1440 2517 1531 2554 calce,
1550 2522 1568 2534 ‘²
1582 2518 1718 2559 Explicit
1733 2522 1888 2549 tractatus
1899 2519 1927 2553 ;''
1950 2522 1985 2549 ut
2001 2529 2101 2559 supra.

1281 2623 1309 2651 ὅ.
1327 2621 1358 2651 S.
1372 2621 1521 2651 Ber-nardi
1547 2621 1670 2652 abbatis
1691 2622 1934 2653 Claraevallensis
1961 2632 2114 2652 sermones

1344 2671 1374 2701 in
1398 2671 1568 2702 Dominicis
1590 2676 1622 2702 et
1645 2672 1732 2703 festis
1759 2683 1815 2714 per
1839 2683 1963 2709 annum,
1990 2682 2115 2702 numero

1345 2728 1467 2754 centum
1484 2724 1613 2765 triginta
1629 2728 1709 2761 octo,
1733 2724 1782 2755 fol.
1800 2724 1846 2754 18.

1388 2774 1485 2816 Incip.
1498 2774 1515 2804 i.
1536 2779 1553 2791 ⁴‘
1568 2774 1681 2812 Hodie,
1699 2775 1811 2806 fratres
1826 2775 2026 2813 dilectissimi,
2041 2774 2115 2806 eele-
