2254 3117
633 163 870 199 COLLEGII
899 164 1273 202 MERTONENSIS.
1821 175 1866 206 43

169 260 207 292 In
224 261 319 299 calce,
339 265 357 278 “
370 260 551 302 Expliciunt
573 261 708 302 quinque
723 262 850 292 omelie”
866 265 926 294 etc.

146 317 182 343 ut
217 323 321 354 supra,
354 316 372 329 “
385 313 554 343 secundum
588 313 719 344 fratrem
748 312 769 343 J
773 313 928 344 ohannem

145 362 313 404 WValdebjg
344 362 463 394 ordinis
491 362 715 393 heremitarum
745 363 828 393 beati
860 366 927 394 Au-

143 414 294 455 gnstini.''

40 470 89 499 24.
107 468 256 510 Ejusdem
272 467 515 499 commentarius
536 479 629 509 super
644 468 828 509 symbolum,
848 480 926 510 prae-

124 519 173 550 via
197 519 330 561 epistola
354 519 395 550 ad
417 518 582 555 Thomam,
602 518 751 550 abbatem
772 520 810 550 dc
827 520 857 550 S.
871 520 927 550 Al-

125 572 214 605 bano.
232 575 262 601 et
280 569 441 611 prooemio.
465 569 516 600 fol.
532 578 603 610 272.

166 621 264 663 Incip.
278 620 480 662 epist.“Cum
496 620 527 651 in
542 621 610 651 loco
627 632 716 652 sacro
729 621 925 663 Tynmowth,

144 672 196 703 ubi
212 672 294 714 regis
309 672 448 703 martiris
463 672 576 713 Oswyn
592 677 665 703 sunt
681 684 752 703 ossa
767 673 926 704 venerabi-

144 723 216 754 liter
230 723 386 754 translata
401 734 455 754 vos
471 734 510 753 ex
525 734 611 754 more
627 723 815 755 visitamus*

168 775 264 816 Incip.
286 785 417 816 prooem.
435 778 453 791 “
466 775 567 806 Credo
583 775 709 816 Adjuva
728 775 926 806 incredulita-

143 831 207 857 tem
236 836 357 861 meam;
385 826 485 856 Marc.
513 826 688 864 Karissimi,
715 827 925 858 consideranti

142 883 175 909 et
191 877 333 919 superfici
349 877 469 908 aliter.”

114 930 115 933 ’
162 923 263 970 lncip.
286 939 392 970 expos.
407 933 427 946 ‘⁶
441 928 543 960 Credo
567 928 599 959 in
623 929 737 966 Deum,
755 933 812 961 etc.
859 931 925 962 Iste

140 980 292 1012 articulus
306 980 429 1021 repellit
444 984 509 1011 tres
524 981 675 1011 errores.”

164 1031 202 1062 In
217 1031 310 1068 calce,
329 1036 346 1048 ‘⁸
359 1031 498 1073 Explicit
514 1032 669 1073 expositio
688 1044 781 1073 super
799 1034 922 1074 symbo-

141 1083 205 1114 lum
221 1083 293 1114 fidei
309 1083 479 1114 secundum
495 1083 625 1114 fratrem
641 1083 663 1114 J
666 1084 821 1115 ohannem
835 1085 923 1115 Wal-

141 1134 251 1176 deby.”

161 1185 309 1227 Sequitur
324 1185 434 1216 tabula
448 1186 652 1217 materiarum
668 1187 874 1228 alphabetica.
892 1192 923 1219 et

140 1245 250 1278 postea
265 1237 494 1268 vocabulorum.

405 1340 545 1375 LXIX.

35 1403 155 1437 Codex
173 1403 468 1443 membranaceus,
482 1404 517 1437 in
532 1404 627 1444 folio,
639 1405 673 1438 ff.
690 1404 770 1446 166,
785 1418 851 1440 sec.
864 1418 921 1440 xv.

56 1465 83 1493 1.
104 1463 246 1504 [Thomae
263 1463 369 1504 Galli,]
388 1464 514 1495 abbatis
531 1464 749 1503 Vercellensis,
766 1467 921 1498 extractio

119 1526 173 1546 seu
199 1515 401 1556 paraphrasis
431 1515 463 1545 in
488 1519 624 1556 quatuor
654 1517 749 1547 libros
779 1518 921 1559 Dionysii

118 1566 462 1608 Pseudo-Areopagitae
489 1567 528 1597 de
548 1567 672 1599 Caelesti
699 1573 731 1600 et
753 1569 921 1600 Ecclesias-

117 1618 179 1649 tica
204 1618 402 1655 Hierarchia,
425 1619 463 1649 de
486 1619 598 1650 divinis
624 1621 800 1652 nominibus
826 1626 858 1653 et
882 1622 921 1653 de

116 1670 248 1711 mystica
271 1670 438 1711 theologia„
459 1681 529 1701 cum
552 1672 799 1712 praefationibus.
823 1673 875 1704 fol.
892 1684 919 1704 1.

116 1731 174 1751 -1
185 1721 232 1758 18,
246 1731 257 1751 1
267 1722 453 1763 24—1341).

159 1772 258 1814 Incip.
286 1773 371 1813 praef.
397 1773 501 1804 “Job.
527 1775 633 1805 xxxix.
666 1775 834 1817 Nunquam
865 1788 920 1818 per

137 1823 323 1865 sapientiam
340 1828 427 1855 tuam
444 1825 639 1866 pluineseit.’'

159 1874 256 1916 Incip.
276 1886 362 1916 opus,
381 1880 398 1892 ‘⁴
412 1876 511 1906 Omne
535 1877 643 1907 datum
668 1877 802 1914 bonum;
826 1879 918 1910 Anti-

137 1937 199 1967 qua
215 1926 383 1957 translacio
399 1926 491 1958 habet
510 1928 690 1969 optimum?

157 1976 263 2007 Desin.
281 1977 319 2008 de
342 1978 474 2019 mystica
497 1979 682 2021 theologica,
702 1986 718 1996 “
732 1980 848 2011 lumina
869 1981 915 2011 lu-

135 2028 276 2065 minaria,
298 2033 356 2060 etc.
381 2040 478 2070 usque
501 2031 768 2072 proporcionalem
792 2032 917 2073 partici-

136 2079 312 2121 pantibus.”

156 2130 195 2160 In
212 2130 306 2167 calce,
324 2136 341 2147 *⁵
355 2130 493 2171 Explicit
517 2131 672 2171 exposicio
695 2131 821 2162 abbatis
838 2131 917 2162 Ver-

135 2181 274 2212 cellensis
290 2182 328 2212 de
344 2182 467 2213 mistica
483 2182 671 2223 tlieologia.”

157 2232 195 2263 In
211 2232 294 2264 calce
310 2244 416 2273 expos.
435 2234 473 2264 de
490 2233 602 2263 divinis
619 2234 806 2271 nominibus,
825 2239 842 2251 ‘⁴
856 2235 917 2266 Ac-

137 2288 204 2314 tum
221 2295 303 2315 anno
318 2284 420 2326 gratie
436 2284 592 2315 m.cc.xlii.
609 2296 636 2316 v.
655 2285 716 2315 kal.
735 2285 843 2326 Mayff'

52 2340 81 2369 2.
99 2339 237 2381 Dionysii
260 2341 462 2382 Areopagitae
487 2341 557 2371 libri
583 2352 677 2381 supra
704 2341 791 2378 dicti,
807 2343 917 2373 Latine

115 2391 192 2422 versi
214 2403 269 2432 per
284 2392 306 2422 J
309 2392 463 2423 ohannem
480 2392 680 2427 Saracenum,
698 2393 761 2423 sive
778 2393 915 2424 Sarrazi-

115 2453 198 2479 num,
211 2454 281 2473 cum
297 2443 435 2484 ejusdem
447 2443 604 2474 Johannis
619 2443 764 2485 prologis.
789 2444 839 2474 fol.
857 2455 916 2484 140

113 2495 216 2535 —165
230 2494 260 2531 b,
281 2495 338 2524 118
351 2494 499 2535 b.—119.

154 2544 253 2586 Incip.
275 2545 352 2586 prol.
365 2545 384 2575 i.
406 2549 427 2563 “
440 2545 595 2584 Quoniam
621 2546 788 2586 prudencie
813 2550 916 2578 vestre

134 2597 334 2627 serenitatem
364 2597 513 2638 perpendi
546 2597 577 2627 in
607 2597 693 2628 libris
722 2598 807 2629 beati
838 2598 915 2629 Dio-

132 2648 236 2679 nisii.”

155 2699 252 2741 Incip.
270 2704 349 2731 text.
366 2704 387 2717 “
400 2700 500 2731 Omne
516 2700 625 2731 datum
642 2701 768 2738 bonum,
785 2706 842 2733 etc.
860 2703 914 2733 sed

135 2756 265 2782 cunctus
280 2761 300 2781 a
316 2751 414 2781 Patre
435 2755 539 2782 motus
559 2751 683 2782 luminis
705 2752 914 2793 apparicionis

134 2813 296 2843 processus
312 2802 352 2833 ad
365 2803 446 2834 vos.”

1110 264 1215 296 Dcsin.
1233 270 1251 283 “
1266 266 1306 296 ab
1322 266 1466 297 omnibus
1486 267 1669 309 simpliciter
1684 269 1818 300 absoluti
1834 276 1865 300 et

1086 326 1180 356 snpra
1197 316 1294 347 tota.”

1109 366 1147 396 In
1163 367 1256 403 ealce,
1274 372 1291 384 ‘⁴
1306 367 1442 408 Explicit
1463 369 1595 410 mystica
1616 370 1774 411 theologia
1790 371 1866 402 Dio-

1087 417 1157 447 nisii
1173 418 1374 459 Areopagite,
1391 419 1527 461 episcopi
1545 421 1771 452 Athenal·u1n.”

1001 480 1029 509 8.
1049 479 1198 520 Ejusdem
1220 481 1360 522 epistolae
1387 483 1493 513 decem
1517 484 1556 514 ad
1584 484 1730 522 diversos,
1756 485 1865 516 eodem

1065 530 1247 571 interprete.
1271 532 1323 562 fol.
1343 542 1408 571 119.

1110 581 1208 621 Incip.
1222 583 1239 612 i.
1266 588 1283 599 ‘'-
1297 583 1437 614 Tenebre
1462 585 1659 616 occultantur
1688 586 1803 618 lumine
1833 593 1863 618 et

1087 633 1186 673 magis
1202 633 1301 664 multo
1317 634 1459 665 lumine.”

1108 683 1214 714 Desin.
1228 684 1283 715 ult.
1294 689 1313 702 “
1325 689 1357 716 et
1370 685 1428 716 hiis
1445 686 1495 727 qui
1509 691 1599 718 erunt
1612 692 1683 730 post
1696 690 1864 721 tetrades.''

1362 797 1482 831 LXX.

979 858 1100 892 Codex
1120 859 1415 899 membranaceus,
1434 860 1469 893 in
1489 860 1571 894 folio
1590 862 1720 906 majori,
1735 863 1768 897 ff.
1781 866 1863 896 515.

1003 928 1069 950 sec.
1086 929 1142 950 xv.
1163 917 1326 957 ineuntis,
1346 918 1435 951 binis
1453 918 1625 953 columnis
1644 927 1814 955 exaratus.

1022 982 1177 1023 Anonymi
1210 983 1384 1024 cujusdam,
1405 984 1535 1023 [scilicet
1560 984 1715 1016 Johannis
1741 986 1864 1023 Feltom

1041 1033 1116 1063 ecel.
1134 1033 1166 1063 S.
1182 1033 1295 1064 Mariae
1313 1034 1511 1075 Magdalenae
1529 1035 1770 1078 Ox01i.viea1·ii,]
1791 1038 1864 1068 Dic-

1042 1085 1210 1115 tionarium
1237 1085 1456 1126 theologicum,
1481 1091 1624 1117 vocatum
1654 1087 1750 1119 Petra
1773 1088 1864 1119 Pere-

1040 1136 1137 1177 gffine,
1157 1136 1236 1178 [sive
1254 1138 1335 1167 Pera
1353 1137 1538 1178 Pe1·egrini‚]
1560 1138 1686 1173 scilicet,
1703 1139 1760 1169 loci
1784 1151 1863 1170 com-

1041 1199 1150 1218 munes
1170 1188 1336 1229 theologici
1355 1200 1392 1219 ex
1412 1189 1466 1219 SS.
1483 1189 1632 1220 Patribus
1654 1190 1782 1231 aliisque
1805 1191 1864 1221 col-

1041 1239 1112 1270 lecti
1129 1243 1162 1270 et
1179 1241 1347 1270 secundum
1363 1241 1526 1282 alphabeti
1555 1241 1694 1271 ordinem
1711 1241 1864 1282 dispositi.

1085 1295 1184 1336 Incip.
1204 1300 1222 1312 ⁴⁶
1235 1295 1365 1329 Abbas;
1392 1296 1469 1326 Cum
1486 1296 1730 1327 constitueretur
1745 1296 1865 1338 Joseph

1062 1357 1156 1387 super
1173 1346 1336 1388 Egiptmn,
1353 1347 1503 1388 precessit
1520 1359 1589 1378 eum
1614 1359 1706 1389 preco
1730 1348 1866 1378 clamans

1057 1398 1152 1439 juxta
1187 1399 1399 1440 Symachiuni,
1431 1399 1493 1430 Ab.
1525 1400 1607 1441 quod
1638 1400 1866 1441 interpretatur

1062 1449 1194 1480 Pater.'’

1084 1509 1191 1540 Desin.
1208 1510 1403 1551 “Zeloti11›[1s,

1062 1560 1154 1591 Mens
1168 1561 1250 1592 mala
1262 1562 1396 1602 zelotipa
1412 1573 1444 1592 se
1461 1573 1522 1592 non
1539 1562 1613 1593 sinit
1629 1573 1696 1593 esse
1714 1562 1862 1603 quietam,

1062 1611 1126 1642 Nec
1143 1623 1229 1652 spem
1245 1623 1302 1643 nec
1318 1613 1456 1654 requiem
1473 1613 1660 1654 suspiciosus
1676 1613 1791 1648 habet3
1816 1624 1863 1644 co-

1039 1663 1171 1694 me<lia.”

1082 1722 1118 1752 In
1136 1722 1229 1760 calce,
1246 1727 1264 1739 “
1278 1723 1418 1764 Explicit
1434 1723 1543 1754 tabula
1561 1723 1717 1764 theologie
1739 1735 1798 1764 que
1819 1723 1863 1754 di-

1059 1773 1142 1804 citur
1167 1773 1265 1805 Petra
1295 1774 1457 1816 peregrine
1484 1775 1653 1816 compilata
1681 1786 1700 1805 a
1727 1775 1862 1816 quodam

1058 1826 1212 1856 monacho
1225 1826 1294 1856 novi
1308 1826 1489 1856 monasterii
1501 1837 1583 1856 anno
1597 1826 1724 1857 Domini
1737 1827 1861 1857 m.cce.l.

1059 1876 1177 1918 scripta
1201 1888 1257 1918 per
1280 1878 1467 1919 magistrum
1492 1902 1498 1908 .
1524 1901 1531 1908 .
1558 1877 1717 1919 Lyneham
1746 1879 1861 1909 socium

1059 1928 1128 1958 aule
1146 1928 1360 1960 Mertonensis
1376 1929 1407 1959 in
1424 1929 1548 1960 Oxonia
1569 1930 1676 1968 14....''

973 2090 1278 2131 Membmnaceus,
1297 2092 1332 2125 in
1360 2092 1444 2126 folio
1468 2093 1601 2137 majori,
1621 2092 1653 2126 ff.
1670 2092 1750 2129 264.
1770 2092 1858 2126 anno

997 2151 1092 2183 1344
1112 2149 1201 2183 binis
1228 2149 1399 2185 columnis
1423 2156 1603 2192 exaratus;
1629 2163 1672 2185 ex
1697 2152 1787 2185 dono
1807 2151 1859 2185 Si-

995 2209 1107 2241 monis
1127 2208 1360 2242 Lambourne.

1014 2268 1142 2298 Thomae
1165 2268 1383 2305 Bradvardini,
1400 2269 1463 2299 sive
1486 2269 1679 2305 Bravardini,
1704 2270 1742 2300 de
1766 2280 1858 2300 causa

1035 2319 1096 2349 Dei
1120 2324 1231 2350 contra
1255 2320 1418 2361 Pelagium
1443 2320 1514 2350 libri
1539 2325 1613 2357 tres,
1634 2321 1770 2361 prologo,
1787 2331 1857 2350 con-

1034 2376 1194 2402 tentorum
1217 2372 1326 2403 tabula
1342 2376 1373 2403 et
1389 2373 1428 2402 ad
1448 2372 1664 2402 Mertonenses
1687 2382 1758 2402 suos
1780 2371 1857 2411 epis-

1033 2423 1106 2453 tolis
1122 2423 1276 2454 instructi.

1077 2481 1140 2513 Tit..
1157 2487 1176 2500 “
1193 2482 1243 2513 De
1259 2493 1354 2513 causa
1370 2482 1431 2514 Dei
1448 2488 1558 2514 contra
1574 2481 1745 2523 Pellagium
1766 2484 1798 2511 et
1819 2481 1857 2511 de

1054 2533 1172 2565 virtute
1199 2545 1363 2565 causarum
1391 2535 1510 2566 Thome
1533 2535 1571 2565 de
1595 2532 1854 2574 Bredewardyna,

1054 2585 1230 2616 cancellarii
1247 2585 1408 2616 London.”

1075 2644 1215 2676 Exstant
1225 2645 1365 2687 impress.
1380 2649 1508 2676 curante
1520 2645 1560 2675 H.
1573 2643 1698 2681 Savilio,
1712 2643 1853 2674 London.

1056 2697 1149 2727 1618.

1074 2755 1112 2786 In
1129 2755 1223 2792 calce,
1241 2760 1259 2772 ‘⁶
1272 2755 1410 2796 Explicit
1430 2754 1514 2785 istud
1533 2765 1611 2795 opus
1627 2753 1665 2784 de
1681 2764 1775 2784 causa
1790 2752 1852 2783 Dei

1052 2811 1162 2836 contra
1178 2806 1340 2848 Pelagium
1363 2811 1395 2837 et
1418 2806 1456 2836 de
1472 2805 1587 2836 virtute
1603 2815 1778 2843 causarum,
1794 2804 1853 2835 vir-

1115 2854 1179 2884 (³2
