2254 3117
645 156 882 192 COLLEGII
910 158 1287 196 BALLIOLENSIS.
1823 166 1867 197 85

163 254 308 286 Atticum
323 254 401 284 liber
412 253 549 284 decimus
564 258 671 284 sextus
686 259 718 285 ct
730 254 857 285 ultimus
873 256 941 286 finit

162 306 293 337 feliciter
308 305 376 336 Deo
392 305 530 346 gratias;
556 305 689 335 Aincn.”

332 385 570 420 CCXLVIII.
604 389 667 430 (D.)

58 450 178 485 Codex
196 447 490 485 membranaceus,
510 447 545 480 in
564 446 645 480 folio
664 448 794 491 majori,
812 447 844 481 ff.
861 451 941 485 390,

81 519 147 542 sec.
166 518 234 546 XV„
253 517 297 539 ex
316 505 407 538 dono
426 505 591 549 ejusdem.

123 568 168 598 M.
181 566 216 597 T.
229 565 388 597 Ciceronis
403 575 499 605 opera
515 575 583 605 quae
599 569 779 604 sequuntur,

79 621 106 650 1.
123 619 170 649 De
185 617 292 649 officiis
307 616 377 647 libri
393 620 467 646 tres.
495 615 546 645 fol.
564 625 588 645 I.

182 669 280 710 Incip.
300 668 332 698 in
348 667 461 704 verbis,
479 671 496 684 ⁴⁶

160 731 194 751 re
209 718 399 750 institutio.”

77 774 106 802 2.
123 772 170 802 De
185 770 333 802 amicitia.
356 769 409 800 fol.
424 777 478 810 50.

79 826 108 855 3.
124 824 173 854 De
188 826 357 854 senectute.
382 821 434 852 sol.
450 821 491 860 64
503 821 531 851 b.

595 666 761 707 suscipitur
779 667 817 697 de
840 667 945 708 aliqua

80 879 108 907 4.
125 876 172 906 De
187 873 365 916 paradoxis.
389 872 440 903 fol.
456 881 493 913 77
507 872 537 902 b.

78 929 107 958 5.
123 925 382 966 Disputationum
389 923 635 954 Tusculanarum
643 923 712 954 libri
720 924 863 964 quinque.
871 925 944 954 1286.

79 979 107 1010 6.
124 979 172 1009 De
187 982 303 1008 natura
318 976 458 1006 Deorum
473 974 544 1005 libri
561 978 635 1005 tres.
659 974 708 1004 fol.
727 983 794 1015 155.

80 1033 107 1063 7.
124 1030 172 1061 De
189 1027 380 1060 divinatione
395 1027 465 1057 libri
481 1027 551 1057 duo.
578 1026 630 1056 fol.
646 1027 704 1057 208
718 1027 746 1056 b.

80 1084 109 1113 8.
126 1082 173 1112 De
189 1081 255 1112 fato
272 1085 280 1098 ‘
291 1080 521 1121 fragmentum?
545 1078 595 1109 fol.
612 1078 670 1117 248
685 1078 713 1109 b.

81 1135 110 1168 9.
127 1133 175 1164 De
189 1132 309 1174 legibus
324 1131 394 1162 libri
410 1134 485 1161 tres.
509 1129 560 1160 sol.
578 1139 593 1160 2
596 1131 646 1170 56.

61 1186 109 1215 10.
126 1183 385 1214 Academicorum
403 1180 499 1211 “libri
520 1191 531 1210 1
551 1180 788 1221 fragnientum.''
810 1179 828 1209 f.
845 1180 902 1210 282
916 1180 943 1210 b.

60 1237 109 1267 11.
126 1233 386 1266 Academicorum
401 1232 480 1262 liber
495 1231 617 1262 tertius.
640 1231 692 1261 fol.
709 1231 767 1261 288
783 1230 810 1260 b.

61 1288 110 1318 12.
127 1287 272 1317 Timaeus.
294 1284 348 1315 fol.
362 1294 422 1326 313
436 1284 466 1314 b.

61 1340 109 1370 13.
127 1337 286 1369 Somnium
302 1335 464 1376 Scipionis.
489 1335 540 1365 sol.
557 1345 618 1375 319
633 1335 663 1364 b.

62 1391 110 1421 14.
128 1390 176 1420 De
196 1389 309 1419 finibus
328 1387 482 1418 bonorum
497 1390 529 1417 et
544 1386 696 1417 malorum
715 1385 784 1416 libri
801 1385 945 1426 quinque.

144 1441 194 1472 fol.
210 1449 283 1481 323.

187 1490 225 1520 In
240 1489 333 1527 calce,
350 1493 368 1505 ‘⁶
383 1489 429 1519 M.
443 1488 478 1518 T.
493 1487 650 1519 Ciceronis
666 1488 704 1518 de
720 1487 833 1517 finibus
853 1487 946 1517 bono-

166 1552 234 1572 rum
249 1544 281 1571 et
297 1540 447 1571 malorum
465 1539 542 1570 liber
557 1551 582 1570 v.
601 1544 633 1570 et
649 1539 777 1570 ultimus
793 1538 947 1580 explicit.”

335 1616 579 1652 CCXLVIII.
612 1617 673 1659 (E.)

65 1681 362 1719 Membranaeeus,
384 1679 421 1712 in
445 1678 527 1711 folio
551 1678 684 1722 majori,
703 1677 736 1710 ff.
753 1679 836 1717 251,
857 1688 947 1710 anuo

88 1742 181 1774 1445
211 1750 317 1772 manu
348 1737 497 1771 Antonii
530 1736 637 1770 Marii
671 1735 733 1769 filii
765 1735 947 1769 Florentia*

85 1798 194 1831 nitide
213 1801 395 1836 exaratus3
423 1807 467 1829 ex
486 1795 576 1829 dono
595 1794 760 1839 ejusdem.

126 1857 172 1888 M.
186 1857 221 1887 T.
236 1857 393 1888 Ciceronis
408 1866 504 1897 opera
519 1855 600 1891 alia3
623 1854 749 1890 scilicet,

86 1910 114 1940 1.
130 1908 369 1939 Rhetoricarum
385 1907 604 1938 Inventionum
620 1906 689 1936 libri
705 1906 777 1936 duo.
801 1905 851 1935 fol.
867 1914 892 1935 2.

190 1958 229 1988 In
244 1958 338 1996 calce,

118 2014 135 2026 “
148 2009 265 2040 Tullius
281 2009 381 2039 erexit.
398 2008 558 2039 Romanae
574 2007 707 2049 insignia
722 2007 835 2048 lingue,

148 2060 333 2091 Rhetoricas
350 2059 453 2096 Latio,
471 2060 545 2090 dum
561 2062 652 2089 sonat
668 2069 721 2089 ore
737 2058 859 2089 tubas.”

85 2114 113 2142 2.
130 2111 369 2143 Rhetoricorum
383 2111 425 2142 ad
441 2109 637 2141 Herennium
653 2109 722 2139 libri
739 2109 808 2139 duo.
834 2108 853 2138 f.
866 2118 906 2149 45
919 2108 948 2138 b.

85 2163 113 2193 3.
130 2162 180 2193 De
195 2166 329 2193 oratore.
353 2161 403 2192 sol.
419 2161 466 2191 88.

87 2216 115 2245 4.
131 2214 258 2245 Brutus.
281 2213 334 2244 fol.
351 2214 420 2253 167.

85 2268 113 2296 5.
131 2266 256 2298 Orator.
278 2265 330 2296 fol.
350 2276 418 2306 199.

85 2317 114 2348 6.
132 2317 342 2348 Partitionum
358 2315 598 2347 Rhetoricarum
614 2313 700 2343 liber.
726 2311 777 2341 fol.
794 2319 862 2351 223.

88 2370 116 2401 7.
133 2369 257 2410 Topica.
279 2368 332 2398 fol.
348 2369 419 2408 236.

191 2420 290 2451 Defie.
306 2419 338 2450 in
349 2418 462 2454 verbis,
475 2423 493 2434 ‘⁸
504 2427 572 2458 quae
589 2416 614 2446 si
630 2416 698 2456 ipsa
714 2416 862 2444 contenta
877 2417 949 2442 sunt

170 2470 377 2512 melioraque'⁷

87 2524 116 2553 8.
132 2523 319 2564 Synonyma.
342 2522 393 2552 fol.
410 2530 480 2560 242.

193 2573 291 2614 Incip.
303 2573 335 2603 in
347 2572 459 2607 verbis,
473 2575 490 2587 ‘⁴
501 2569 651 2600 Sordidus
666 2577 778 2609 genere
790 2579 797 2601 ;
819 2565 950 2595 Infando

170 2625 310 2666 genere.”

194 2676 231 2706 In
247 2675 340 2711 calce,
358 2680 376 2691 ‘⁶
387 2671 518 2703 Antonii
534 2670 629 2700 Marii
645 2669 734 2704 filius,
751 2667 778 2697 F
780 2667 950 2697 lorentinus

172 2727 245 2758 civis
266 2731 362 2767 atque
385 2723 534 2758 notarius,
560 2719 758 2760 transcripsit
782 2717 950 2748 Florentiae

169 2778 200 2818 ij.
217 2777 286 2808 idus
302 2774 497 2811 Novembris,
513 2771 703 2803 m.cccc.xlv.
736 2769 882 2800 Valeas.”

1336 260 1535 294 CCXLIX.

995 320 1113 353 Codex
1131 322 1424 361 membranaceus,
1443 323 1475 355 in
1496 322 1577 355 folio
1595 323 1723 366 majori.
1744 322 1868 359 fl1450,

1019 388 1084 410 sec.
1104 390 1170 417 xv„
1197 390 1299 412 mauu
1328 379 1449 412 Italica
1475 381 1583 413 nitido
1614 386 1784 419 exaratus,
1811 381 1868 413 scd

1020 435 1130 478 quoad
1153 436 1267 469 literas
1293 437 1439 470 initiales
1465 438 1519 470 hie
1546 438 1612 471 illic
1638 438 1799 475 mutilus:
1827 449 1869 470 ex

1020 491 1109 524 dono
1128 493 1292 535 ejusdem.

1039 552 1067 582 l.
1090 552 1124 582 C.
1146 552 1237 582 Plinii
1270 553 1400 583 Secundi
1431 555 1580 585 Histoi-im
1613 556 1770 586 Naturalis
1802 556 1869 585 libri

1106 604 1207 633 xxxvi.
1224 605 1336 644 prsrvio
1352 605 1475 634 elencho
1492 606 1637 646 capitum.
1662 607 1711 636 sol.
1728 616 1753 636 2.

1148 654 1182 684 ln
1199 654 1291 691 caleo,
1308 660 1324 671 ⁸⁴
1338 655 1472 695 Explicit
1489 656 1563 685 libr—1·
1580 657 1681 686 xxxvi.
1699 661 1729 687 ot
1746 657 1871 687 ultimus

1124 706 1252 736 historie
1276 706 1432 736 Naturalis
1456 707 1543 736 l’linii
1566 707 1697 737 Secundi
1714 707 1870 737 Veronen-

1124 757 1164 787 sis
1181 757 1341 787 felicite1·.’'

1040 809 1068 838 ΕΞ.
1087 808 1234 848 Ejusdem
1251 808 1288 838 de
1304 808 1376 837 viris
1392 808 1559 838 illustribus
1575 809 1658 839 liber.
1683 809 1732 838 fol.
1746 818 1816 848 442.

1147 859 1183 888 ln
1209 859 1301 896 calce,
1329 858 1495 899 “Explicit
1521 859 1596 889 libor
1622 860 1711 889 Plinii
1738 860 1775 889 de
1802 859 1872 888 viris

1125 910 1295 941 illustribus
1304 910 1467 953 feliciters'

999 1051 1298 1089 Membranaceus.
1318 1053 1351 1084 in
1377 1051 1467 1089 folio,
1493 1051 1524 1084 ff.
1542 1053 1620 1089 181,
1643 1063 1707 1083 500.
1727 1052 1795 1084 xiii.
1816 1063 1874 1083 ex—

1023 1111 1145 1149 euntis,
1165 1110 1254 1144 binis
1272 1110 1441 1144 columnis
1460 1110 1568 1142 nitide
1586 1114 1753 1142 exaratus.

1042 1173 1069 1201 1.
1087 1170 1267 1201 Aristotelis
1283 1169 1520 1200 Rhetoricorum
1537 1169 1605 1198 libri
1621 1174 1693 1199 tros.
1717 1168 1766 1198 fol.
1789 1180 1811 1198 ι.

1147 1221 1245 1262 Incip.
1264 1226 1281 1237 “
1294 1220 1462 1251 Rethoricn
1479 1219 1683 1250 assecutiva.’'

1148 1272 1187 1302 In
1209 1272 1301 1308 calce,
1327 1276 1344 1288 ‘·
1361 1271 1499 1311 Explicit
1525 1270 1677 1300 rethorica
1700 1270 1876 1300 Aristotelis

1127 1324 1280 1355 translata
1296 1334 1315 1354 a
1331 1324 1431 1353 Greco
1447 1323 1477 1352 in
1494 1322 1668 1352 Latinum.''

1041 1378 1069 1406 2.
1088 1376 1236 1416 Ejusdem
1251 1375 1289 1405 de
1305 1385 1398 1405 causa.
1413 1377 1516 1403 motus
1532 1372 1719 1403 animalium.
1743 1372 1793 1401 fol.
1807 1373 1855 1412 36.

1148 1426 1244 1467 Incip.
1263 1432 1280 1442 ‘⁴
1294 1425 1341 1456 De
1357 1429 1442 1455 motu
1459 1430 1563 1455 autem
1580 1435 1615 1453 eo
1632 1423 1715 1464 qui.''

1041 1479 1070 1508 8.
1087 1477 1137 1508 Dc
1153 1476 1405 1518 problematibus.
1429 1475 1480 1505 fol.
1494 1485 1533 1515 39
1547 1474 1575 1504 b.

1149 1528 1245 1569 Incip.
1264 1532 1280 1544 “
1293 1527 1343 1557 De
1365 1525 1617 1567 problematibus,
1636 1536 1693 1566 que
1712 1528 1784 1555 sunt
1799 1524 1879 1555 circa

1125 1579 1349 1610 medicinalia?

1043 1633 1070 1662 4.
1088 1631 1137 1662 De
1153 1630 1289 1661 historiis
1305 1629 1483 1660 animalium
1498 1628 1576 1659 libri.
1601 1627 1652 1658 fol.
1671 1637 1738 1666 104.

1148 1681 1245 1722 Incip.
1264 1686 1281 1697 ‘⁴
1295 1680 1412 1710 Eorum
1428 1690 1487 1720 que
1503 1682 1575 1709 sunt
1591 1678 1620 1708 in
1637 1677 1845 1708 animalibus*

1042 1736 1070 1764 5.
1088 1733 1135 1763 De
1152 1743 1315 1774 progressu
1331 1731 1518 1762 animalium.
1543 1730 1593 1760 fol.
1613 1730 1668 1769 176
1681 1729 1709 1759 b.

1149 1783 1244 1824 Incip.
1263 1786 1281 1799 ·‘
1296 1782 1343 1813 De
1358 1781 1501 1823 partibus
1516 1781 1648 1811 auten1.”

1148 1834 1296 1874 Sequitur
1310 1833 1518 1874 fragmentum
1534 1832 1572 1862 de
1588 1841 1680 1862 causa
1695 1834 1797 1861 motus
1815 1830 1877 1860 aui-

1127 1885 1262 1921 malium,
1278 1889 1312 1915 ut
1329 1895 1431 1925 supra.

1381 1963 1503 1998 CCLI.

1001 2028 1222 2067 Chartaceus‚
1246 2028 1281 2060 in
1306 2026 1397 2065 folio,
1422 2025 1454 2059 ff.
1475 2027 1556 2064 255,
1582 2035 1647 2058 sec.
1670 2025 1770 2062 xvii.;
1796 2023 1875 2056 olim

1026 2086 1089 2120 Ra.
1103 2085 1302 2124 Cudworth‚
1322 2083 1366 2117 D.
1382 2083 1425 2117 D.
1447 2088 1567 2127 postea
1591 2081 1629 2116 P.
1648 2081 1757 2117 Allix.
1776 2081 1818 2113 D.
1834 2080 1875 2113 D.

1026 2150 1062 2179 et
1080 2145 1205 2178 deinde
1224 2143 1298 2177 Ric.
1316 2142 1462 2181 ffidder,
1480 2153 1533 2185 ep.
1552 2140 1653 2174 Bath.
1673 2146 1707 2172 et
1723 2138 1827 2171 Well.

1044 2206 1143 2236 Porta
1160 2203 1324 2239 Veritatis,
1341 2203 1402 2233 sive
1422 2201 1638 2242 compendiosa
1652 2199 1700 2229 via
1720 2199 1759 2229 ad
1780 2198 1873 2228 beati-

1065 2257 1214 2293 tudinem,
1236 2255 1368 2286 authore
1388 2253 1489 2283 Jacob
1507 2252 1597 2282 Aben
1618 2251 1745 2280 Amram
1764 2248 1874 2278 Judae‹·

1068 2307 1142 2348 [sive
1163 2307 1228 2337 Ben
1249 2305 1371 2344 Israel]‚
1393 2314 1474 2334 anno
1496 2303 1535 2333 ab
1556 2302 1628 2331 orbo
1651 2300 1772 2330 condito
1792 2307 1873 2338 5394

1068 2358 1142 2399 [scil.
1159 2359 1198 2388 A.
1214 2358 1246 2388 C.
1264 2357 1371 2397 1634]‚
1392 2355 1422 2385 in
1445 2359 1508 2385 tres
1531 2356 1634 2394 partes
1656 2350 1809 2384 distincta,
1831 2349 1873 2377 in-

1065 2409 1132 2440 dice
1147 2408 1337 2450 posthabito.

1108 2459 1205 2500 Incip.
1229 2458 1304 2500 prol.
1330 2462 1347 2474 “
1362 2457 1420 2486 Vir
1442 2455 1566 2496 quidam
1593 2451 1726 2487 illustris,
1750 2449 1873 2479 nationt⁴

1088 2510 1281 2545 Flandricus,
1297 2508 1412 2549 origine
1428 2512 1459 2537 et
1475 2505 1580 2535 habitu
1598 2500 1815 2533 Christianus.”

1110 2562 1204 2602 Incip.
1219 2571 1291 2602 pars
1305 2560 1323 2590 i.
1338 2564 1355 2576 ‘⁶
1365 2559 1414 2589 Dc
1426 2554 1645 2596 simplicissima
1657 2557 1687 2582 ot
1700 2550 1873 2581 omnimoda

1086 2610 1351 2652 imniultiplicabili
1365 2609 1484 2639 unitate
1498 2605 1553 2636 Dei
1568 2604 1637 2634 veri.
1663 2602 1744 2632 Audi
1760 2600 1854 2630 Israel
1867 2613 1872 2632 ;

1085 2668 1144 2694 etc.
1188 2663 1284 2699 Unus,
1302 2661 1331 2691 id
1348 2664 1395 2691 cst
1411 2659 1501 2693 solus,
1518 2667 1578 2686 non
1594 2665 1666 2695 ergo
1681 2653 1838 2683 aliorum?

1108 2714 1215 2744 Desin.
1244 2718 1261 2729 ‘³
1277 2716 1308 2742 et
1334 2719 1478 2751 agnosces
1508 2705 1595 2737 simul
1621 2703 1774 2735 vanitates
1802 2713 1872 2743 gen-

1086 2765 1172 2796 tium.
1203 2763 1310 2793 Valef'
