2254 3117
599 165 838 201 COLLEGII
867 165 1241 201 MERTONENSIS.
1789 170 1834 204 27

139 267 179 297 In
195 266 288 303 calce,
302 270 320 282 ⁴⁴
332 265 470 307 Explicit
487 276 588 296 sermo
606 265 713 296 Sancti
727 264 897 306 Augustini

117 318 155 348 de
172 317 262 348 laude
278 316 449 348 caritatis.⁷'

139 369 288 410 Sequitur
304 369 335 399 in
351 369 411 399 fine
424 367 538 398 codicis
555 367 678 403 notitia,
690 371 708 383 “
721 366 836 397 Caucio
851 366 896 396 M.

116 420 243 451 Ricardi
262 420 426 461 Elyngdon
442 419 585 460 exposita
607 418 711 449 domui
735 418 897 448 scolarium

117 472 155 502 de
180 472 308 502 Merton
333 471 364 501 in
388 470 510 501 Oxonia
535 481 591 511 pro
608 481 659 500 xX.
677 481 700 500 s.
717 469 748 499 in
767 469 847 500 festo
864 469 897 499 S.

118 524 332 565 Fredeswyde,
363 533 445 553 anno
478 521 604 552 Domini
635 521 797 552 millesimo
824 527 898 551 ccc0.

118 573 402 616 quinquagesimos*

340 668 569 703 XXXVIII.

12 734 132 767 Codex
166 732 461 771 membranaceus,
489 732 523 764 in
555 731 649 770 folio,
672 730 705 764 ff.
723 730 803 770 163,
831 742 897 764 sec.

37 793 116 831 xiv.‚
135 791 225 825 binis
252 790 423 824 columnis
450 794 632 829 exaratus3
660 801 702 822 ex
731 790 822 823 dono
847 789 898 822 M.

37 849 182 883 Roberti
204 847 350 893 Wygffl.
369 847 545 892 quondam
572 846 650 880 coll.
678 847 784 881 Mert.
804 847 899 886 socii,

37 919 126 941 anno
145 906 288 940 Domini
305 905 559 939 111.cccc.lxviii-.

56 968 88 998 S.
105 967 261 997 Johannis
286 966 504 1007 Chrysostomi
528 966 558 996 in
585 966 618 995 S.
637 965 786 996 Matthaei
809 976 900 996 evan-

75 1018 189 1058 gelium
205 1018 339 1048 homiliae
356 1017 583 1059 quinquaginta
602 1022 723 1059 septem
744 1018 807 1048 sive
823 1029 902 1059 opus

76 1070 302 1111 imperfectum.
327 1068 378 1099 fol.
395 1077 446 1109 32.

164 1120 359 1156 Praecedunt,
377 1120 460 1150 haud
477 1120 587 1150 eadem
604 1131 709 1158 manu,

77 1185 104 1203 a.
122 1172 294 1209 Vocabulzu
309 1183 361 1202 seu
379 1172 531 1202 dictiones
546 1172 577 1202 in
595 1172 703 1202 tabula
719 1172 902 1204 Crisostomi

142 1235 208 1265 quae
226 1224 271 1254 sic
290 1223 381 1264 incip.
395 1223 554 1254 Abierunt
571 1223 723 1261 Pharisci,
741 1228 900 1259 contenta,

142 1276 180 1306 de
197 1275 308 1316 quibus
323 1279 482 1305 tractatur
498 1274 566 1316 plus
582 1275 628 1305 vel
645 1275 746 1306 minus
768 1275 841 1316 quid
856 1275 902 1305 vel

142 1331 295 1369 quantum
311 1326 480 1356 secundum
503 1326 585 1367 quod
606 1326 741 1357 habetur
761 1327 792 1357 111
812 1337 904 1367 opere

142 1379 335 1420 imperfecto.
359 1377 410 1409 sol.
427 1387 455 1418 3.

78 1437 108 1467 b.
127 1435 248 1467 Tabula
263 1434 401 1476 ejusdem
418 1433 520 1474 operis
535 1433 745 1475 alphabetica.
770 1433 821 1464 fol.
834 1445 864 1472 4.

166 1486 264 1527 Incip.
283 1484 541 1516 “Abhominacio
561 1484 762 1515 desolacionis
782 1485 905 1526 quadri-

142 1537 265 1579 pliciter
281 1535 460 1577 exponitur,
476 1535 575 1566 Omel.
593 1544 642 1576 57.
661 1547 689 1576 q.
708 1536 751 1566 1.”

167 1590 205 1619 Ιο
227 1588 319 1623 calce,
337 1597 354 1603 ··
369 1587 508 1628 Explicit
524 1587 633 1618 tabula
650 1587 834 1618 Crisostomi
857 1599 905 1618 su-

141 1651 197 1682 per
213 1651 290 1681 opus
306 1639 521 1680 imperfectum
543 1643 574 1670 et
595 1644 820 1680 consequenter
835 1640 904 1670 sub-

141 1690 288 1721 scribitur
311 1689 349 1720 de
374 1689 485 1730 quibus
505 1690 663 1720 vocabulis
687 1701 740 1720 seu
764 1690 905 1721 dictioni-

143 1741 201 1772 bus
217 1742 248 1771 in
264 1742 349 1772 dicta
366 1741 475 1772 tabula
491 1741 648 1772 contentis
664 1745 822 1773 tractatur
838 1742 906 1783 plus

143 1793 190 1823 vel
207 1793 308 1823 minus
325 1793 399 1834 quid
409 1793 456 1824 vel
469 1798 621 1834 quantum
638 1794 805 1824 secundum
822 1795 905 1836 quod

144 1844 280 1874 habetur
296 1843 326 1874 in
343 1855 437 1885 opere
453 1844 668 1885 imperfecto.'’

79 1912 105 1930 0.
123 1899 244 1930 Tabula
272 1899 371 1930 altera
401 1899 600 1940 alphabetico.
627 1900 766 1941 ejusdem
793 1901 904 1942 operis.

144 1951 195 1981 fol.
214 1960 263 1981 20.

169 2002 268 2044 Incip.
286 2007 303 2019 ‘⁵
317 2002 475 2033 Abierunt
493 2002 634 2033 Pharisci
651 2003 772 2034 Omelia
789 2004 859 2044 375*

168 2055 207 2084 In
237 2053 332 2091 calce,
364 2058 380 2070 ‘⁶
398 2053 536 2094 Explicit
567 2054 676 2084 tabula
704 2054 734 2085 S.
752 2054 907 2086 Johanuis

145 2104 329 2137 Crisostomi
345 2105 447 2146 operis
464 2104 667 2146 i111pe1-feeti.”

168 2161 186 2173 ‘⁴
198 2156 256 2196 Qui
270 2167 318 2187 me
329 2155 494 2197 complevit
506 2167 567 2186 non
579 2160 648 2187 tota
659 2161 750 2188 nocte
762 2158 906 2198 ‹plievit.”

170 2209 209 2240 In
236 2208 296 2239 fine
323 2208 449 2244 codicis,
470 2208 582 2239 “liber
610 2210 752 2250 magistri
778 2210 905 2241 Roberti

148 2260 281 2302 wyght,
299 2259 493 2301 xiiij.s.iiij=¹.”

368 2355 554 2388 XXXIX.

23 2416 325 2456 Mmubranaeeus,
351 2417 387 2450 111
415 2417 498 2450 folio
526 2417 660 2452 01111011,
681 2416 713 2450 ff.
730 2419 812 2457 219,
840 2430 905 2452 sec.

45 2476 113 2508 xiv.
133 2476 303 2511 exeuntis,
322 2475 410 2508 binis¹
429 2474 600 2508 columnis
619 2480 800 2515 exaratus3
829 2481 848 2494 ‘⁶
864 2488 907 2510 ex

46 2533 135 2566 dono
155 2533 207 2567 M.
230 2532 409 2566 Hamundi
430 2532 594 2577 Haydok,
612 2534 855 2569 incathenatus
873 2536 908 2568 in

46 2590 182 2624 libraria
200 2603 290 2625 anno
312 2590 453 2624 Domini
472 2591 744 2624 n1.cccc.lxviii.'‘

65 2653 91 2682 l.
110 2652 139 2682 S.
156 2650 337 2692 Augustini,
361 2650 498 2691 episcopi
520 2650 743 2692 Hipponensis,
760 2652 909 2693 opuscula

127 2704 232 2738 varia;
258 2703 384 2737 scilicet,

85 2766 112 2785 a.
130 2755 238 2785 Sermo
254 2754 293 2784 de
310 2753 341 2784 S.
359 2753 514 2790 Latr0n03
537 2753 625 2784 initio
641 2754 743 2784 mutil.
767 2754 819 2785 fol.
838 2763 864 2785 2.

171 2805 267 2846 Incip.
282 2805 312 2835 in
323 2804 434 2842 verbis,
445 2809 464 2822 “
476 2816 531 2836 nec
543 2805 681 2836 animam
693 2805 803 2836 inferni
817 2809 910 2847 porta

1077 277 1132 296 1100
1157 277 1269 306 corpus
1295 271 1401 297 tencre
1425 266 1530 307 potuit
1543 266 1568 301 ;”
1592 266 1622 296 in
1644 266 1718 297 odit.
1736 265 1834 296 Bene-

1077 318 1151 348 diet.
1168 322 1244 348 tom.
1257 329 1284 348 v.
1303 319 1387 359 App.
1405 318 1461 349 col.
1476 319 1546 357 269,
1564 317 1602 348 E.
1623 328 1670 348 10.

1100 369 1139 398 In
1155 368 1247 406 calce,
1261 373 1278 385 ⁴*
1293 369 1431 409 Explicit
1447 380 1548 400 sermo
1566 369 1596 399 S.
1612 368 1780 410 Augustini
1797 367 1834 397 de

1079 418 1170 449 beato
1186 419 1337 450 latrone.”

1014 483 1044 513 b.
1062 483 1170 514 Sermo
1195 485 1234 515 de
1256 485 1468 526 assumptione
1492 485 1528 516 B.
1551 485 1661 516 Mariae
1686 484 1835 526 Virginis,

1080 545 1148 564 cum
1167 535 1359 575 praefatione.
1384 536 1437 566 fol.
1453 547 1471 577 3
1487 537 1515 566 b.

1103 585 1183 616 Ibid.
1201 590 1276 617 tom.
1288 587 1326 617 vi.
1344 587 1425 628 App.
1445 587 1501 617 col.
1517 597 1586 628 250.

1016 656 1041 675 0.
1058 644 1203 686 Epistola
1218 645 1280 676 sive
1296 645 1374 676 liber
1389 646 1427 676 (10
1444 647 1605 687 patientia.
1630 646 1680 677 fol.
1698 649 1724 677 6.

1102 697 1181 728 Ibid.
1202 701 1275 728 tom.
1289 697 1328 728 vi.
1346 699 1429 739 App.
1448 698 1504 729 col.
1518 709 1590 740 533.

1015 752 1044 783 d.
1063 752 1111 783 De
1127 753 1334 793 adaptatione
1356 753 1462 783 (1000111
1482 754 1645 794 plagarum
1660 759 1770 785 contra
1786 754 1837 785 de-

1079 815 1145 834 cem
1162 807 1327 844 praecepta.
1352 803 1404 834 fol.
1422 814 1456 834 10
1469 804 1498 834 b.

1102 853 1184 885 Ibid.
1202 858 1278 885 tom.
1292 866 1317 885 v.
1336 855 1420 895 App.
1438 854 1495 884 001.
1507 864 1558 893 42.

1016 921 1043 940 e.
1061 909 1110 940 De
1120 909 1266 940 conflictu
1276 909 1422 940 vitiorum
1434 913 1529 950 atque
1540 910 1700 941 virtutum.
1725 910 1775 941 fol.
1794 921 1837 942 12.

1102 960 1184 991 Ibid.
1202 964 1278 992 tom.
1293 960 1333 990 vi.
1351 962 1435 1002 App.
1453 961 1508 991 col.
1525 970 1594 1001 219.

1016 1015 1035 1045 f.
1055 1014 1094 1045 In
1112 1016 1143 1046 S.
1156 1015 1178 1045 -J
1181 1015 1313 1046 ohannis
1329 1016 1494 1057 epistolam
1510 1016 1690 1046 canonicam
1706 1016 1839 1047 homilia*

1082 1067 1198 1098 decem.
1223 1067 1273 1098 fol.
1298 1068 1342 1099 18.

1104 1119 1167 1150 Tit.
1181 1124 1198 1136 ‘⁴
1211 1120 1248 1150 In
1264 1120 1322 1150 hoc
1336 1120 1489 1150 volumine
1506 1119 1706 1150 continentur
1722 1119 1840 1150 Aurelii

1083 1171 1253 1212 Augustini
1270 1171 1300 1201 in
1317 1171 1450 1213 epistola
1466 1182 1558 1212 super
1571 1171 1591 1201 J
1596 1171 1749 1201 ohannem
1762 1182 1841 1201 ome-

1083 1222 1122 1253 lie
1138 1223 1275 1253 (1000111.”

1106 1274 1186 1305 Ibid.
1203 1278 1278 1305 tom.
1292 1274 1332 1304 iii.
1351 1285 1380 1315 p.
1395 1274 1426 1304 ii.
1444 1274 1501 1305 col.
1516 1275 1585 1315 825.

1106 1325 1143 1355 In
1160 1325 1253 1363 calce,
1266 1331 1283 1341 ²⁴
1295 1324 1434 1366 Explicit
1450 1329 1607 1355 tractatus
1624 1324 1708 1355 beati
1721 1324 1844 1364 Augus-

1084 1376 1141 1407 tini
1172 1376 1308 1418 episcopi
1342 1387 1435 1417 super
1465 1376 1629 1417 epistolam
1664 1375 1844 1406 canonicam

1083 1427 1106 1458 J
1109 1428 1240 1459 ohannis
1257 1428 1288 1458 in
1305 1428 1411 1458 decem
1427 1428 1546 1458 omeliis
1567 1428 1630 1459 sive
1652 1427 1844 1458 sermonibus

1085 1490 1138 1510 seu
1154 1479 1374 1510 tractatibus-⁸³

1020 1546 1049 1576 g.
1068 1535 1118 1565 De
1141 1546 1283 1566 sermone
1306 1535 1435 1565 Domini
1458 1535 1490 1565 in
1515 1538 1620 1566 monte
1644 1534 1752 1565 habito
1775 1533 1843 1564 libri

1085 1586 1157 1617 duo.
1181 1586 1233 1617 fol.
1246 1596 1298 1627 47.

1109 1638 1190 1669 Ibid.
1206 1642 1283 1669 tom.
1297 1638 1339 1668 iii.
1356 1649 1386 1680 p.
1400 1638 1430 1669 ii.
1448 1638 1503 1669 col.
1521 1639 1591 1680 165.

1021 1694 1051 1724 11.
1069 1693 1178 1725 Sermo
1194 1694 1232 1725 de
1248 1694 1339 1725 laude
1355 1695 1507 1725 caritatis.
1531 1693 1582 1724 fol.
1598 1703 1648 1734 74.

1108 1745 1187 1776 Ibid.
1205 1750 1279 1776 tom.
1294 1757 1320 1777 v.
1339 1746 1396 1777 001.
1413 1747 1503 1787 1348.

1021 1802 1039 1832 i.
1056 1801 1105 1832 De
1121 1802 1192 1843 igne
1209 1802 1392 1843 purgatorio
1409 1812 1521 1832 sermo.
1545 1801 1596 1831 fol.
1614 1809 1655 1841 74
1666 1800 1695 1831 b.

1109 1853 1190 1883 Ibid.
1208 1858 1283 1884 tom.
1297 1865 1324 1884 v.
1342 1854 1425 1895 App.
1443 1854 1500 1884 col.
1518 1854 1588 1894 185.

1021 1910 1051 1939 k.
1068 1908 1117 1939 De
1134 1909 1321 1950 poenitentia
1336 1920 1446 1940 sermo.
1471 1909 1522 1940 fol.
1541 1910 1590 1949 76.

1108 1960 1191 1990 Ibid.
1209 1964 1284 1991 tom.
1297 1972 1323 1991 v.
1341 1961 1398 1992 col.
1417 1961 1504 2002 1506.

1021 2016 1041 2046 l.
1058 2015 1107 2046 De
1123 2015 1188 2046 vita
1204 2019 1321 2046 aeterna
1337 2027 1450 2046 sermo.
1474 2016 1525 2046 fol.
1544 2017 1583 2056 76
1596 2015 1625 2046 b.

1108 2066 1190 2097 Ibid.
1207 2070 1283 2098 tom.
1297 2078 1321 2098 v.
1339 2067 1396 2098 col.
1415 2068 1504 2108 1338.

1021 2133 1061 2153 m.
1078 2122 1127 2152 De
1143 2121 1256 2153 timore
1272 2122 1401 2153 Domini
1418 2133 1528 2153 sermo.
1555 2122 1606 2153 fol.
1628 2130 1674 2162 77.

1109 2174 1189 2204 Ibid.
1207 2178 1282 2204 tom.
1297 2185 1322 2204 ν.
1340 2174 1397 2205 col.
1416 2184 1504 2215 1340.

1022 2241 1052 2260 n.
1070 2229 1165 2260 Liber
1183 2230 1224 2260 ad
1242 2229 1446 2261 Valentinum
1467 2229 1652 2261 monachum
1669 2229 1706 2259 de
1723 2238 1843 2268 correp-

1085 2281 1171 2312 tione
1187 2286 1218 2312 et
1233 2282 1346 2323 gratia.
1370 2282 1421 2312 fol.
1441 2283 1490 2322 78.

1109 2332 1192 2364 Ibid.
1209 2337 1284 2364 tom.
1300 2345 1329 2364 x.
1347 2334 1403 2364 eol.
1416 2343 1485 2374 749.

1023 2400 1051 2420 0.
1069 2388 1163 2419 Liber
1185 2389 1225 2420 ad
1243 2389 1262 2419 J
1266 2389 1403 2420 ulianum
1426 2388 1571 2419 comitem
1596 2387 1633 2417 de
1656 2383 1843 2416 salutaribus

1086 2443 1119 2470 et
1135 2440 1339 2470 nocumentis.
1363 2439 1413 2470 fol.
1433 2440 1470 2469 86
1485 2439 1514 2468 b.

1110 2491 1192 2521 Ibid.
1209 2495 1284 2522 torn.
1298 2491 1336 2521 vi.
1353 2491 1438 2532 App.
1456 2490 1513 2520 col.
1532 2497 1598 2529 192.

1024 2559 1052 2588 p.
1071 2546 1180 2577 Sermo
1204 2547 1339 2588 qualiter
1363 2547 1456 2577 homo
1479 2546 1579 2576 factus
1602 2546 1649 2573 est
1671 2541 1712 2571 ad
1737 2539 1843 2580 imagi-

1086 2597 1190 2639 ginem
1207 2602 1238 2628 et
1255 2597 1489 2628 similitudinem
1507 2594 1574 2625 Dei.
1599 2592 1650 2623 fol.
1667 2601 1706 2631 99
1721 2590 1749 2620 b.

1110 2647 1156 2678 Cf.
1173 2647 1246 2678 ibid.
1264 2652 1338 2678 tom.
1352 2647 1391 2677 vi.
1409 2647 1493 2687 App.
1510 2644 1566 2675 001.
1582 2652 1652 2683 293.

1023 2714 1052 2743 q.
1070 2702 1275 2733 Enchiridion
1307 2707 1314 2719 ‘·
1329 2703 1370 2733 ad
1402 2700 1604 2731 Laurentium
1636 2694 1844 2738 primicerium

1087 2754 1245 2785 notarium
1262 2754 1388 2784 ecclesie
1403 2752 1489 2782 urbis
1502 2751 1599 2781 Rome
1615 2749 1653 2779 (10
1666 2747 1727 2777 fide
1743 2749 1774 2776 et
1790 2756 1845 2786 spe

1087 2810 1119 2836 et
1129 2806 1357 2842 caritate,'cu111
1370 2802 1576 2845 capitulorum
1589 2799 1706 2832 tabula.
1717 2796 1842 2827 sol.102.

1134 2861 1155 2883 Ε
1175 2862 1194 2883 2
