2254 3117
366 150 412 185 36

449 245 586 283 terprete
608 240 802 280 Hieronymo
824 249 893 268 eum
919 238 949 269 S.
968 238 1151 279 Hieronymi
1174 249 1243 279 pro-

449 293 527 335 logo.
552 292 601 322 fol.
616 293 656 321 66
668 291 698 321 b.

492 351 553 381 Tit.
564 355 583 368 “
596 349 710 390 Incipit
725 348 802 379 liber
816 347 900 379 beati
917 347 1063 379 Ieronimi
1080 348 1243 390 presbiteri

470 403 507 432 de
523 400 680 432 distantiis
695 400 863 430 locorum.’'

492 460 571 491 Ibid.
588 464 663 490 tom.
678 459 718 489 iii.
735 459 791 489 col.
809 469 875 490 121.

386 525 414 554 6.
433 524 479 554 De
495 524 600 553 decem
617 522 843 553 tentationibus
856 521 988 552 filiorum
999 521 1105 552 Israel.
1121 522 1140 551 f.
1153 532 1192 562 90
1203 522 1232 552 b.

490 575 551 605 Tit.
570 579 588 590 “
603 573 716 615 Incipit
733 574 770 604 de
786 574 891 604 decem
909 572 1200 614 te1nptationibus.'’

490 625 569 655 Ibid.
586 629 662 656 tom.
676 625 716 655 iii.
734 625 790 655 col.
807 633 876 664 741.

490 685 638 727 Sequitur
653 684 767 715 notitia
788 684 825 714 de
846 695 899 714 seu
917 683 1094 714 civitatibus
1111 683 1149 713 ad
1167 693 1243 723 quas

468 736 622 767 homicida
638 736 726 776 fugit.

384 802 411 832 7.
431 801 647 831 Commentum
664 799 693 829 in
712 799 842 829 Deborae
860 798 1024 829 canticum.
1049 798 1099 827 fol.
1114 807 1150 837 92
1167 797 1196 827 b.

489 852 551 883 Tit.
571 857 591 870 “
606 851 717 893 Incipit
734 851 887 881 canticum
905 849 1081 881 Debbore.”

490 912 570 943 Ibid.
585 917 659 942 tom.
674 911 714 941 iii.
732 910 787 941 col.
803 919 873 950 745.

383 980 413 1006 8.
434 976 471 1005 Ι11
486 974 653 1005 Hieremia>
673 973 934 1004 Lamentationes.
958 971 1008 1002 fol.
1024 980 1071 1011 95.

488 1026 548 1057 Tit.
568 1025 756 1066 “Incipiunt
772 1023 1009 1055 lamentationes
1026 1022 1190 1052 Jermnics'

490 1085 568 1115 Ibid.
585 1089 660 1116 tom.
676 1084 715 1114 xi.
732 1083 789 1114 col.
803 1093 874 1123 727.

382 1151 412 1182 9.
430 1148 593 1190 Expositio
609 1148 640 1178 in
655 1147 856 1188 alphabetum
870 1146 1070 1177 Hebraicum.
1094 1146 1145 1175 fol.
1158 1154 1197 1186 95
1212 1145 1240 1175 b.

489 1200 576 1241 Incip
604 1204 622 1216 ‘⁴
635 1199 747 1240 Aleph.
765 1199 992 1239 interpretatur
1008 1197 1176 1228 doctri11e.”

490 1251 528 1281 In
545 1250 637 1287 calce,
648 1255 666 1267 ‘⁸
678 1249 814 1291 Explicit
830 1249 982 1290 expositio
999 1259 1091 1290 super
1106 1248 1241 1279 alfabeto

467 1301 623 1332 Hebre0.”

362 1366 410 1395 10.
428 1364 570 1405 Epistola
589 1364 628 1394 ad
651 1363 833 1393 Dardanum
859 1362 896 1392 de
923 1362 1087 1403 generibus
1112 1362 1241 1392 musico-

447 1426 512 1445 rum
529 1414 666 1445 diversis.
690 1413 740 1443 fol.
756 1423 806 1453 99.

489 1466 568 1497 Ibid.
586 1470 659 1497 tom.
675 1465 715 1495 xi.
733 1465 789 1495 col.
805 1474 874 1495 202.

362 1531 409 1560 11.
428 1529 571 1571 Epistola
586 1529 625 1560 ad
643 1528 807 1559 Rusticum
823 1527 1017 1558 monachum.
1041 1527 1089 1557 fol.
1105 1538 1143 1567 99
1158 1528 1187 1557 b.

488 1580 567 1611 Ibid.
584 1584 658 1611 tom.
672 1580 690 1610 i.
707 1579 764 1609 col.
778 1580 849 1619 926.

362 1646 411 1674 12.
431 1644 478 1674 De
511 1643 633 1684 sphaera
668 1643 735 1673 coeli
772 1646 803 1672 et
839 1641 877 1671 de
910 1641 1038 1671 diversis
1067 1641 1238 1682 scripturis.

446 1695 496 1725 sol.
520 1705 574 1735 ¹05
592 1695 621 1725 b.

510 1745 608 1786 Incip.
626 1750 646 1763 ‘⁴
660 1745 846 1775 Affirmatur
861 1743 958 1774 celum
977 1743 1174 1774 rotundu111.''

754 1864 836 1897 LII.

359 1937 478 1970 Codex
497 1936 789 1975 membranaceus,
803 1936 837 1968 in
857 1935 948 1975 folio,
965 1935 998 1968 ff.
1014 1937 1072 1974 83,
1090 1947 1157 1969 see.
1172 1947 1238 1975 xv„
1269 1971 1270 1978 ἵ

384 1994 472 2028 binis
500 1993 667 2027 columnis
694 1999 874 2034 exaratus3
903 1999 911 2011 ‘
926 2005 969 2027 ex
989 1995 1079 2027 dono
1099 1994 1238 2028 Ricardi

386 2052 412 2085 F
416 2052 499 2085 ith-J
503 2063 605 2087 ames,
626 2051 848 2085 Cicestrensis
867 2052 1039 2097 episcopi?

403 2113 435 2143 S.
454 2112 635 2153 Hieronymi
646 2112 675 2142 iu
687 2112 879 2143 Hieremiam
893 2113 1077 2154 prophetam
1088 2124 1239 2144 commen·
1269 2120 1271 2149 ζ

423 2164 529 2199 tarius.
547 2163 577 2193 in
593 2163 686 2193 libros
703 2175 755 2193 sex
773 2164 949 2198 distinctus.
967 2176 1036 2195 cum
1053 2165 1197 2206 prologis.

463 2223 526 2253 Tit.
544 2228 561 2239 ²⁶
576 2222 690 2262 Incipit
712 2223 844 2263 prefacio
862 2224 969 2254 Sancti
988 2224 1135 2263 leronimi
1156 2235 1239 2264 pres-

443 2274 534 2305 biteri
551 2274 581 2304 in
597 2274 816 2314 explanacione
835 2274 962 2305 Ieremic
980 2275 1160 2316 prophete.”

466 2333 581 2364 Exstat
596 2333 735 2374 impress.
752 2334 832 2364 inter
845 2345 948 2375 opera.
961 2339 1035 2365 tom.
1046 2335 1084 2365 iv.
1101 2334 1156 2365 eol.
1169 2335 1238 2375 835.
1270 2339 1271 2358 ἶ

464 2392 501 2422 In
518 2393 611 2429 calce,
628 2397 646 2409 “
661 2392 804 2423 leronimi
824 2393 947 2424 Eusebii
965 2394 1127 2434 presbiteri
1144 2393 1239 2424 Beth·
1269 2428 1271 2440 1

443 2444 585 2474 leemitici
599 2455 690 2484 super
704 2444 865 2474 Ieremiam
883 2445 1066 2486 proplietam
1082 2445 1160 2475 liber
1173 2456 1239 2475 sex-

442 2501 502 2532 tus,
520 2495 572 2536 qui
588 2500 620 2525 et
636 2495 774 2532 ultimus,
791 2496 946 2537 explicit?

466 2555 676 2586 Praemittitur
699 2555 795 2585 codici
819 2556 942 2592 notitia,
960 2562 977 2572 ‘⁵
991 2555 1108 2586 Beatus
1125 2555 1238 2586 Hiero-
1270 2555 1271 2579 i

443 2617 552 2647 uymus
571 2617 662 2648 super
679 2606 869 2637 Hieremiam
889 2607 1082 2648 prophetam.
1100 2618 1137 2637 ex
1160 2607 1241 2637 dono

445 2658 559 2687 domini
574 2657 697 2688 Ricardi
711 2657 914 2694 Fitz-James,
927 2669 1026 2698 nuper
1038 2657 1240 2688 Cicestrensis

443 2708 575 2749 episcopi
611 2714 642 2739 et
673 2709 810 2739 custodis
847 2709 936 2739 istius
965 2709 1093 2750 collegii.

445 2758 545 2788 anime
561 2760 750 2800 propicietur
766 2759 872 2797 Deus3
898 2761 1031 2791 Amen.’⁷

1148 2708 1242 2750 Cujus
1270 2729 1272 2762 ἶ

923 145 1223 181 CATALOGUS
1249 145 1483 182 CODICUM
1511 146 1619 181 MSS.

1273 254 1275 321 1
1683 245 1784 278 LIII.

1296 307 1415 341 Codex
1442 308 1735 345 membranaceus,
1764 306 1798 338 in
1827 305 1921 345 folio,
1944 306 1978 339 ff.
2001 306 2083 346 261,
2109 319 2176 341 sec.

1320 366 1398 401 xiv..
1418 365 1507 398 binis
1525 364 1695 398 columnis
1713 363 1822 396 nitide
1841 368 2013 397 exaratus.

1341 427 1366 456 l.
1385 426 1415 456 S.
1442 425 1603 460 Bernardi,
1638 423 1762 454 abbatis
1797 422 2049 460 Claraevallensis,
2085 435 2177 465 super

1273 440 1275 523 l
1402 477 1531 507 Cantica
1547 475 1746 505 Canticorum
1762 485 1919 504 sermones
1938 475 2097 516 octoginta
2113 486 2175 506 sex.

1273 524 1275 556 l
1403 527 1452 557 sol.
1476 538 1498 556 1.

1273 588 1275 614 5
1445 577 1506 606 Tit.
1534 575 1687 616 “Incipit
1719 579 1874 606 tractatus
1909 575 1993 606 beati
2025 575 2176 607 Bernardi

1273 624 1275 645 l
1423 627 1546 658 abbatis
1576 637 1669 668 super
1692 626 1822 657 Cantica
1847 626 2045 657 Canticorum
2076 637 2176 657 sermo

1273 671 1275 722 l
1423 679 1570 720 pri1nus.”

1273 727 1274 739 ³
1445 730 1582 760 Exstant
1606 729 1747 770 impress.
1769 729 1850 760 inter
1873 739 1977 769 opera,
2005 729 2051 759 cd.
2078 729 2176 759 Paris

1429 782 1517 821 1690,
1534 786 1608 810 tom.
1621 780 1639 810 i.
1657 780 1713 810 col.
1734 782 1819 818 1267.

1339 848 1366 875 2.
1386 845 1533 886 Ejusdem
1555 845 1671 885 [potius
1692 844 1835 874 Gaufridi
1858 844 1994 884 abbatis]
2016 855 2115 875 sermo
2139 845 2178 875 de

1402 896 1553 937 colloquio
1569 896 1702 926 Simonis
1718 900 1749 926 et
1765 895 1874 926 Jhesu.
1898 895 1949 925 fol.
1966 906 1984 935 9
2001 895 2031 926 b.

1444 947 1524 977 Ibid.
1541 951 1616 978 tom.
1631 947 1660 977 ii.
1677 947 1733 978 col.
1748 948 1817 985 284.

1338 1011 1365 1040 3.
1385 1010 1533 1051 Ejusdem
1549 1009 1626 1040 liber
1642 1009 1679 1039 (lc
1696 1009 1850 1051 diligendo
1868 1009 1943 1040 Deo.
1967 1009 2019 1040 fol.
2037 1020 2105 1048 104.

1446 1061 1523 1091 Ibid.
1542 1066 1618 1091 tom.
1632 1060 1650 1090 i.
1667 1060 1724 1091 col.
1737 1062 1809 1101 583.

1338 1128 1366 1156 4.
1384 1126 1533 1166 Ejusdem
1551 1126 1666 1167 [potius
1683 1124 1828 1155 Gulielmi
1851 1125 1974 1156 abbatis
1991 1125 2020 1156 S.
2033 1125 2174 1156 Theode-

1403 1177 1470 1218 rici]
1486 1177 1524 1207 ‹le
1539 1187 1646 1207 amore
1662 1176 1730 1206 Dei.
1755 1176 1805 1206 fol.
1826 1186 1893 1206 111.

1444 1229 1522 1259 Ibid.
1540 1232 1614 1259 tom.
1629 1228 1659 1258 ii.
1679 1228 1746 1258 coll.
1762 1237 1940 1269 234—242‚
1956 1238 2027 1270 243.

1337 1295 1366 1323 5.
1384 1292 1527 1333 Hugonis
1557 1292 1596 1322 de
1623 1292 1655 1323 S.
1666 1292 1798 1323 Victore
1826 1295 1834 1309 ‘
1845 1291 1924 1323 liber
1953 1292 1991 1323 de
2021 1292 2176 1324 caritate.'

1401 1343 1454 1374 fol.
1477 1353 1543 1373 121.

1445 1395 1535 1425 Inter
1549 1405 1655 1435 opera,
1671 1397 1747 1424 tom.
1760 1394 1791 1424 ii.
1807 1394 1859 1424 sol.
1875 1395 1931 1425 108
1945 1395 1975 1425 b.

1337 1458 1365 1489 6.
1385 1458 1415 1489 S.
1433 1457 1582 1488 Bernardi
1606 1457 1684 1495 liber
1707 1458 1746 1488 de
1762 1457 1813 1488 xii.
1827 1458 1976 1499 gradibus
1992 1457 2176 1490 humilitatis

1401 1514 1432 1539 et
1449 1508 1609 1549 superbiae.
1633 1508 1682 1538 fol.
1702 1517 1769 1548 123.

1443 1559 1504 1590 Tit.
1522 1566 1539 1576 *⁵
1555 1559 1648 1589 Liber
1663 1559 1747 1589 beati
1765 1558 1926 1595 Bernardi‚
1944 1558 2176 1590 Clarevallensis

1420 1611 1552 1647 abbatis,
1571 1611 1608 1641 de
1631 1610 1779 1652 gradibus
1801 1610 1986 1641 ascendendi
2004 1614 2037 1641 et
2052 1610 2176 1641 descen-

1421 1663 1543 1693 ‹lendis'

1444 1715 1532 1744 Inter
1547 1724 1652 1754 opera,
1669 1718 1744 1744 tom.
1759 1713 1777 1743 i.
1796 1713 1852 1743 col.
1865 1722 1937 1754 357.

1270 1635 1272 1645 1

1270 1654 1272 1668 l

1336 1775 1362 1805 7.
1382 1773 1412 1803 S.
1432 1772 1583 1802 Bernardi
1604 1783 1763 1802 sermones
1779 1772 1881 1813 plures
1904 1772 1942 1802 de
1959 1775 2118 1812 tempore;
2144 1771 2173 1801 in

1399 1824 1480 1855 calce
1497 1824 1595 1854 mutil.
1620 1823 1670 1853 fol.
1690 1833 1755 1865 132.

1441 1875 1504 1905 Tit.
1521 1876 1539 1905 i.
1558 1880 1575 1891 ‘⁴
1588 1875 1751 1905 Sermones
1775 1874 1856 1905 beati
1878 1873 2027 1904 Bernardi
2049 1873 2174 1904 abbatis

1420 1927 1457 1957 de
1478 1927 1613 1957 adventu
1630 1926 1754 1956 Domini
1777 1930 1808 1956 et
1830 1930 1948 1967 septem
1973 1925 2172 1956 circumstan-

1420 1977 1473 2008 ciis
1489 1977 1588 2018 ejus.”

1445 2028 1525 2058 Ibid.
1542 2032 1618 2058 tom.
1632 2027 1649 2058 i.
1667 2027 1721 2057 col.
1736 2036 1806 2067 717-

1442 2079 1510 2110 Ult.
1528 2083 1575 2109 est
1600 2079 1630 2109 in
1646 2079 1725 2109 festo
1742 2078 1773 2109 S.
1792 2077 1966 2114 Michaelis,
1982 2077 2014 2107 in
2028 2076 2103 2108 edit.
2119 2077 2171 2107 eit.

1420 2135 1495 2161 tom.
1508 2130 1526 2160 i.
1543 2130 1600 2161 col.
1617 2140 1706 2161 1021.

1680 2222 1781 2257 LIV.

1269 2319 1271 2334 ,Ἰ
1296 2285 1594 2319 Membranaceus.
1613 2285 1648 2318 in
1673 2284 1764 2323 folio,
1784 2284 1816 2318 ff.
1833 2288 1913 2323 229,
1939 2296 2004 2319 sec.
2021 2285 2104 2325 xiv„
2122 2285 2172 2319 bi-

1318 2344 1369 2377 nis
1387 2343 1558 2376 columnis
1576 2348 1745 2376 exaratus.

1337 2403 1367 2433 S.
1386 2403 1550 2440 Bernardi‚
1562 2402 1686 2433 abbatis
1698 2402 1950 2437 Claraevallensis,
1965 2414 2059 2444 opera
2074 2403 2159 2434 varia
2165 2415 2174 2439 ;

1357 2454 1480 2490 scilicet,

1337 2510 1364 2539 1.
1383 2509 1618 2540 Meditationes.
1643 2509 1692 2539 fol.
1714 2519 1734 2538 1.

1441 2562 1580 2591 Exstant
1594 2561 1732 2601 impress.
1745 2560 1826 2590 inter
1837 2571 1941 2601 opera,
1955 2563 2046 2601 1690,
2056 2564 2130 2591 tom.
2142 2560 2170 2590 ii.

1270 2615 1272 2681 j
1420 2612 1476 2643 col.
1489 2613 1560 2654 318.

1270 2687 1272 2698 .
1296 2678 1299 2682 ’
1336 2669 1366 2697 2.
1384 2668 1548 2699 Sermones
1564 2679 1656 2709 super
1671 2668 1801 2699 Cantica
1817 2667 2029 2705 Canticomm,
2046 2679 2172 2699 numero

1400 2719 1560 2760 octoginta
1576 2724 1705 2760 septem.
1729 2719 1778 2749 fol.
1792 2730 1809 2758 9
1823 2719 1853 2749 b.

1445 2770 1581 2801 Exstant
1598 2770 1670 2800 ibid.
1688 2774 1762 2800 tom.
1776 2770 1795 2800 i.
1812 2770 1866 2801 col.
1886 2771 1972 2810 1267.
