<?xml version="1.0" encoding="UTF-8"?>
<!DOCTYPE html PUBLIC "-//W3C//DTD XHTML 1.0 Transitional//EN"
    "http://www.w3.org/TR/xhtml1/DTD/xhtml1-transitional.dtd">
<html xmlns="http://www.w3.org/1999/xhtml" xml:lang="en" lang="en">
 <head>
  <title>
</title>
<meta http-equiv="Content-Type" content="text/html;charset=utf-8" />
  <meta name='ocr-system' content='tesseract 3.04.00' />
  <meta name='ocr-capabilities' content='ocr_page ocr_carea ocr_par ocr_line ocrx_word'/>
</head>
<body>
  <div class='ocr_page' id='page_1' title='image "./cataloguscodicum01coxeuoft_0240.png"; bbox 0 0 2254 3117; ppageno 0'>
   <div class='ocr_carea' id='block_1_1' title="bbox 345 145 388 175">
    <p class='ocr_par' dir='ltr' id='par_1_1' title="bbox 345 145 388 175">
     <span class='ocr_line' id='line_1_1' title="bbox 345 145 388 175; baseline 0 0"><span class='ocrx_word' id='word_1_1' title='bbox 345 145 388 175; x_wconf 65' lang='lat'>40</span> 
     </span>
    </p>
   </div>
   <div class='ocr_carea' id='block_1_2' title="bbox 367 236 1224 797">
    <p class='ocr_par' dir='ltr' id='par_1_2' title="bbox 367 236 1224 797">
     <span class='ocr_line' id='line_1_2' title="bbox 494 236 1221 280; baseline -0.003 -11"><span class='ocrx_word' id='word_1_2' title='bbox 494 239 588 280; x_wconf 87' lang='lat' dir='ltr'>Incip.</span> <span class='ocrx_word' id='word_1_3' title='bbox 605 238 636 268; x_wconf 92' lang='lat' dir='ltr'>in</span> <span class='ocrx_word' id='word_1_4' title='bbox 648 237 759 272; x_wconf 84' lang='lat' dir='ltr'>verbis,</span> <span class='ocrx_word' id='word_1_5' title='bbox 770 240 788 253; x_wconf 70' lang='lat'>⁶¹·</span> <span class='ocrx_word' id='word_1_6' title='bbox 800 247 855 267; x_wconf 90' lang='lat' dir='ltr'>nec</span> <span class='ocrx_word' id='word_1_7' title='bbox 872 236 963 267; x_wconf 85' lang='lat' dir='ltr'>(lebet</span> <span class='ocrx_word' id='word_1_8' title='bbox 978 236 1050 278; x_wconf 93' lang='lat' dir='ltr'>poni</span> <span class='ocrx_word' id='word_1_9' title='bbox 1067 236 1221 278; x_wconf 89' lang='lat' dir='ltr'>quomodo</span> 
     </span>
     <span class='ocr_line' id='line_1_3' title="bbox 470 287 921 321; baseline -0.009 0"><span class='ocrx_word' id='word_1_10' title='bbox 470 290 599 321; x_wconf 87' lang='lat' dir='ltr'>includit</span> <span class='ocrx_word' id='word_1_11' title='bbox 615 287 921 319; x_wconf 69' lang='lat' dir='ltr'>contratlictioneni.”</span> 
     </span>
     <span class='ocr_line' id='line_1_4' title="bbox 493 340 1221 380; baseline -0.003 -9"><span class='ocrx_word' id='word_1_12' title='bbox 493 340 605 371; x_wconf 87' lang='lat' dir='ltr'>Deficit</span> <span class='ocrx_word' id='word_1_13' title='bbox 621 340 662 376; x_wconf 76' lang='lat' dir='ltr'>in,</span> <span class='ocrx_word' id='word_1_14' title='bbox 681 344 699 356; x_wconf 69' lang='lat'>⁴⁶</span> <span class='ocrx_word' id='word_1_15' title='bbox 712 350 835 369; x_wconf 89' lang='lat' dir='ltr'>necesse</span> <span class='ocrx_word' id='word_1_16' title='bbox 854 350 921 369; x_wconf 86' lang='lat' dir='ltr'>esse</span> <span class='ocrx_word' id='word_1_17' title='bbox 943 349 1016 380; x_wconf 83' lang='lat' dir='ltr'>ergo</span> <span class='ocrx_word' id='word_1_18' title='bbox 1040 349 1221 380; x_wconf 90' lang='lat' dir='ltr'>quocunque</span> 
     </span>
     <span class='ocr_line' id='line_1_5' title="bbox 471 391 643 431; baseline 0 -10"><span class='ocrx_word' id='word_1_19' title='bbox 471 391 643 431; x_wconf 54' lang='lat' dir='ltr'>posito—ff*</span> 
     </span>
     <span class='ocr_line' id='line_1_6' title="bbox 367 449 1222 492; baseline -0.002 -10"><span class='ocrx_word' id='word_1_20' title='bbox 367 454 394 482; x_wconf 75' lang='lat'>3.</span> <span class='ocrx_word' id='word_1_21' title='bbox 412 451 559 492; x_wconf 85' lang='lat' dir='ltr'>Ejusdem</span> <span class='ocrx_word' id='word_1_22' title='bbox 587 450 775 481; x_wconf 87' lang='lat' dir='ltr'>Collationes</span> <span class='ocrx_word' id='word_1_23' title='bbox 805 450 872 481; x_wconf 82' lang='lat' dir='ltr'>aliae</span> <span class='ocrx_word' id='word_1_24' title='bbox 901 449 1111 487; x_wconf 83' lang='lat' dir='ltr'>Parisienses;</span> <span class='ocrx_word' id='word_1_25' title='bbox 1133 450 1222 480; x_wconf 90' lang='lat' dir='ltr'>initio</span> 
     </span>
     <span class='ocr_line' id='line_1_7' title="bbox 430 502 675 542; baseline -0.004 -9"><span class='ocrx_word' id='word_1_26' title='bbox 430 502 528 533; x_wconf 88' lang='lat' dir='ltr'>mutil.</span> <span class='ocrx_word' id='word_1_27' title='bbox 557 502 607 532; x_wconf 88' lang='lat' dir='ltr'>fol.</span> <span class='ocrx_word' id='word_1_28' title='bbox 625 512 675 542; x_wconf 82' lang='lat'>90.</span> 
     </span>
     <span class='ocr_line' id='line_1_8' title="bbox 474 555 1223 598; baseline -0.001 -11"><span class='ocrx_word' id='word_1_29' title='bbox 474 557 597 598; x_wconf 87' lang='lat' dir='ltr'>Incip.“</span> <span class='ocrx_word' id='word_1_30' title='bbox 610 568 671 587; x_wconf 90' lang='lat' dir='ltr'>non</span> <span class='ocrx_word' id='word_1_31' title='bbox 682 560 764 587; x_wconf 86' lang='lat' dir='ltr'>essct</span> <span class='ocrx_word' id='word_1_32' title='bbox 775 556 953 592; x_wconf 79' lang='lat' dir='ltr'>delectatio,</span> <span class='ocrx_word' id='word_1_33' title='bbox 964 562 1031 586; x_wconf 89' lang='lat' dir='ltr'>tum</span> <span class='ocrx_word' id='word_1_34' title='bbox 1041 555 1113 597; x_wconf 73' lang='lat' dir='ltr'>qnia</span> <span class='ocrx_word' id='word_1_35' title='bbox 1124 555 1223 586; x_wconf 76' lang='lat' dir='ltr'>talis.&#39;&#39;</span> 
     </span>
     <span class='ocr_line' id='line_1_9' title="bbox 473 606 1221 648; baseline -0.003 -10"><span class='ocrx_word' id='word_1_36' title='bbox 473 609 511 638; x_wconf 93' lang='lat' dir='ltr'>In</span> <span class='ocrx_word' id='word_1_37' title='bbox 528 607 620 643; x_wconf 85' lang='lat' dir='ltr'>calce,</span> <span class='ocrx_word' id='word_1_38' title='bbox 634 612 651 624; x_wconf 68' lang='lat'>‘⁶</span> <span class='ocrx_word' id='word_1_39' title='bbox 663 607 800 648; x_wconf 73' lang='lat' dir='ltr'>Explicit</span> <span class='ocrx_word' id='word_1_40' title='bbox 816 607 941 638; x_wconf 83' lang='lat' dir='ltr'>collacio</span> <span class='ocrx_word' id='word_1_41' title='bbox 955 606 1137 637; x_wconf 73' lang='lat' dir='ltr'>parisiensis</span> <span class='ocrx_word' id='word_1_42' title='bbox 1153 607 1221 636; x_wconf 82' lang='grc'>(100-</span> 
     </span>
     <span class='ocr_line' id='line_1_10' title="bbox 451 662 1223 704; baseline -0.003 -11"><span class='ocrx_word' id='word_1_43' title='bbox 451 663 527 694; x_wconf 87' lang='lat' dir='ltr'>toris</span> <span class='ocrx_word' id='word_1_44' title='bbox 543 663 663 694; x_wconf 87' lang='lat' dir='ltr'>subtilis</span> <span class='ocrx_word' id='word_1_45' title='bbox 679 663 795 704; x_wconf 85' lang='lat' dir='ltr'>scripta</span> <span class='ocrx_word' id='word_1_46' title='bbox 807 673 861 704; x_wconf 88' lang='lat' dir='ltr'>per</span> <span class='ocrx_word' id='word_1_47' title='bbox 873 673 921 692; x_wconf 90' lang='lat' dir='ltr'>me</span> <span class='ocrx_word' id='word_1_48' title='bbox 933 662 954 692; x_wconf 85' lang='lat' dir='ltr'><strong>J</strong></span> <span class='ocrx_word' id='word_1_49' title='bbox 958 662 1110 693; x_wconf 86' lang='lat' dir='ltr'>ohannem</span> <span class='ocrx_word' id='word_1_50' title='bbox 1123 662 1223 703; x_wconf 76' lang='lat' dir='ltr'>Reyn-</span> 
     </span>
     <span class='ocr_line' id='line_1_11' title="bbox 451 713 1224 749; baseline -0.001 -5"><span class='ocrx_word' id='word_1_51' title='bbox 451 714 523 744; x_wconf 87' lang='lat' dir='ltr'>bold</span> <span class='ocrx_word' id='word_1_52' title='bbox 553 715 591 745; x_wconf 92' lang='lat' dir='ltr'>de</span> <span class='ocrx_word' id='word_1_53' title='bbox 618 714 730 745; x_wconf 80' lang='lat' dir='ltr'>Monte</span> <span class='ocrx_word' id='word_1_54' title='bbox 755 714 887 749; x_wconf 79' lang='lat' dir='ltr'>ornato,</span> <span class='ocrx_word' id='word_1_55' title='bbox 912 713 1116 749; x_wconf 83' lang='lat' dir='ltr'>Almanicnm,</span> <span class='ocrx_word' id='word_1_56' title='bbox 1142 724 1224 743; x_wconf 89' lang='lat' dir='ltr'>anno</span> 
     </span>
     <span class='ocr_line' id='line_1_12' title="bbox 453 765 918 797; baseline -0.002 -1"><span class='ocrx_word' id='word_1_57' title='bbox 453 766 577 797; x_wconf 88' lang='lat' dir='ltr'>Domini</span> <span class='ocrx_word' id='word_1_58' title='bbox 594 766 754 797; x_wconf 87' lang='lat' dir='ltr'>millesimo</span> <span class='ocrx_word' id='word_1_59' title='bbox 770 765 918 796; x_wconf 76' lang='lat' dir='ltr'>cccc.lvi.&#39;&#39;</span> 
     </span>
    </p>
   </div>
   <div class='ocr_carea' id='block_1_3' title="bbox 453 820 1225 904">
    <p class='ocr_par' dir='ltr' id='par_1_3' title="bbox 453 820 1225 904">
     <span class='ocr_line' id='line_1_13' title="bbox 474 820 1225 863; baseline -0.003 -11"><span class='ocrx_word' id='word_1_60' title='bbox 474 821 621 863; x_wconf 81' lang='lat' dir='ltr'>Sequitur</span> <span class='ocrx_word' id='word_1_61' title='bbox 641 821 749 852; x_wconf 83' lang='lat' dir='ltr'>tabula</span> <span class='ocrx_word' id='word_1_62' title='bbox 767 821 972 862; x_wconf 73' lang='lat' dir='ltr'>quaestionuni</span> <span class='ocrx_word' id='word_1_63' title='bbox 998 820 1132 851; x_wconf 86' lang='lat' dir='ltr'>doctoris</span> <span class='ocrx_word' id='word_1_64' title='bbox 1156 820 1225 850; x_wconf 88' lang='lat' dir='ltr'>sub-</span> 
     </span>
     <span class='ocr_line' id='line_1_14' title="bbox 453 871 1045 904; baseline -0.002 -1"><span class='ocrx_word' id='word_1_65' title='bbox 453 873 514 904; x_wconf 84' lang='lat' dir='ltr'>tilis</span> <span class='ocrx_word' id='word_1_66' title='bbox 530 873 560 903; x_wconf 89' lang='grc'>10</span> <span class='ocrx_word' id='word_1_67' title='bbox 576 872 792 903; x_wconf 75' lang='lat' dir='ltr'>collationibus</span> <span class='ocrx_word' id='word_1_68' title='bbox 810 871 1045 902; x_wconf 80' lang='lat' dir='ltr'>Parisiensibus.</span> 
     </span>
    </p>
   </div>
   <div class='ocr_carea' id='block_1_4' title="bbox 369 930 1226 1232">
    <p class='ocr_par' dir='ltr' id='par_1_4' title="bbox 369 930 1226 1232">
     <span class='ocr_line' id='line_1_15' title="bbox 369 930 1225 973; baseline -0.002 -11"><span class='ocrx_word' id='word_1_69' title='bbox 369 935 396 963; x_wconf 63' lang='lat'>4.</span> <span class='ocrx_word' id='word_1_70' title='bbox 416 932 563 973; x_wconf 85' lang='lat' dir='ltr'>Ejusdem</span> <span class='ocrx_word' id='word_1_71' title='bbox 588 931 657 962; x_wconf 82' lang='lat' dir='ltr'>libri</span> <span class='ocrx_word' id='word_1_72' title='bbox 680 932 718 962; x_wconf 89' lang='lat' dir='ltr'>de</span> <span class='ocrx_word' id='word_1_73' title='bbox 741 932 840 973; x_wconf 88' lang='lat' dir='ltr'>primo</span> <span class='ocrx_word' id='word_1_74' title='bbox 863 931 1012 972; x_wconf 87' lang='lat' dir='ltr'>principio</span> <span class='ocrx_word' id='word_1_75' title='bbox 1033 930 1137 972; x_wconf 78' lang='lat' dir='ltr'>capita</span> <span class='ocrx_word' id='word_1_76' title='bbox 1153 941 1225 970; x_wconf 80' lang='lat' dir='ltr'>qua-</span> 
     </span>
     <span class='ocr_line' id='line_1_16' title="bbox 436 981 807 1018; baseline -0.008 -5"><span class='ocrx_word' id='word_1_77' title='bbox 436 988 527 1018; x_wconf 79' lang='lat' dir='ltr'>tum-3</span> <span class='ocrx_word' id='word_1_78' title='bbox 550 981 649 1012; x_wconf 87' lang='lat' dir='ltr'>mutil.</span> <span class='ocrx_word' id='word_1_79' title='bbox 672 981 723 1011; x_wconf 88' lang='lat' dir='ltr'>fol.</span> <span class='ocrx_word' id='word_1_80' title='bbox 740 991 807 1010; x_wconf 90' lang='lat'>111.</span> 
     </span>
     <span class='ocr_line' id='line_1_17' title="bbox 475 1032 837 1073; baseline -0.003 -9"><span class='ocrx_word' id='word_1_81' title='bbox 475 1033 554 1064; x_wconf 91' lang='lat' dir='ltr'>Ibid.</span> <span class='ocrx_word' id='word_1_82' title='bbox 571 1037 646 1064; x_wconf 88' lang='lat' dir='ltr'>tom.</span> <span class='ocrx_word' id='word_1_83' title='bbox 663 1032 704 1062; x_wconf 92' lang='lat' dir='ltr'>iii.</span> <span class='ocrx_word' id='word_1_84' title='bbox 721 1043 751 1073; x_wconf 89' lang='lat' dir='ltr'>p.</span> <span class='ocrx_word' id='word_1_85' title='bbox 768 1041 837 1063; x_wconf 81' lang='lat'>210.</span> 
     </span>
     <span class='ocr_line' id='line_1_18' title="bbox 476 1085 1226 1128; baseline -0.004 -10"><span class='ocrx_word' id='word_1_86' title='bbox 476 1088 589 1118; x_wconf 88' lang='lat' dir='ltr'>Deficit</span> <span class='ocrx_word' id='word_1_87' title='bbox 613 1087 644 1118; x_wconf 93' lang='lat' dir='ltr'>in</span> <span class='ocrx_word' id='word_1_88' title='bbox 667 1087 766 1118; x_wconf 87' lang='lat' dir='ltr'>verbis</span> <span class='ocrx_word' id='word_1_89' title='bbox 785 1098 851 1128; x_wconf 92' lang='lat' dir='ltr'>cap.</span> <span class='ocrx_word' id='word_1_90' title='bbox 869 1087 906 1117; x_wconf 85' lang='lat' dir='ltr'>iv.</span> <span class='ocrx_word' id='word_1_91' title='bbox 930 1087 1031 1127; x_wconf 68' lang='lat' dir='ltr'>“qnia</span> <span class='ocrx_word' id='word_1_92' title='bbox 1058 1090 1161 1116; x_wconf 80' lang='lat' dir='ltr'>tamen</span> <span class='ocrx_word' id='word_1_93' title='bbox 1188 1085 1226 1115; x_wconf 86' lang='lat' dir='ltr'>dc</span> 
     </span>
     <span class='ocr_line' id='line_1_19' title="bbox 454 1135 1225 1180; baseline -0.005 -11"><span class='ocrx_word' id='word_1_94' title='bbox 454 1139 650 1180; x_wconf 75' lang='lat' dir='ltr'>simplicitate</span> <span class='ocrx_word' id='word_1_95' title='bbox 673 1138 857 1169; x_wconf 75' lang='lat' dir='ltr'>essentiali.”</span> <span class='ocrx_word' id='word_1_96' title='bbox 880 1138 910 1168; x_wconf 93' lang='lat' dir='ltr'>in</span> <span class='ocrx_word' id='word_1_97' title='bbox 934 1138 1007 1168; x_wconf 79' lang='lat' dir='ltr'>edit.</span> <span class='ocrx_word' id='word_1_98' title='bbox 1028 1137 1079 1167; x_wconf 81' lang='lat' dir='ltr'>cit.</span> <span class='ocrx_word' id='word_1_99' title='bbox 1097 1141 1170 1167; x_wconf 87' lang='lat' dir='ltr'>tom.</span> <span class='ocrx_word' id='word_1_100' title='bbox 1185 1135 1225 1165; x_wconf 90' lang='lat' dir='ltr'>iii.</span> 
     </span>
     <span class='ocr_line' id='line_1_20' title="bbox 454 1189 786 1232; baseline -0.006 -11"><span class='ocrx_word' id='word_1_101' title='bbox 454 1202 483 1231; x_wconf 89' lang='lat' dir='ltr'>p.</span> <span class='ocrx_word' id='word_1_102' title='bbox 500 1200 568 1232; x_wconf 80' lang='lat'>237,</span> <span class='ocrx_word' id='word_1_103' title='bbox 586 1190 642 1220; x_wconf 89' lang='grc'>001.</span> <span class='ocrx_word' id='word_1_104' title='bbox 659 1200 685 1219; x_wconf 92' lang='lat'>1.</span> <span class='ocrx_word' id='word_1_105' title='bbox 703 1189 720 1219; x_wconf 90' lang='lat' dir='ltr'>l.</span> <span class='ocrx_word' id='word_1_106' title='bbox 740 1200 786 1220; x_wconf 88' lang='lat'>10.</span> 
     </span>
    </p>
   </div>
   <div class='ocr_carea' id='block_1_5' title="bbox 374 1252 389 1265">
    <p class='ocr_par' dir='ltr' id='par_1_5' title="bbox 374 1252 389 1265">
     <span class='ocr_line' id='line_1_21' title="bbox 374 1252 389 1265; textangle 90"><span class='ocrx_word' id='word_1_107' title='bbox 374 1252 389 1265; x_wconf 54' lang='grc' dir='ltr'>Ἰ</span> 
     </span>
    </p>
   </div>
   <div class='ocr_carea' id='block_1_6' title="bbox 371 1246 1229 1640">
    <p class='ocr_par' dir='ltr' id='par_1_6' title="bbox 371 1246 1226 1289">
     <span class='ocr_line' id='line_1_22' title="bbox 371 1246 1226 1289; baseline -0.006 -10"><span class='ocrx_word' id='word_1_108' title='bbox 371 1261 399 1278; x_wconf 68' lang='grc' dir='ltr'>ο.</span> <span class='ocrx_word' id='word_1_109' title='bbox 418 1248 565 1289; x_wconf 84' lang='lat' dir='ltr'>Ejusdem</span> <span class='ocrx_word' id='word_1_110' title='bbox 582 1247 658 1277; x_wconf 89' lang='lat' dir='ltr'>liber</span> <span class='ocrx_word' id='word_1_111' title='bbox 670 1247 708 1276; x_wconf 90' lang='lat' dir='ltr'>de</span> <span class='ocrx_word' id='word_1_112' title='bbox 724 1247 910 1287; x_wconf 76' lang='lat' dir='ltr'>perfectione</span> <span class='ocrx_word' id='word_1_113' title='bbox 927 1250 1076 1277; x_wconf 84' lang='lat' dir='ltr'>statuum.</span> <span class='ocrx_word' id='word_1_114' title='bbox 1093 1246 1143 1277; x_wconf 91' lang='lat' dir='ltr'>sol.</span> <span class='ocrx_word' id='word_1_115' title='bbox 1160 1256 1169 1275; x_wconf 85' lang='lat'>1</span> <span class='ocrx_word' id='word_1_116' title='bbox 1184 1256 1226 1285; x_wconf 85' lang='lat'>¹9-</span> 
     </span>
    </p>

    <p class='ocr_par' dir='ltr' id='par_1_7' title="bbox 456 1295 1227 1379">
     <span class='ocr_line' id='line_1_23' title="bbox 478 1295 1227 1338; baseline -0.003 -11"><span class='ocrx_word' id='word_1_117' title='bbox 478 1298 572 1338; x_wconf 88' lang='lat' dir='ltr'>Incip.</span> <span class='ocrx_word' id='word_1_118' title='bbox 588 1303 606 1314; x_wconf 84' lang='grc'>“</span> <span class='ocrx_word' id='word_1_119' title='bbox 617 1297 705 1336; x_wconf 81' lang='lat' dir='ltr'>Quod</span> <span class='ocrx_word' id='word_1_120' title='bbox 722 1302 823 1328; x_wconf 84' lang='lat' dir='ltr'>status</span> <span class='ocrx_word' id='word_1_121' title='bbox 840 1296 1029 1338; x_wconf 83' lang='lat' dir='ltr'>prelatorum</span> <span class='ocrx_word' id='word_1_122' title='bbox 1045 1295 1227 1327; x_wconf 78' lang='lat' dir='ltr'>ecelesiasti-</span> 
     </span>
     <span class='ocr_line' id='line_1_24' title="bbox 456 1349 589 1379; baseline -0.008 0"><span class='ocrx_word' id='word_1_123' title='bbox 456 1349 589 1379; x_wconf 52' lang='lat' dir='ltr'>eorum.w</span> 
     </span>
    </p>

    <p class='ocr_par' dir='ltr' id='par_1_8' title="bbox 456 1403 1229 1640">
     <span class='ocr_line' id='line_1_25' title="bbox 479 1403 1229 1445; baseline -0.001 -11"><span class='ocrx_word' id='word_1_124' title='bbox 479 1404 515 1434; x_wconf 92' lang='lat' dir='ltr'>In</span> <span class='ocrx_word' id='word_1_125' title='bbox 542 1404 635 1440; x_wconf 86' lang='lat' dir='ltr'>calce,</span> <span class='ocrx_word' id='word_1_126' title='bbox 662 1410 679 1420; x_wconf 66' lang='lat'>*²</span> <span class='ocrx_word' id='word_1_127' title='bbox 692 1403 828 1444; x_wconf 81' lang='lat' dir='ltr'>Explicit</span> <span class='ocrx_word' id='word_1_128' title='bbox 849 1414 925 1445; x_wconf 81' lang='lat' dir='ltr'>opus</span> <span class='ocrx_word' id='word_1_129' title='bbox 950 1404 1085 1434; x_wconf 82' lang='lat' dir='ltr'>doctoris</span> <span class='ocrx_word' id='word_1_130' title='bbox 1108 1403 1229 1434; x_wconf 84' lang='lat' dir='ltr'>subtilis</span> 
     </span>
     <span class='ocr_line' id='line_1_26' title="bbox 456 1455 1228 1496; baseline 0 -11"><span class='ocrx_word' id='word_1_131' title='bbox 456 1455 650 1486; x_wconf 89' lang='lat' dir='ltr'>intitulatum</span> <span class='ocrx_word' id='word_1_132' title='bbox 678 1455 776 1491; x_wconf 75' lang='lat' dir='ltr'>Dinis,</span> <span class='ocrx_word' id='word_1_133' title='bbox 801 1455 839 1485; x_wconf 90' lang='lat' dir='ltr'>de</span> <span class='ocrx_word' id='word_1_134' title='bbox 866 1455 1052 1496; x_wconf 69' lang='lat' dir='ltr'>perfectione</span> <span class='ocrx_word' id='word_1_135' title='bbox 1079 1460 1228 1486; x_wconf 80' lang='lat' dir='ltr'>statuum.</span> 
     </span>
     <span class='ocr_line' id='line_1_27' title="bbox 457 1506 1229 1548; baseline -0.003 -10"><span class='ocrx_word' id='word_1_136' title='bbox 457 1507 613 1548; x_wconf 82' lang='lat' dir='ltr'>Scriptum</span> <span class='ocrx_word' id='word_1_137' title='bbox 629 1517 684 1548; x_wconf 88' lang='lat' dir='ltr'>per</span> <span class='ocrx_word' id='word_1_138' title='bbox 698 1517 746 1536; x_wconf 77' lang='lat' dir='ltr'>nie</span> <span class='ocrx_word' id='word_1_139' title='bbox 758 1506 935 1537; x_wconf 81' lang='lat' dir='ltr'>Johannem</span> <span class='ocrx_word' id='word_1_140' title='bbox 949 1506 1109 1547; x_wconf 70' lang='lat' dir='ltr'>Reynbolsl</span> <span class='ocrx_word' id='word_1_141' title='bbox 1124 1507 1229 1537; x_wconf 79' lang='lat' dir='ltr'>Alma-</span> 
     </span>
     <span class='ocr_line' id='line_1_28' title="bbox 457 1557 1228 1588; baseline -0.001 0"><span class='ocrx_word' id='word_1_142' title='bbox 457 1559 558 1588; x_wconf 86' lang='lat' dir='ltr'>nicum</span> <span class='ocrx_word' id='word_1_143' title='bbox 574 1558 612 1588; x_wconf 85' lang='lat' dir='ltr'>dc</span> <span class='ocrx_word' id='word_1_144' title='bbox 630 1558 739 1588; x_wconf 80' lang='lat' dir='ltr'>Monte</span> <span class='ocrx_word' id='word_1_145' title='bbox 756 1558 875 1588; x_wconf 90' lang='lat' dir='ltr'>Ornato</span> <span class='ocrx_word' id='word_1_146' title='bbox 894 1569 975 1588; x_wconf 87' lang='lat' dir='ltr'>anno</span> <span class='ocrx_word' id='word_1_147' title='bbox 991 1557 1116 1587; x_wconf 84' lang='lat' dir='ltr'>Domini</span> <span class='ocrx_word' id='word_1_148' title='bbox 1132 1557 1228 1587; x_wconf 90' lang='lat' dir='ltr'>mille-</span> 
     </span>
     <span class='ocr_line' id='line_1_29' title="bbox 458 1608 700 1640; baseline -0.008 0"><span class='ocrx_word' id='word_1_149' title='bbox 458 1610 535 1640; x_wconf 85' lang='lat' dir='ltr'>simo</span> <span class='ocrx_word' id='word_1_150' title='bbox 551 1608 700 1640; x_wconf 77' lang='lat' dir='ltr'>cccc.lvi.”</span> 
     </span>
    </p>
   </div>
   <div class='ocr_carea' id='block_1_7' title="bbox 374 1669 1232 1904">
    <p class='ocr_par' dir='ltr' id='par_1_9' title="bbox 374 1669 1232 1904">
     <span class='ocr_line' id='line_1_30' title="bbox 374 1669 1230 1710; baseline -0.002 -10"><span class='ocrx_word' id='word_1_151' title='bbox 374 1670 402 1700; x_wconf 81' lang='grc'>6.</span> <span class='ocrx_word' id='word_1_152' title='bbox 422 1669 578 1700; x_wconf 79' lang='lat' dir='ltr'>Francisci</span> <span class='ocrx_word' id='word_1_153' title='bbox 603 1680 623 1700; x_wconf 81' lang='lat' dir='ltr'>a</span> <span class='ocrx_word' id='word_1_154' title='bbox 650 1669 853 1710; x_wconf 82' lang='lat' dir='ltr'>Mayronibus</span> <span class='ocrx_word' id='word_1_155' title='bbox 876 1669 1006 1710; x_wconf 75' lang='lat' dir='ltr'>quaestio</span> <span class='ocrx_word' id='word_1_156' title='bbox 1033 1669 1071 1699; x_wconf 87' lang='lat' dir='ltr'>de</span> <span class='ocrx_word' id='word_1_157' title='bbox 1094 1669 1230 1699; x_wconf 91' lang='lat' dir='ltr'>dominio</span> 
     </span>
     <span class='ocr_line' id='line_1_31' title="bbox 438 1719 1029 1761; baseline -0.002 -11"><span class='ocrx_word' id='word_1_158' title='bbox 438 1721 588 1750; x_wconf 85' lang='lat' dir='ltr'>bonorum</span> <span class='ocrx_word' id='word_1_159' title='bbox 603 1720 686 1761; x_wconf 86' lang='lat' dir='ltr'>apud</span> <span class='ocrx_word' id='word_1_160' title='bbox 702 1719 867 1761; x_wconf 85' lang='lat' dir='ltr'>apostolos.</span> <span class='ocrx_word' id='word_1_161' title='bbox 892 1719 941 1750; x_wconf 84' lang='lat' dir='ltr'>fol.</span> <span class='ocrx_word' id='word_1_162' title='bbox 964 1720 1029 1760; x_wconf 79' lang='lat'>138.</span> 
     </span>
     <span class='ocr_line' id='line_1_32' title="bbox 479 1771 1229 1812; baseline 0.001 -11"><span class='ocrx_word' id='word_1_163' title='bbox 479 1771 576 1812; x_wconf 88' lang='lat' dir='ltr'>Incip.</span> <span class='ocrx_word' id='word_1_164' title='bbox 595 1778 611 1787; x_wconf 56' lang='lat'>⁸*</span> <span class='ocrx_word' id='word_1_165' title='bbox 625 1771 668 1802; x_wconf 85' lang='lat' dir='ltr'>Et</span> <span class='ocrx_word' id='word_1_166' title='bbox 684 1771 804 1801; x_wconf 85' lang='lat' dir='ltr'>videtur</span> <span class='ocrx_word' id='word_1_167' title='bbox 820 1771 900 1812; x_wconf 85' lang='lat' dir='ltr'>quod</span> <span class='ocrx_word' id='word_1_168' title='bbox 917 1771 968 1807; x_wconf 87' lang='lat' dir='ltr'>sic⁷</span> <span class='ocrx_word' id='word_1_169' title='bbox 987 1771 1059 1812; x_wconf 83' lang='lat' dir='ltr'>quia</span> <span class='ocrx_word' id='word_1_170' title='bbox 1076 1772 1148 1802; x_wconf 83' lang='lat' dir='ltr'>Act.</span> <span class='ocrx_word' id='word_1_171' title='bbox 1162 1783 1193 1811; x_wconf 83' lang='lat'>4,</span> <span class='ocrx_word' id='word_1_172' title='bbox 1206 1783 1229 1802; x_wconf 85' lang='lat' dir='ltr'>c.</span> 
     </span>
     <span class='ocr_line' id='line_1_33' title="bbox 459 1822 1232 1863; baseline 0.003 -12"><span class='ocrx_word' id='word_1_173' title='bbox 459 1823 535 1853; x_wconf 87' lang='lat' dir='ltr'>dicit</span> <span class='ocrx_word' id='word_1_174' title='bbox 573 1822 706 1853; x_wconf 83' lang='lat' dir='ltr'>Sanctus</span> <span class='ocrx_word' id='word_1_175' title='bbox 739 1823 852 1859; x_wconf 85' lang='lat' dir='ltr'>Lucas,</span> <span class='ocrx_word' id='word_1_176' title='bbox 883 1823 964 1863; x_wconf 83' lang='lat' dir='ltr'>quod</span> <span class='ocrx_word' id='word_1_177' title='bbox 1002 1828 1092 1854; x_wconf 85' lang='lat' dir='ltr'>erant</span> <span class='ocrx_word' id='word_1_178' title='bbox 1129 1823 1232 1854; x_wconf 88' lang='lat' dir='ltr'>onmia</span> 
     </span>
     <span class='ocr_line' id='line_1_34' title="bbox 460 1873 661 1904; baseline 0 -1"><span class='ocrx_word' id='word_1_179' title='bbox 460 1873 661 1904; x_wconf 49' lang='lat' dir='ltr'>communias*</span> 
     </span>
    </p>
   </div>
   <div class='ocr_carea' id='block_1_8' title="bbox 481 1925 1232 1967">
    <p class='ocr_par' dir='ltr' id='par_1_10' title="bbox 481 1925 1232 1967">
     <span class='ocr_line' id='line_1_35' title="bbox 481 1925 1232 1967; baseline 0.001 -12"><span class='ocrx_word' id='word_1_180' title='bbox 481 1925 518 1955; x_wconf 93' lang='lat' dir='ltr'>In</span> <span class='ocrx_word' id='word_1_181' title='bbox 545 1925 637 1961; x_wconf 79' lang='lat' dir='ltr'>calce,</span> <span class='ocrx_word' id='word_1_182' title='bbox 663 1931 680 1942; x_wconf 54' lang='lat'>*⁴</span> <span class='ocrx_word' id='word_1_183' title='bbox 694 1925 829 1966; x_wconf 82' lang='lat' dir='ltr'>Explicit</span> <span class='ocrx_word' id='word_1_184' title='bbox 859 1926 978 1967; x_wconf 78' lang='lat' dir='ltr'>questio</span> <span class='ocrx_word' id='word_1_185' title='bbox 1007 1926 1164 1957; x_wconf 82' lang='lat' dir='ltr'>Francisci</span> <span class='ocrx_word' id='word_1_186' title='bbox 1195 1927 1232 1957; x_wconf 91' lang='lat' dir='ltr'>de</span> 
     </span>
    </p>
   </div>
   <div class='ocr_carea' id='block_1_9' title="bbox 462 1976 1266 2018">
    <p class='ocr_par' dir='ltr' id='par_1_11' title="bbox 462 1976 1266 2018">
     <span class='ocr_line' id='line_1_36' title="bbox 462 1976 1266 2018; baseline 0 -12"><span class='ocrx_word' id='word_1_187' title='bbox 462 1976 602 2006; x_wconf 87' lang='lat' dir='ltr'>Maronis</span> <span class='ocrx_word' id='word_1_188' title='bbox 618 1976 656 2007; x_wconf 84' lang='lat' dir='ltr'>de</span> <span class='ocrx_word' id='word_1_189' title='bbox 676 1977 810 2007; x_wconf 88' lang='lat' dir='ltr'>dominio</span> <span class='ocrx_word' id='word_1_190' title='bbox 830 1977 1059 2018; x_wconf 81' lang='lat' dir='ltr'>apostolorum3</span> <span class='ocrx_word' id='word_1_191' title='bbox 1084 1977 1233 2018; x_wconf 87' lang='lat' dir='ltr'>scriptum</span> <span class='ocrx_word' id='word_1_192' title='bbox 1264 2001 1266 2006; x_wconf 95' lang='lat'>.</span> 
     </span>
    </p>
   </div>
   <div class='ocr_carea' id='block_1_10' title="bbox 384 2029 1234 2231">
    <p class='ocr_par' dir='ltr' id='par_1_12' title="bbox 384 2029 1234 2231">
     <span class='ocr_line' id='line_1_37' title="bbox 460 2029 858 2070; baseline 0 -13"><span class='ocrx_word' id='word_1_193' title='bbox 460 2039 514 2069; x_wconf 87' lang='lat' dir='ltr'>per</span> <span class='ocrx_word' id='word_1_194' title='bbox 530 2029 610 2064; x_wconf 52' lang='lat' dir='ltr'>mess&#39;</span> <span class='ocrx_word' id='word_1_195' title='bbox 627 2032 688 2058; x_wconf 89' lang='lat' dir='ltr'>etc.</span> <span class='ocrx_word' id='word_1_196' title='bbox 706 2032 740 2058; x_wconf 92' lang='lat' dir='ltr'>ut</span> <span class='ocrx_word' id='word_1_197' title='bbox 756 2040 858 2070; x_wconf 84' lang='lat' dir='ltr'>snpra.</span> 
     </span>
     <span class='ocr_line' id='line_1_38' title="bbox 384 2087 1234 2129; baseline 0 -10"><span class='ocrx_word' id='word_1_198' title='bbox 384 2100 406 2120; x_wconf 75' lang='grc'>1.</span> <span class='ocrx_word' id='word_1_199' title='bbox 424 2088 571 2128; x_wconf 88' lang='lat' dir='ltr'>Ejusdem</span> <span class='ocrx_word' id='word_1_200' title='bbox 589 2087 747 2118; x_wconf 82' lang='lat' dir='ltr'>Francisci</span> <span class='ocrx_word' id='word_1_201' title='bbox 765 2088 892 2129; x_wconf 66' lang='lat' dir='ltr'>quwstio</span> <span class='ocrx_word' id='word_1_202' title='bbox 908 2089 945 2118; x_wconf 91' lang='lat' dir='ltr'>dc</span> <span class='ocrx_word' id='word_1_203' title='bbox 961 2089 1152 2129; x_wconf 87' lang='lat' dir='ltr'>subjectione</span> <span class='ocrx_word' id='word_1_204' title='bbox 1168 2089 1234 2119; x_wconf 91' lang='lat' dir='ltr'>nni-</span> 
     </span>
     <span class='ocr_line' id='line_1_39' title="bbox 440 2138 1233 2181; baseline 0.004 -13"><span class='ocrx_word' id='word_1_205' title='bbox 440 2138 564 2169; x_wconf 86' lang='lat' dir='ltr'>versalis</span> <span class='ocrx_word' id='word_1_206' title='bbox 587 2142 618 2169; x_wconf 86' lang='lat' dir='ltr'>et</span> <span class='ocrx_word' id='word_1_207' title='bbox 637 2139 883 2180; x_wconf 81' lang='lat' dir='ltr'>plenitudinariae</span> <span class='ocrx_word' id='word_1_208' title='bbox 899 2140 1065 2181; x_wconf 84' lang='lat' dir='ltr'>potestatis</span> <span class='ocrx_word' id='word_1_209' title='bbox 1082 2152 1134 2171; x_wconf 90' lang='lat' dir='ltr'>seu</span> <span class='ocrx_word' id='word_1_210' title='bbox 1151 2140 1233 2181; x_wconf 89' lang='lat' dir='ltr'>prin-</span> 
     </span>
     <span class='ocr_line' id='line_1_40' title="bbox 440 2190 1233 2231; baseline 0.003 -11"><span class='ocrx_word' id='word_1_211' title='bbox 440 2190 560 2231; x_wconf 82' lang='lat' dir='ltr'>cipatus</span> <span class='ocrx_word' id='word_1_212' title='bbox 575 2191 759 2221; x_wconf 69' lang='lat' dir='ltr'>monarchim</span> <span class='ocrx_word' id='word_1_213' title='bbox 774 2191 813 2222; x_wconf 86' lang='lat' dir='ltr'>ad</span> <span class='ocrx_word' id='word_1_214' title='bbox 831 2191 1043 2222; x_wconf 76' lang='lat' dir='ltr'>hierarchiam.</span> <span class='ocrx_word' id='word_1_215' title='bbox 1066 2192 1116 2223; x_wconf 93' lang='lat' dir='ltr'>fol.</span> <span class='ocrx_word' id='word_1_216' title='bbox 1136 2202 1193 2231; x_wconf 77' lang='lat'>144</span> <span class='ocrx_word' id='word_1_217' title='bbox 1204 2192 1233 2222; x_wconf 89' lang='lat' dir='ltr'>b.</span> 
     </span>
    </p>
   </div>
   <div class='ocr_carea' id='block_1_11' title="bbox 484 2245 1267 2287">
    <p class='ocr_par' dir='ltr' id='par_1_13' title="bbox 484 2245 1267 2287">
     <span class='ocr_line' id='line_1_41' title="bbox 484 2245 1267 2287; baseline 0.003 -12"><span class='ocrx_word' id='word_1_218' title='bbox 484 2245 580 2286; x_wconf 84' lang='lat' dir='ltr'>Incip.</span> <span class='ocrx_word' id='word_1_219' title='bbox 599 2252 616 2261; x_wconf 63' lang='lat'>²*</span> <span class='ocrx_word' id='word_1_220' title='bbox 629 2246 718 2276; x_wconf 77' lang='lat' dir='ltr'>Circa</span> <span class='ocrx_word' id='word_1_221' title='bbox 738 2257 830 2287; x_wconf 80' lang='lat' dir='ltr'>quani</span> <span class='ocrx_word' id='word_1_222' title='bbox 851 2247 1046 2287; x_wconf 72' lang='lat' dir='ltr'>questionem</span> <span class='ocrx_word' id='word_1_223' title='bbox 1066 2247 1172 2278; x_wconf 90' lang='lat' dir='ltr'>dicunt</span> <span class='ocrx_word' id='word_1_224' title='bbox 1196 2248 1234 2278; x_wconf 90' lang='lat' dir='ltr'>ci·</span> <span class='ocrx_word' id='word_1_225' title='bbox 1265 2250 1267 2277; x_wconf 74' lang='lat'><em>2</em></span> 
     </span>
    </p>
   </div>
   <div class='ocr_carea' id='block_1_12' title="bbox 462 2297 846 2339">
    <p class='ocr_par' dir='ltr' id='par_1_14' title="bbox 462 2297 846 2339">
     <span class='ocr_line' id='line_1_42' title="bbox 462 2297 846 2339; baseline 0.003 -12"><span class='ocrx_word' id='word_1_226' title='bbox 462 2297 562 2328; x_wconf 84' lang='lat' dir='ltr'>viliste</span> <span class='ocrx_word' id='word_1_227' title='bbox 579 2298 660 2338; x_wconf 89' lang='lat' dir='ltr'>quod</span> <span class='ocrx_word' id='word_1_228' title='bbox 677 2298 846 2339; x_wconf 59' lang='grc' dir='ltr'>111-1110011οΓ</span> 
     </span>
    </p>
   </div>
   <div class='ocr_carea' id='block_1_13' title="bbox 484 2352 1235 2396">
    <p class='ocr_par' dir='ltr' id='par_1_15' title="bbox 484 2342 1267 2398">
     <span class='ocr_line' id='line_1_43' title="bbox 484 2352 1235 2396; baseline 0.003 -14"><span class='ocrx_word' id='word_1_229' title='bbox 484 2352 521 2382; x_wconf 89' lang='lat' dir='ltr'>In</span> <span class='ocrx_word' id='word_1_230' title='bbox 537 2352 658 2389; x_wconf 85' lang='lat' dir='ltr'>calce,“</span> <span class='ocrx_word' id='word_1_231' title='bbox 672 2353 808 2394; x_wconf 83' lang='lat' dir='ltr'>Explicit</span> <span class='ocrx_word' id='word_1_232' title='bbox 824 2354 945 2394; x_wconf 78' lang='lat' dir='ltr'>questio</span> <span class='ocrx_word' id='word_1_233' title='bbox 961 2354 998 2384; x_wconf 90' lang='lat' dir='ltr'>dc</span> <span class='ocrx_word' id='word_1_234' title='bbox 1015 2354 1235 2396; x_wconf 50' lang='lat' dir='ltr'>subjectiones*</span> 
     </span>
    </p>
   </div>
   <div class='ocr_carea' id='block_1_14' title="bbox 461 2408 690 2445">
    <p class='ocr_par' dir='ltr' id='par_1_16' title="bbox 461 2408 690 2445">
     <span class='ocr_line' id='line_1_44' title="bbox 461 2408 690 2445; baseline 0 -11"><span class='ocrx_word' id='word_1_235' title='bbox 461 2409 520 2435; x_wconf 86' lang='lat' dir='ltr'>cte.</span> <span class='ocrx_word' id='word_1_236' title='bbox 536 2408 571 2435; x_wconf 86' lang='lat' dir='ltr'>ut</span> <span class='ocrx_word' id='word_1_237' title='bbox 588 2415 690 2445; x_wconf 82' lang='lat' dir='ltr'>supra.</span> 
     </span>
    </p>
   </div>
   <div class='ocr_carea' id='block_1_15' title="bbox 379 2463 1238 2813">
    <p class='ocr_par' dir='ltr' id='par_1_17' title="bbox 379 2463 1238 2813">
     <span class='ocr_line' id='line_1_45' title="bbox 379 2463 1236 2507; baseline 0.001 -13"><span class='ocrx_word' id='word_1_238' title='bbox 379 2469 406 2494; x_wconf 69' lang='lat'>8.</span> <span class='ocrx_word' id='word_1_239' title='bbox 426 2463 620 2494; x_wconf 78' lang='lat' dir='ltr'>Venerabilis</span> <span class='ocrx_word' id='word_1_240' title='bbox 636 2464 728 2495; x_wconf 74' lang='lat' dir='ltr'>Bedzr</span> <span class='ocrx_word' id='word_1_241' title='bbox 752 2465 790 2495; x_wconf 90' lang='lat' dir='ltr'>de</span> <span class='ocrx_word' id='word_1_242' title='bbox 806 2466 965 2496; x_wconf 77' lang='lat' dir='ltr'>duodecim</span> <span class='ocrx_word' id='word_1_243' title='bbox 983 2466 1135 2507; x_wconf 70' lang='lat' dir='ltr'>lapidibus</span> <span class='ocrx_word' id='word_1_244' title='bbox 1152 2466 1236 2506; x_wconf 90' lang='lat' dir='ltr'>Apo-</span> 
     </span>
     <span class='ocr_line' id='line_1_46' title="bbox 442 2516 936 2557; baseline 0.002 -11"><span class='ocrx_word' id='word_1_245' title='bbox 442 2517 555 2557; x_wconf 77' lang='lat' dir='ltr'>calyps.</span> <span class='ocrx_word' id='word_1_246' title='bbox 574 2516 746 2557; x_wconf 86' lang='lat' dir='ltr'>rhythmus.</span> <span class='ocrx_word' id='word_1_247' title='bbox 770 2517 820 2547; x_wconf 82' lang='lat' dir='ltr'>fol.</span> <span class='ocrx_word' id='word_1_248' title='bbox 840 2518 894 2556; x_wconf 78' lang='lat'>148</span> <span class='ocrx_word' id='word_1_249' title='bbox 909 2518 936 2547; x_wconf 87' lang='lat' dir='ltr'>b.</span> 
     </span>
     <span class='ocr_line' id='line_1_47' title="bbox 484 2568 581 2608; baseline 0.01 -11"><span class='ocrx_word' id='word_1_250' title='bbox 484 2568 581 2608; x_wconf 88' lang='lat' dir='ltr'>Incip.</span> 
     </span>
     <span class='ocr_line' id='line_1_48' title="bbox 465 2619 864 2660; baseline 0.005 -12"><span class='ocrx_word' id='word_1_251' title='bbox 465 2626 482 2634; x_wconf 62' lang='lat'>⁸*</span> <span class='ocrx_word' id='word_1_252' title='bbox 501 2619 591 2649; x_wconf 80' lang='lat' dir='ltr'>Cives</span> <span class='ocrx_word' id='word_1_253' title='bbox 608 2630 738 2660; x_wconf 83' lang='lat' dir='ltr'>superne</span> <span class='ocrx_word' id='word_1_254' title='bbox 754 2619 864 2660; x_wconf 89' lang='lat' dir='ltr'>patrie.</span> 
     </span>
     <span class='ocr_line' id='line_1_49' title="bbox 489 2669 823 2700; baseline 0.006 -2"><span class='ocrx_word' id='word_1_255' title='bbox 489 2669 522 2698; x_wconf 91' lang='grc'>10</span> <span class='ocrx_word' id='word_1_256' title='bbox 539 2669 635 2699; x_wconf 83' lang='lat' dir='ltr'>Jhesu</span> <span class='ocrx_word' id='word_1_257' title='bbox 651 2673 683 2700; x_wconf 85' lang='lat' dir='ltr'>ct</span> <span class='ocrx_word' id='word_1_258' title='bbox 698 2669 823 2700; x_wconf 85' lang='lat' dir='ltr'>civite.”</span> 
     </span>
     <span class='ocr_line' id='line_1_50' title="bbox 488 2718 1238 2761; baseline 0.003 -13"><span class='ocrx_word' id='word_1_259' title='bbox 488 2718 524 2748; x_wconf 89' lang='grc'>111</span> <span class='ocrx_word' id='word_1_260' title='bbox 537 2719 629 2757; x_wconf 84' lang='lat' dir='ltr'>calce,</span> <span class='ocrx_word' id='word_1_261' title='bbox 642 2724 659 2736; x_wconf 63' lang='lat'>‘⁸</span> <span class='ocrx_word' id='word_1_262' title='bbox 669 2720 806 2761; x_wconf 85' lang='lat' dir='ltr'>Explicit</span> <span class='ocrx_word' id='word_1_263' title='bbox 817 2721 949 2751; x_wconf 85' lang='lat' dir='ltr'>rithmus</span> <span class='ocrx_word' id='word_1_264' title='bbox 960 2721 1142 2752; x_wconf 85' lang='lat' dir='ltr'>venerabilis</span> <span class='ocrx_word' id='word_1_265' title='bbox 1154 2720 1238 2751; x_wconf 86' lang='lat' dir='ltr'>Bede</span> 
     </span>
     <span class='ocr_line' id='line_1_51' title="bbox 468 2770 1238 2813; baseline 0.005 -15"><span class='ocrx_word' id='word_1_266' title='bbox 468 2770 628 2810; x_wconf 75' lang='lat' dir='ltr'>presbiteri</span> <span class='ocrx_word' id='word_1_267' title='bbox 657 2771 695 2801; x_wconf 88' lang='lat' dir='ltr'>de</span> <span class='ocrx_word' id='word_1_268' title='bbox 722 2772 883 2802; x_wconf 80' lang='lat' dir='ltr'>duodecim</span> <span class='ocrx_word' id='word_1_269' title='bbox 914 2772 1065 2813; x_wconf 80' lang='lat' dir='ltr'>lapidibus</span> <span class='ocrx_word' id='word_1_270' title='bbox 1093 2772 1238 2813; x_wconf 80' lang='lat' dir='ltr'>preciosis</span> 
     </span>
    </p>
   </div>
   <div class='ocr_carea' id='block_1_16' title="bbox 891 136 1587 174">
    <p class='ocr_par' dir='ltr' id='par_1_18' title="bbox 891 136 1587 174">
     <span class='ocr_line' id='line_1_52' title="bbox 891 136 1587 174; baseline 0.001 -2"><span class='ocrx_word' id='word_1_271' title='bbox 891 136 1189 173; x_wconf 85' lang='lat' dir='ltr'><strong>CATALOGUS</strong></span> <span class='ocrx_word' id='word_1_272' title='bbox 1215 138 1449 174; x_wconf 87' lang='lat' dir='ltr'>CODICUM</span> <span class='ocrx_word' id='word_1_273' title='bbox 1478 139 1587 173; x_wconf 80' lang='lat' dir='ltr'>MSS.</span> 
     </span>
    </p>
   </div>
   <div class='ocr_carea' id='block_1_17' title="bbox 1296 237 2155 382">
    <p class='ocr_par' dir='ltr' id='par_1_19' title="bbox 1296 237 2155 382">
     <span class='ocr_line' id='line_1_53' title="bbox 1379 237 2153 280; baseline 0.003 -12"><span class='ocrx_word' id='word_1_274' title='bbox 1379 238 1431 279; x_wconf 93' lang='lat' dir='ltr'>qui</span> <span class='ocrx_word' id='word_1_275' title='bbox 1454 241 1658 268; x_wconf 84' lang='lat' dir='ltr'>numerantur</span> <span class='ocrx_word' id='word_1_276' title='bbox 1676 237 1707 267; x_wconf 92' lang='lat' dir='ltr'>in</span> <span class='ocrx_word' id='word_1_277' title='bbox 1730 237 1790 268; x_wconf 87' lang='lat' dir='ltr'>fine</span> <span class='ocrx_word' id='word_1_278' title='bbox 1811 238 2014 280; x_wconf 77' lang='lat' dir='ltr'>Apocalipsis,</span> <span class='ocrx_word' id='word_1_279' title='bbox 2037 239 2153 270; x_wconf 87' lang='lat' dir='ltr'>scilicet</span> 
     </span>
     <span class='ocr_line' id='line_1_54' title="bbox 1379 289 1601 330; baseline -0.005 -10"><span class='ocrx_word' id='word_1_280' title='bbox 1379 289 1516 330; x_wconf 89' lang='lat' dir='ltr'>capitulo</span> <span class='ocrx_word' id='word_1_281' title='bbox 1534 289 1601 320; x_wconf 77' lang='lat'>21.”</span> 
     </span>
     <span class='ocr_line' id='line_1_55' title="bbox 1296 339 2155 382; baseline 0.001 -12"><span class='ocrx_word' id='word_1_282' title='bbox 1296 341 1325 373; x_wconf 89' lang='grc'>9.</span> <span class='ocrx_word' id='word_1_283' title='bbox 1344 340 1501 370; x_wconf 86' lang='lat' dir='ltr'>Francisci</span> <span class='ocrx_word' id='word_1_284' title='bbox 1517 351 1537 370; x_wconf 88' lang='lat' dir='ltr'>a</span> <span class='ocrx_word' id='word_1_285' title='bbox 1554 339 1756 380; x_wconf 88' lang='lat' dir='ltr'>Mayronibus</span> <span class='ocrx_word' id='word_1_286' title='bbox 1779 351 1879 370; x_wconf 88' lang='lat' dir='ltr'>sermo</span> <span class='ocrx_word' id='word_1_287' title='bbox 1901 340 1938 370; x_wconf 90' lang='lat' dir='ltr'>de</span> <span class='ocrx_word' id='word_1_288' title='bbox 1954 341 2155 382; x_wconf 83' lang='lat' dir='ltr'>indulgentiis</span> 
     </span>
    </p>
   </div>
   <div class='ocr_carea' id='block_1_18' title="bbox 1361 389 2158 931">
    <p class='ocr_par' dir='ltr' id='par_1_20' title="bbox 1361 389 2154 480">
     <span class='ocr_line' id='line_1_56' title="bbox 1361 389 2154 432; baseline 0.001 -11"><span class='ocrx_word' id='word_1_289' title='bbox 1361 402 1452 432; x_wconf 80' lang='lat' dir='ltr'>super</span> <span class='ocrx_word' id='word_1_290' title='bbox 1485 391 1579 427; x_wconf 87' lang='lat' dir='ltr'>istud,</span> <span class='ocrx_word' id='word_1_291' title='bbox 1610 394 1617 406; x_wconf 85' lang='lat'>‘</span> <span class='ocrx_word' id='word_1_292' title='bbox 1635 389 1859 431; x_wconf 81' lang='lat' dir='ltr'>Quodcumque</span> <span class='ocrx_word' id='word_1_293' title='bbox 1890 390 2032 431; x_wconf 84' lang='lat' dir='ltr'>ligaveris</span> <span class='ocrx_word' id='word_1_294' title='bbox 2062 402 2154 432; x_wconf 88' lang='lat' dir='ltr'>super</span> 
     </span>
     <span class='ocr_line' id='line_1_57' title="bbox 1361 440 1733 480; baseline -0.005 -8"><span class='ocrx_word' id='word_1_295' title='bbox 1361 443 1498 477; x_wconf 77' lang='lat' dir='ltr'>te1·ram,&#39;</span> <span class='ocrx_word' id='word_1_296' title='bbox 1514 445 1574 471; x_wconf 84' lang='lat' dir='ltr'>etc.</span> <span class='ocrx_word' id='word_1_297' title='bbox 1598 440 1648 471; x_wconf 86' lang='lat' dir='ltr'>sol.</span> <span class='ocrx_word' id='word_1_298' title='bbox 1669 450 1733 480; x_wconf 86' lang='grc'>149.</span> 
     </span>
    </p>

    <p class='ocr_par' dir='ltr' id='par_1_21' title="bbox 1383 491 2155 583">
     <span class='ocr_line' id='line_1_58' title="bbox 1404 491 2155 532; baseline 0.003 -11"><span class='ocrx_word' id='word_1_299' title='bbox 1404 491 1501 532; x_wconf 82' lang='lat' dir='ltr'>Incip.</span> <span class='ocrx_word' id='word_1_300' title='bbox 1520 496 1537 508; x_wconf 85' lang='grc'>“</span> <span class='ocrx_word' id='word_1_301' title='bbox 1550 491 1636 521; x_wconf 88' lang='lat' dir='ltr'>Duos</span> <span class='ocrx_word' id='word_1_302' title='bbox 1652 491 1728 521; x_wconf 85' lang='lat' dir='ltr'>fines</span> <span class='ocrx_word' id='word_1_303' title='bbox 1750 491 1874 522; x_wconf 88' lang='lat' dir='ltr'>ultimos</span> <span class='ocrx_word' id='word_1_304' title='bbox 1894 492 2015 523; x_wconf 81' lang='lat' dir='ltr'>futuros</span> <span class='ocrx_word' id='word_1_305' title='bbox 2035 504 2101 523; x_wconf 84' lang='lat' dir='ltr'>esse</span> <span class='ocrx_word' id='word_1_306' title='bbox 2124 493 2155 523; x_wconf 88' lang='lat' dir='ltr'>in</span> 
     </span>
     <span class='ocr_line' id='line_1_59' title="bbox 1383 541 2075 583; baseline 0.003 -12"><span class='ocrx_word' id='word_1_307' title='bbox 1383 541 1443 572; x_wconf 87' lang='lat' dir='ltr'>fine</span> <span class='ocrx_word' id='word_1_308' title='bbox 1459 541 1550 572; x_wconf 89' lang='lat' dir='ltr'>seculi</span> <span class='ocrx_word' id='word_1_309' title='bbox 1567 541 1713 571; x_wconf 75' lang='lat' dir='ltr'>describit</span> <span class='ocrx_word' id='word_1_310' title='bbox 1728 541 1838 572; x_wconf 88' lang='lat' dir='ltr'>beatus</span> <span class='ocrx_word' id='word_1_311' title='bbox 1854 542 2075 583; x_wconf 72' lang='lat' dir='ltr'>Augustinus.”</span> 
     </span>
    </p>

    <p class='ocr_par' dir='ltr' id='par_1_22' title="bbox 1384 591 2158 931">
     <span class='ocr_line' id='line_1_60' title="bbox 1406 591 2156 632; baseline 0.004 -10"><span class='ocrx_word' id='word_1_312' title='bbox 1406 592 1443 622; x_wconf 92' lang='lat' dir='ltr'>In</span> <span class='ocrx_word' id='word_1_313' title='bbox 1466 591 1557 625; x_wconf 71' lang='lat' dir='ltr'>calce,</span> <span class='ocrx_word' id='word_1_314' title='bbox 1576 597 1593 608; x_wconf 81' lang='grc'>“</span> <span class='ocrx_word' id='word_1_315' title='bbox 1607 592 1744 632; x_wconf 85' lang='lat' dir='ltr'>Explicit</span> <span class='ocrx_word' id='word_1_316' title='bbox 1766 603 1866 623; x_wconf 85' lang='lat' dir='ltr'>sermo</span> <span class='ocrx_word' id='word_1_317' title='bbox 1883 593 2065 624; x_wconf 84' lang='lat' dir='ltr'>venerabilis</span> <span class='ocrx_word' id='word_1_318' title='bbox 2085 595 2156 625; x_wconf 89' lang='lat' dir='ltr'>doc-</span> 
     </span>
     <span class='ocr_line' id='line_1_61' title="bbox 1384 643 2157 686; baseline 0.004 -12"><span class='ocrx_word' id='word_1_319' title='bbox 1384 644 1460 674; x_wconf 86' lang='lat' dir='ltr'>toris</span> <span class='ocrx_word' id='word_1_320' title='bbox 1476 644 1582 674; x_wconf 87' lang='lat' dir='ltr'>fratris</span> <span class='ocrx_word' id='word_1_321' title='bbox 1596 643 1752 674; x_wconf 87' lang='lat' dir='ltr'>Francisci</span> <span class='ocrx_word' id='word_1_322' title='bbox 1769 644 1807 674; x_wconf 86' lang='lat' dir='ltr'>dc</span> <span class='ocrx_word' id='word_1_323' title='bbox 1824 644 1965 675; x_wconf 85' lang='lat' dir='ltr'>Maronis</span> <span class='ocrx_word' id='word_1_324' title='bbox 1981 645 2157 686; x_wconf 86' lang='lat' dir='ltr'>predicatus</span> 
     </span>
     <span class='ocr_line' id='line_1_62' title="bbox 1384 694 2157 737; baseline 0.004 -13"><span class='ocrx_word' id='word_1_325' title='bbox 1384 695 1414 724; x_wconf 92' lang='lat' dir='ltr'>in</span> <span class='ocrx_word' id='word_1_326' title='bbox 1430 695 1526 725; x_wconf 84' lang='lat' dir='ltr'>assiso</span> <span class='ocrx_word' id='word_1_327' title='bbox 1548 699 1686 735; x_wconf 85' lang='lat' dir='ltr'>tempore</span> <span class='ocrx_word' id='word_1_328' title='bbox 1707 694 1971 736; x_wconf 80' lang='lat' dir='ltr'>indulgenciamm</span> <span class='ocrx_word' id='word_1_329' title='bbox 1987 696 2016 726; x_wconf 90' lang='lat' dir='ltr'>in</span> <span class='ocrx_word' id='word_1_330' title='bbox 2034 707 2157 737; x_wconf 85' lang='lat' dir='ltr'>presen-</span> 
     </span>
     <span class='ocr_line' id='line_1_63' title="bbox 1384 746 2156 789; baseline 0.003 -13"><span class='ocrx_word' id='word_1_331' title='bbox 1384 747 1431 777; x_wconf 83' lang='lat' dir='ltr'>cia</span> <span class='ocrx_word' id='word_1_332' title='bbox 1454 746 1567 776; x_wconf 91' lang='lat' dir='ltr'>domini</span> <span class='ocrx_word' id='word_1_333' title='bbox 1584 757 1663 787; x_wconf 79' lang='lat' dir='ltr'>pape</span> <span class='ocrx_word' id='word_1_334' title='bbox 1679 750 1711 776; x_wconf 92' lang='lat' dir='ltr'>et</span> <span class='ocrx_word' id='word_1_335' title='bbox 1727 746 1928 777; x_wconf 75' lang='lat' dir='ltr'>cardinalium</span> <span class='ocrx_word' id='word_1_336' title='bbox 1945 747 1982 777; x_wconf 93' lang='lat' dir='ltr'>de</span> <span class='ocrx_word' id='word_1_337' title='bbox 1998 747 2156 789; x_wconf 86' lang='lat' dir='ltr'>indulgen-</span> 
     </span>
     <span class='ocr_line' id='line_1_64' title="bbox 1385 797 2158 840; baseline 0.003 -12"><span class='ocrx_word' id='word_1_338' title='bbox 1385 798 1457 833; x_wconf 90' lang='lat' dir='ltr'>ciis;</span> <span class='ocrx_word' id='word_1_339' title='bbox 1481 798 1614 839; x_wconf 87' lang='lat' dir='ltr'>scriptus</span> <span class='ocrx_word' id='word_1_340' title='bbox 1639 808 1694 838; x_wconf 90' lang='lat' dir='ltr'>per</span> <span class='ocrx_word' id='word_1_341' title='bbox 1719 809 1767 828; x_wconf 89' lang='lat' dir='ltr'>me</span> <span class='ocrx_word' id='word_1_342' title='bbox 1791 797 1967 829; x_wconf 87' lang='lat' dir='ltr'>Johannem</span> <span class='ocrx_word' id='word_1_343' title='bbox 1995 798 2158 840; x_wconf 84' lang='lat' dir='ltr'>Reynbold</span> 
     </span>
     <span class='ocr_line' id='line_1_65' title="bbox 1384 849 2158 886; baseline 0.004 -8"><span class='ocrx_word' id='word_1_344' title='bbox 1384 850 1422 879; x_wconf 77' lang='lat' dir='ltr'>de</span> <span class='ocrx_word' id='word_1_345' title='bbox 1442 849 1551 879; x_wconf 83' lang='lat' dir='ltr'>Monte</span> <span class='ocrx_word' id='word_1_346' title='bbox 1567 850 1687 879; x_wconf 88' lang='lat' dir='ltr'>Ornato</span> <span class='ocrx_word' id='word_1_347' title='bbox 1705 849 1910 886; x_wconf 86' lang='lat' dir='ltr'>Almanicum‚</span> <span class='ocrx_word' id='word_1_348' title='bbox 1932 861 2013 881; x_wconf 86' lang='lat' dir='ltr'>anno</span> <span class='ocrx_word' id='word_1_349' title='bbox 2032 851 2158 881; x_wconf 91' lang='lat' dir='ltr'>Domini</span> 
     </span>
     <span class='ocr_line' id='line_1_66' title="bbox 1386 900 1713 931; baseline 0 -1"><span class='ocrx_word' id='word_1_350' title='bbox 1386 900 1545 930; x_wconf 82' lang='lat' dir='ltr'>millesimo</span> <span class='ocrx_word' id='word_1_351' title='bbox 1562 900 1713 931; x_wconf 57' lang='lat' dir='ltr'>cccclviff&#39;</span> 
     </span>
    </p>
   </div>
   <div class='ocr_carea' id='block_1_19' title="bbox 1650 962 1788 996">
    <p class='ocr_par' dir='ltr' id='par_1_23' title="bbox 1650 962 1788 996">
     <span class='ocr_line' id='line_1_67' title="bbox 1650 962 1788 996; baseline 0 -1"><span class='ocrx_word' id='word_1_352' title='bbox 1650 962 1788 996; x_wconf 88' lang='lat' dir='ltr'>LXVI.</span> 
     </span>
    </p>
   </div>
   <div class='ocr_carea' id='block_1_20' title="bbox 1281 1024 2157 1121">
    <p class='ocr_par' dir='ltr' id='par_1_24' title="bbox 1281 1024 2157 1121">
     <span class='ocr_line' id='line_1_68' title="bbox 1281 1024 2157 1066; baseline 0.003 -8"><span class='ocrx_word' id='word_1_353' title='bbox 1281 1024 1401 1058; x_wconf 86' lang='lat' dir='ltr'>Codex</span> <span class='ocrx_word' id='word_1_354' title='bbox 1429 1025 1725 1063; x_wconf 82' lang='lat' dir='ltr'>membranaceus,</span> <span class='ocrx_word' id='word_1_355' title='bbox 1755 1025 1788 1058; x_wconf 91' lang='lat' dir='ltr'>in</span> <span class='ocrx_word' id='word_1_356' title='bbox 1822 1025 1914 1065; x_wconf 82' lang='lat' dir='ltr'>folio,</span> <span class='ocrx_word' id='word_1_357' title='bbox 1933 1026 2062 1066; x_wconf 74' lang='lat' dir='ltr'>ffi257‚</span> <span class='ocrx_word' id='word_1_358' title='bbox 2090 1038 2157 1061; x_wconf 89' lang='lat' dir='ltr'>sec.</span> 
     </span>
     <span class='ocr_line' id='line_1_69' title="bbox 1305 1082 1867 1121; baseline 0.004 -6"><span class='ocrx_word' id='word_1_359' title='bbox 1305 1083 1384 1121; x_wconf 67' lang='lat' dir='ltr'>xiv.⁹</span> <span class='ocrx_word' id='word_1_360' title='bbox 1403 1082 1492 1116; x_wconf 84' lang='lat' dir='ltr'>binis</span> <span class='ocrx_word' id='word_1_361' title='bbox 1510 1082 1679 1116; x_wconf 80' lang='lat' dir='ltr'>columnis</span> <span class='ocrx_word' id='word_1_362' title='bbox 1698 1088 1867 1117; x_wconf 85' lang='lat' dir='ltr'>exaratus.</span> 
     </span>
    </p>
   </div>
   <div class='ocr_carea' id='block_1_21' title="bbox 1326 1142 2161 1185">
    <p class='ocr_par' dir='ltr' id='par_1_25' title="bbox 1326 1142 2161 1185">
     <span class='ocr_line' id='line_1_70' title="bbox 1326 1142 2161 1185; baseline 0.002 -13"><span class='ocrx_word' id='word_1_363' title='bbox 1326 1144 1353 1172; x_wconf 86' lang='lat'>1.</span> <span class='ocrx_word' id='word_1_364' title='bbox 1370 1142 1523 1173; x_wconf 84' lang='lat' dir='ltr'>Johannis</span> <span class='ocrx_word' id='word_1_365' title='bbox 1550 1142 1640 1173; x_wconf 88' lang='lat' dir='ltr'>Duns</span> <span class='ocrx_word' id='word_1_366' title='bbox 1664 1142 1746 1174; x_wconf 82' lang='lat' dir='ltr'>Scoti</span> <span class='ocrx_word' id='word_1_367' title='bbox 1773 1154 1865 1184; x_wconf 86' lang='lat' dir='ltr'>super</span> <span class='ocrx_word' id='word_1_368' title='bbox 1889 1143 2001 1174; x_wconf 87' lang='lat' dir='ltr'>librum</span> <span class='ocrx_word' id='word_1_369' title='bbox 2028 1145 2161 1185; x_wconf 89' lang='lat' dir='ltr'>primum</span> 
     </span>
    </p>
   </div>
   <div class='ocr_carea' id='block_1_22' title="bbox 1366 1194 2163 1276">
    <p class='ocr_par' dir='ltr' id='par_1_26' title="bbox 1366 1194 2163 1276">
     <span class='ocr_line' id='line_1_71' title="bbox 1366 1194 2163 1230; baseline 0.001 -5"><span class='ocrx_word' id='word_1_370' title='bbox 1366 1194 1591 1225; x_wconf 84' lang='lat' dir='ltr'>sententiarum</span> <span class='ocrx_word' id='word_1_371' title='bbox 1614 1195 1733 1226; x_wconf 86' lang='lat' dir='ltr'>lectura</span> <span class='ocrx_word' id='word_1_372' title='bbox 1752 1194 1945 1230; x_wconf 71' lang='lat' dir='ltr'>Oxonicnsis,</span> <span class='ocrx_word' id='word_1_373' title='bbox 1964 1206 2033 1225; x_wconf 90' lang='lat' dir='ltr'>cum</span> <span class='ocrx_word' id='word_1_374' title='bbox 2056 1196 2163 1227; x_wconf 87' lang='lat' dir='ltr'>tabula</span> 
     </span>
     <span class='ocr_line' id='line_1_72' title="bbox 1367 1245 1612 1276; baseline -0.004 0"><span class='ocrx_word' id='word_1_375' title='bbox 1367 1257 1498 1276; x_wconf 78' lang='lat' dir='ltr'>annexa.</span> <span class='ocrx_word' id='word_1_376' title='bbox 1522 1245 1572 1275; x_wconf 89' lang='lat' dir='ltr'>fol.</span> <span class='ocrx_word' id='word_1_377' title='bbox 1589 1256 1612 1276; x_wconf 87' lang='lat'>1.</span> 
     </span>
    </p>
   </div>
   <div class='ocr_carea' id='block_1_23' title="bbox 1389 1305 2162 1397">
    <p class='ocr_par' dir='ltr' id='par_1_27' title="bbox 1389 1305 2162 1397">
     <span class='ocr_line' id='line_1_73' title="bbox 1411 1305 2162 1347; baseline 0.003 -12"><span class='ocrx_word' id='word_1_378' title='bbox 1411 1305 1657 1346; x_wconf 73' lang='lat' dir='ltr'>I11cip.“Utrum</span> <span class='ocrx_word' id='word_1_379' title='bbox 1670 1306 1784 1336; x_wconf 89' lang='lat' dir='ltr'>homini</span> <span class='ocrx_word' id='word_1_380' title='bbox 1799 1317 1854 1347; x_wconf 90' lang='lat' dir='ltr'>pro</span> <span class='ocrx_word' id='word_1_381' title='bbox 1866 1306 1969 1337; x_wconf 63' lang='lat' dir='ltr'>statis*</span> <span class='ocrx_word' id='word_1_382' title='bbox 1979 1311 2037 1337; x_wconf 90' lang='lat' dir='ltr'>etc.</span> <span class='ocrx_word' id='word_1_383' title='bbox 2063 1311 2080 1323; x_wconf 85' lang='grc'><em>“</em></span> <span class='ocrx_word' id='word_1_384' title='bbox 2089 1306 2162 1338; x_wconf 82' lang='grc'>0111-</span> 
     </span>
     <span class='ocr_line' id='line_1_74' title="bbox 1389 1355 2044 1397; baseline 0.003 -12"><span class='ocrx_word' id='word_1_385' title='bbox 1389 1355 1436 1385; x_wconf 86' lang='lat' dir='ltr'>nis</span> <span class='ocrx_word' id='word_1_386' title='bbox 1452 1355 1565 1396; x_wconf 91' lang='lat' dir='ltr'>positio</span> <span class='ocrx_word' id='word_1_387' title='bbox 1581 1356 1697 1386; x_wconf 78' lang='lat' dir='ltr'>habens</span> <span class='ocrx_word' id='word_1_388' title='bbox 1713 1356 1837 1397; x_wconf 80' lang='lat' dir='ltr'>aliquod</span> <span class='ocrx_word' id='word_1_389' title='bbox 1854 1357 2044 1387; x_wconf 76' lang='grc'>00111011100.”</span> 
     </span>
    </p>
   </div>
   <div class='ocr_carea' id='block_1_24' title="bbox 1390 1415 2163 1506">
    <p class='ocr_par' dir='ltr' id='par_1_28' title="bbox 1390 1415 2163 1506">
     <span class='ocr_line' id='line_1_75' title="bbox 1411 1415 2163 1452; baseline 0.001 -6"><span class='ocrx_word' id='word_1_390' title='bbox 1411 1415 1516 1446; x_wconf 85' lang='lat' dir='ltr'>Dcsin.</span> <span class='ocrx_word' id='word_1_391' title='bbox 1543 1420 1561 1433; x_wconf 87' lang='lat'>“</span> <span class='ocrx_word' id='word_1_392' title='bbox 1577 1416 1722 1447; x_wconf 87' lang='lat' dir='ltr'>ordinata</span> <span class='ocrx_word' id='word_1_393' title='bbox 1748 1420 1795 1447; x_wconf 87' lang='lat' dir='ltr'>est</span> <span class='ocrx_word' id='word_1_394' title='bbox 1825 1416 1865 1446; x_wconf 84' lang='lat' dir='ltr'>ad</span> <span class='ocrx_word' id='word_1_395' title='bbox 1893 1416 1985 1447; x_wconf 89' lang='lat' dir='ltr'>finem</span> <span class='ocrx_word' id='word_1_396' title='bbox 2012 1416 2163 1452; x_wconf 71' lang='lat' dir='ltr'>ultimum,</span> 
     </span>
     <span class='ocr_line' id='line_1_76' title="bbox 1390 1466 1809 1506; baseline 0.002 -9"><span class='ocrx_word' id='word_1_397' title='bbox 1390 1467 1449 1506; x_wconf 78' lang='lat' dir='ltr'>Qui</span> <span class='ocrx_word' id='word_1_398' title='bbox 1466 1471 1513 1497; x_wconf 88' lang='lat' dir='ltr'>est</span> <span class='ocrx_word' id='word_1_399' title='bbox 1529 1466 1623 1506; x_wconf 81' lang='lat' dir='ltr'>alpha</span> <span class='ocrx_word' id='word_1_400' title='bbox 1640 1471 1671 1497; x_wconf 86' lang='lat' dir='ltr'>et</span> <span class='ocrx_word' id='word_1_401' title='bbox 1686 1467 1733 1504; x_wconf 66' lang='lat' dir='ltr'>o‚¹⁷</span> <span class='ocrx_word' id='word_1_402' title='bbox 1749 1471 1809 1498; x_wconf 84' lang='lat' dir='ltr'>etc.</span> 
     </span>
    </p>
   </div>
   <div class='ocr_carea' id='block_1_25' title="bbox 1326 1535 2165 1617">
    <p class='ocr_par' dir='ltr' id='par_1_29' title="bbox 1326 1535 2165 1617">
     <span class='ocr_line' id='line_1_77' title="bbox 1326 1535 2165 1576; baseline 0.001 -11"><span class='ocrx_word' id='word_1_403' title='bbox 1326 1537 1354 1565; x_wconf 68' lang='lat'>2.</span> <span class='ocrx_word' id='word_1_404' title='bbox 1373 1535 1520 1576; x_wconf 87' lang='lat' dir='ltr'>Ejusdem</span> <span class='ocrx_word' id='word_1_405' title='bbox 1537 1535 1690 1565; x_wconf 84' lang='lat' dir='ltr'>Johannis</span> <span class='ocrx_word' id='word_1_406' title='bbox 1706 1535 1736 1565; x_wconf 91' lang='lat' dir='ltr'>in</span> <span class='ocrx_word' id='word_1_407' title='bbox 1752 1539 1897 1576; x_wconf 89' lang='lat' dir='ltr'>quartum</span> <span class='ocrx_word' id='word_1_408' title='bbox 1919 1535 2031 1565; x_wconf 89' lang='lat' dir='ltr'>librum</span> <span class='ocrx_word' id='word_1_409' title='bbox 2046 1535 2165 1566; x_wconf 84' lang='lat' dir='ltr'>lectura</span> 
     </span>
     <span class='ocr_line' id='line_1_78' title="bbox 1369 1586 1726 1617; baseline 0 -1"><span class='ocrx_word' id='word_1_410' title='bbox 1369 1586 1563 1617; x_wconf 82' lang='lat' dir='ltr'>Oxoniensis.</span> <span class='ocrx_word' id='word_1_411' title='bbox 1587 1586 1639 1616; x_wconf 85' lang='lat' dir='ltr'>fol.</span> <span class='ocrx_word' id='word_1_412' title='bbox 1658 1596 1726 1617; x_wconf 75' lang='lat'>121.</span> 
     </span>
    </p>
   </div>
   <div class='ocr_carea' id='block_1_26' title="bbox 1391 1646 2165 1727">
    <p class='ocr_par' dir='ltr' id='par_1_30' title="bbox 1391 1646 2165 1727">
     <span class='ocr_line' id='line_1_79' title="bbox 1412 1646 2165 1687; baseline 0.003 -11"><span class='ocrx_word' id='word_1_413' title='bbox 1412 1646 1507 1687; x_wconf 83' lang='lat' dir='ltr'>Incip.</span> <span class='ocrx_word' id='word_1_414' title='bbox 1525 1651 1542 1662; x_wconf 65' lang='lat'>⁴²</span> <span class='ocrx_word' id='word_1_415' title='bbox 1556 1646 1804 1683; x_wconf 77' lang='lat' dir='ltr'>Saniaritanus,”</span> <span class='ocrx_word' id='word_1_416' title='bbox 1817 1650 1875 1677; x_wconf 90' lang='lat' dir='ltr'>etc.</span> <span class='ocrx_word' id='word_1_417' title='bbox 1902 1652 1919 1663; x_wconf 82' lang='grc'>“</span> <span class='ocrx_word' id='word_1_418' title='bbox 1931 1646 1978 1677; x_wconf 86' lang='lat' dir='ltr'>De</span> <span class='ocrx_word' id='word_1_419' title='bbox 1993 1646 2054 1678; x_wconf 86' lang='lat' dir='ltr'>ista</span> <span class='ocrx_word' id='word_1_420' title='bbox 2070 1646 2165 1678; x_wconf 86' lang='lat' dir='ltr'>saucii</span> 
     </span>
     <span class='ocr_line' id='line_1_80' title="bbox 1391 1697 1713 1727; baseline 0 0"><span class='ocrx_word' id='word_1_421' title='bbox 1391 1697 1552 1727; x_wconf 82' lang='lat' dir='ltr'>sanatione</span> <span class='ocrx_word' id='word_1_422' title='bbox 1569 1697 1713 1727; x_wconf 70' lang='lat' dir='ltr'>salubri.”</span> 
     </span>
    </p>
   </div>
   <div class='ocr_carea' id='block_1_27' title="bbox 1264 1755 2166 1951">
    <p class='ocr_par' dir='ltr' id='par_1_31' title="bbox 1264 1755 2166 1951">
     <span class='ocr_line' id='line_1_81' title="bbox 1413 1755 2165 1797; baseline -0.001 -11"><span class='ocrx_word' id='word_1_423' title='bbox 1413 1756 1537 1792; x_wconf 60' lang='lat' dir='ltr'>Deficit„</span> <span class='ocrx_word' id='word_1_424' title='bbox 1555 1757 1585 1786; x_wconf 95' lang='lat' dir='ltr'>in</span> <span class='ocrx_word' id='word_1_425' title='bbox 1602 1757 1710 1793; x_wconf 78' lang='lat' dir='ltr'>verbis,</span> <span class='ocrx_word' id='word_1_426' title='bbox 1729 1760 1748 1774; x_wconf 85' lang='lat'>“</span> <span class='ocrx_word' id='word_1_427' title='bbox 1761 1756 1818 1786; x_wconf 88' lang='lat' dir='ltr'>hoc</span> <span class='ocrx_word' id='word_1_428' title='bbox 1841 1759 1947 1786; x_wconf 88' lang='lat' dir='ltr'>autem</span> <span class='ocrx_word' id='word_1_429' title='bbox 1968 1759 2072 1797; x_wconf 80' lang='lat' dir='ltr'>potest</span> <span class='ocrx_word' id='word_1_430' title='bbox 2092 1755 2165 1797; x_wconf 86' lang='lat' dir='ltr'>poni</span> 
     </span>
     <span class='ocr_line' id='line_1_82' title="bbox 1392 1807 1865 1849; baseline 0 -11"><span class='ocrx_word' id='word_1_431' title='bbox 1392 1808 1503 1849; x_wconf 88' lang='lat' dir='ltr'>duplex</span> <span class='ocrx_word' id='word_1_432' title='bbox 1520 1808 1550 1838; x_wconf 93' lang='lat' dir='ltr'>in</span> <span class='ocrx_word' id='word_1_433' title='bbox 1566 1808 1727 1849; x_wconf 86' lang='lat' dir='ltr'>proposito</span> <span class='ocrx_word' id='word_1_434' title='bbox 1744 1807 1865 1838; x_wconf 61' lang='lat' dir='ltr'>una—³*</span> 
     </span>
     <span class='ocr_line' id='line_1_83' title="bbox 1264 1858 2166 1899; baseline 0.001 -10"><span class='ocrx_word' id='word_1_435' title='bbox 1264 1863 1265 1898; x_wconf 55' lang='grc' dir='ltr'>ξ</span> <span class='ocrx_word' id='word_1_436' title='bbox 1414 1859 1570 1899; x_wconf 76' lang='lat' dir='ltr'>Sequitur,</span> <span class='ocrx_word' id='word_1_437' title='bbox 1596 1870 1688 1889; x_wconf 70' lang='lat' dir='ltr'>manu</span> <span class='ocrx_word' id='word_1_438' title='bbox 1715 1858 1878 1895; x_wconf 70' lang='lat' dir='ltr'>recentiori,</span> <span class='ocrx_word' id='word_1_439' title='bbox 1900 1858 1992 1889; x_wconf 75' lang='lat' dir='ltr'>“Hic</span> <span class='ocrx_word' id='word_1_440' title='bbox 2019 1858 2166 1890; x_wconf 83' lang='lat' dir='ltr'>deficiunt</span> 
     </span>
     <span class='ocr_line' id='line_1_84' title="bbox 1392 1910 1718 1951; baseline 0 -11"><span class='ocrx_word' id='word_1_441' title='bbox 1392 1910 1497 1941; x_wconf 86' lang='lat' dir='ltr'>decem</span> <span class='ocrx_word' id='word_1_442' title='bbox 1513 1910 1718 1951; x_wconf 85' lang='lat' dir='ltr'>questiones.’&#39;</span> 
     </span>
    </p>
   </div>
   <div class='ocr_carea' id='block_1_28' title="bbox 1264 1974 2165 2078">
    <p class='ocr_par' dir='ltr' id='par_1_32' title="bbox 1264 1974 2165 2078">
     <span class='ocr_line' id='line_1_85' title="bbox 1648 1974 1806 2009; baseline 0 -1"><span class='ocrx_word' id='word_1_443' title='bbox 1648 1974 1806 2009; x_wconf 92' lang='lat' dir='ltr'>LXVII.</span> 
     </span>
     <span class='ocr_line' id='line_1_86' title="bbox 1264 2010 2165 2078; baseline 0.001 -11"><span class='ocrx_word' id='word_1_444' title='bbox 1264 2010 1266 2046; x_wconf 51' lang='grc' dir='ltr'><strong>ἐ</strong></span> <span class='ocrx_word' id='word_1_445' title='bbox 1290 2034 1586 2075; x_wconf 80' lang='lat' dir='ltr'>Membranaccus,</span> <span class='ocrx_word' id='word_1_446' title='bbox 1616 2036 1650 2068; x_wconf 92' lang='lat' dir='ltr'>in</span> <span class='ocrx_word' id='word_1_447' title='bbox 1681 2034 1763 2068; x_wconf 90' lang='lat' dir='ltr'>folio</span> <span class='ocrx_word' id='word_1_448' title='bbox 1791 2034 1921 2078; x_wconf 80' lang='lat' dir='ltr'>majori,</span> <span class='ocrx_word' id='word_1_449' title='bbox 1946 2033 1979 2067; x_wconf 86' lang='lat' dir='ltr'>ff.</span> <span class='ocrx_word' id='word_1_450' title='bbox 1996 2036 2076 2073; x_wconf 75' lang='lat'>217,</span> <span class='ocrx_word' id='word_1_451' title='bbox 2099 2045 2165 2068; x_wconf 86' lang='lat' dir='ltr'>sec.</span> 
     </span>
    </p>
   </div>
   <div class='ocr_carea' id='block_1_29' title="bbox 1312 2092 2162 2194">
    <p class='ocr_par' dir='ltr' id='par_1_33' title="bbox 1312 2092 2162 2194">
     <span class='ocr_line' id='line_1_87' title="bbox 1312 2092 2162 2132; baseline 0.002 -7"><span class='ocrx_word' id='word_1_452' title='bbox 1312 2104 1379 2132; x_wconf 65' lang='lat' dir='ltr'>xv„</span> <span class='ocrx_word' id='word_1_453' title='bbox 1405 2092 1493 2126; x_wconf 83' lang='lat' dir='ltr'>binis</span> <span class='ocrx_word' id='word_1_454' title='bbox 1521 2093 1691 2126; x_wconf 86' lang='lat' dir='ltr'>columnis</span> <span class='ocrx_word' id='word_1_455' title='bbox 1720 2097 1898 2132; x_wconf 80' lang='lat' dir='ltr'>exaratus3</span> <span class='ocrx_word' id='word_1_456' title='bbox 1925 2104 1968 2126; x_wconf 85' lang='lat' dir='ltr'>ex</span> <span class='ocrx_word' id='word_1_457' title='bbox 1996 2093 2086 2126; x_wconf 91' lang='lat' dir='ltr'>dono</span> <span class='ocrx_word' id='word_1_458' title='bbox 2111 2092 2162 2128; x_wconf 93' lang='lat' dir='ltr'>M.</span> 
     </span>
     <span class='ocr_line' id='line_1_88' title="bbox 1314 2147 1910 2194; baseline 0.002 -13"><span class='ocrx_word' id='word_1_459' title='bbox 1314 2148 1493 2182; x_wconf 84' lang='lat' dir='ltr'>IIamundi</span> <span class='ocrx_word' id='word_1_460' title='bbox 1512 2149 1675 2194; x_wconf 76' lang='lat' dir='ltr'>IIaydok,</span> <span class='ocrx_word' id='word_1_461' title='bbox 1695 2148 1791 2182; x_wconf 91' lang='lat' dir='ltr'>A.D.</span> <span class='ocrx_word' id='word_1_462' title='bbox 1806 2147 1910 2182; x_wconf 79' lang='lat'>1468.</span> 
     </span>
    </p>
   </div>
   <div class='ocr_carea' id='block_1_30' title="bbox 1266 2209 2169 2703">
    <p class='ocr_par' dir='ltr' id='par_1_34' title="bbox 1331 2209 2168 2351">
     <span class='ocr_line' id='line_1_89' title="bbox 1331 2209 2167 2251; baseline 0.002 -12"><span class='ocrx_word' id='word_1_463' title='bbox 1331 2210 1358 2239; x_wconf 91' lang='lat'>1.</span> <span class='ocrx_word' id='word_1_464' title='bbox 1376 2209 1495 2239; x_wconf 86' lang='lat' dir='ltr'>Nicolai</span> <span class='ocrx_word' id='word_1_465' title='bbox 1519 2210 1556 2240; x_wconf 78' lang='grc'>(10</span> <span class='ocrx_word' id='word_1_466' title='bbox 1574 2209 1679 2250; x_wconf 82' lang='lat' dir='ltr'>Byard</span> <span class='ocrx_word' id='word_1_467' title='bbox 1701 2209 1915 2240; x_wconf 86' lang='lat' dir='ltr'>distinctiones</span> <span class='ocrx_word' id='word_1_468' title='bbox 1938 2209 2119 2251; x_wconf 88' lang='lat' dir='ltr'>theologicae</span> <span class='ocrx_word' id='word_1_469' title='bbox 2136 2214 2167 2241; x_wconf 87' lang='lat' dir='ltr'>et</span> 
     </span>
     <span class='ocr_line' id='line_1_90' title="bbox 1394 2259 2168 2301; baseline 0 -11"><span class='ocrx_word' id='word_1_470' title='bbox 1394 2260 1536 2297; x_wconf 84' lang='lat' dir='ltr'>morales,</span> <span class='ocrx_word' id='word_1_471' title='bbox 1560 2260 1667 2290; x_wconf 84' lang='lat' dir='ltr'>ordine</span> <span class='ocrx_word' id='word_1_472' title='bbox 1692 2259 1899 2301; x_wconf 81' lang='lat' dir='ltr'>alphabeticO,</span> <span class='ocrx_word' id='word_1_473' title='bbox 1922 2259 2037 2301; x_wconf 83' lang='lat' dir='ltr'>praevia</span> <span class='ocrx_word' id='word_1_474' title='bbox 2060 2260 2168 2291; x_wconf 81' lang='lat' dir='ltr'>tabula</span> 
     </span>
     <span class='ocr_line' id='line_1_91' title="bbox 1394 2310 1750 2351; baseline 0 -10"><span class='ocrx_word' id='word_1_475' title='bbox 1394 2310 1600 2351; x_wconf 80' lang='lat' dir='ltr'>alphabetica.</span> <span class='ocrx_word' id='word_1_476' title='bbox 1625 2310 1674 2340; x_wconf 82' lang='lat' dir='ltr'>sol.</span> <span class='ocrx_word' id='word_1_477' title='bbox 1687 2319 1705 2351; x_wconf 85' lang='lat'><em>5</em></span> <span class='ocrx_word' id='word_1_478' title='bbox 1721 2311 1750 2341; x_wconf 85' lang='lat' dir='ltr'>b.</span> 
     </span>
    </p>

    <p class='ocr_par' dir='ltr' id='par_1_35' title="bbox 1439 2361 2168 2403">
     <span class='ocr_line' id='line_1_92' title="bbox 1439 2361 2168 2403; baseline 0 -11"><span class='ocrx_word' id='word_1_479' title='bbox 1439 2362 1477 2392; x_wconf 92' lang='lat' dir='ltr'>In</span> <span class='ocrx_word' id='word_1_480' title='bbox 1504 2362 1587 2392; x_wconf 87' lang='lat' dir='ltr'>calce</span> <span class='ocrx_word' id='word_1_481' title='bbox 1614 2362 1678 2392; x_wconf 79' lang='lat' dir='ltr'>tab.</span> <span class='ocrx_word' id='word_1_482' title='bbox 1705 2366 1723 2379; x_wconf 81' lang='grc'>“</span> <span class='ocrx_word' id='word_1_483' title='bbox 1741 2361 1919 2402; x_wconf 84' lang='lat' dir='ltr'>Expliciunt</span> <span class='ocrx_word' id='word_1_484' title='bbox 1945 2361 2080 2403; x_wconf 81' lang='lat' dir='ltr'>capitula.</span> <span class='ocrx_word' id='word_1_485' title='bbox 2105 2362 2168 2392; x_wconf 80' lang='lat' dir='ltr'>dis-</span> 
     </span>
    </p>

    <p class='ocr_par' dir='ltr' id='par_1_36' title="bbox 1266 2412 2168 2474">
     <span class='ocr_line' id='line_1_93' title="bbox 1266 2412 2168 2474; baseline 0 -31"><span class='ocrx_word' id='word_1_486' title='bbox 1266 2413 1268 2474; x_wconf 31' lang='grc'>1</span> <span class='ocrx_word' id='word_1_487' title='bbox 1416 2413 1601 2443; x_wconf 86' lang='lat' dir='ltr'>tinctionum</span> <span class='ocrx_word' id='word_1_488' title='bbox 1617 2412 1723 2443; x_wconf 87' lang='lat' dir='ltr'>fratris</span> <span class='ocrx_word' id='word_1_489' title='bbox 1740 2412 1880 2443; x_wconf 84' lang='lat' dir='ltr'>Nicholai</span> <span class='ocrx_word' id='word_1_490' title='bbox 1899 2413 1938 2444; x_wconf 91' lang='lat' dir='ltr'>de</span> <span class='ocrx_word' id='word_1_491' title='bbox 1954 2412 2070 2454; x_wconf 87' lang='lat' dir='ltr'>Byard,</span> <span class='ocrx_word' id='word_1_492' title='bbox 2086 2413 2168 2454; x_wconf 92' lang='lat' dir='ltr'>quod</span> 
     </span>
    </p>

    <p class='ocr_par' dir='ltr' id='par_1_37' title="bbox 1418 2464 1492 2495">
     <span class='ocr_line' id='line_1_94' title="bbox 1418 2464 1492 2495; baseline 0.027 -2"><span class='ocrx_word' id='word_1_493' title='bbox 1418 2464 1492 2495; x_wconf 54' lang='lat' dir='ltr'>xvj*</span> 
     </span>
    </p>

    <p class='ocr_par' dir='ltr' id='par_1_38' title="bbox 1417 2514 2168 2597">
     <span class='ocr_line' id='line_1_95' title="bbox 1438 2514 2168 2556; baseline 0 -11"><span class='ocrx_word' id='word_1_494' title='bbox 1438 2515 1535 2556; x_wconf 90' lang='lat' dir='ltr'>Incip.</span> <span class='ocrx_word' id='word_1_495' title='bbox 1551 2518 1570 2533; x_wconf 88' lang='grc'><strong>“</strong></span> <span class='ocrx_word' id='word_1_496' title='bbox 1582 2514 1795 2545; x_wconf 89' lang='lat' dir='ltr'>Absconditur</span> <span class='ocrx_word' id='word_1_497' title='bbox 1807 2514 1921 2545; x_wconf 87' lang='lat' dir='ltr'>malum</span> <span class='ocrx_word' id='word_1_498' title='bbox 1934 2525 1953 2545; x_wconf 86' lang='lat' dir='ltr'>a</span> <span class='ocrx_word' id='word_1_499' title='bbox 1965 2514 2096 2555; x_wconf 84' lang='lat' dir='ltr'>dyabolo</span> <span class='ocrx_word' id='word_1_500' title='bbox 2112 2514 2168 2545; x_wconf 92' lang='lat' dir='ltr'>sub</span> 
     </span>
     <span class='ocr_line' id='line_1_96' title="bbox 1417 2566 1654 2597; baseline -0.004 0"><span class='ocrx_word' id='word_1_501' title='bbox 1417 2566 1654 2597; x_wconf 72' lang='lat' dir='ltr'>delectacione.”</span> 
     </span>
    </p>

    <p class='ocr_par' dir='ltr' id='par_1_39' title="bbox 1419 2617 2169 2703">
     <span class='ocr_line' id='line_1_97' title="bbox 1440 2617 2169 2649; baseline -0.001 -1"><span class='ocrx_word' id='word_1_502' title='bbox 1440 2618 1544 2649; x_wconf 88' lang='lat' dir='ltr'>Desin.</span> <span class='ocrx_word' id='word_1_503' title='bbox 1579 2623 1598 2635; x_wconf 84' lang='lat'>“</span> <span class='ocrx_word' id='word_1_504' title='bbox 1617 2617 1744 2648; x_wconf 87' lang='lat' dir='ltr'>Zelatus</span> <span class='ocrx_word' id='word_1_505' title='bbox 1781 2621 1827 2648; x_wconf 89' lang='lat' dir='ltr'>est</span> <span class='ocrx_word' id='word_1_506' title='bbox 1865 2617 2018 2647; x_wconf 88' lang='lat' dir='ltr'>Dominus</span> <span class='ocrx_word' id='word_1_507' title='bbox 2054 2621 2169 2647; x_wconf 74' lang='lat' dir='ltr'>terram</span> 
     </span>
     <span class='ocr_line' id='line_1_98' title="bbox 1419 2669 1609 2703; baseline 0.005 -4"><span class='ocrx_word' id='word_1_508' title='bbox 1419 2669 1535 2703; x_wconf 50' lang='lat' dir='ltr'>suauis*</span> <span class='ocrx_word' id='word_1_509' title='bbox 1551 2673 1609 2700; x_wconf 91' lang='grc'>010.</span> 
     </span>
    </p>
   </div>
   <div class='ocr_carea' id='block_1_31' title="bbox 1268 2703 2169 2811">
    <p class='ocr_par' dir='ltr' id='par_1_40' title="bbox 1268 2703 2169 2811">
     <span class='ocr_line' id='line_1_99' title="bbox 1268 2703 2169 2759; baseline -0.001 -10"><span class='ocrx_word' id='word_1_510' title='bbox 1268 2703 1269 2756; x_wconf 56' lang='lat' dir='ltr'>i</span> <span class='ocrx_word' id='word_1_511' title='bbox 1442 2719 1479 2749; x_wconf 89' lang='lat' dir='ltr'>In</span> <span class='ocrx_word' id='word_1_512' title='bbox 1495 2718 1589 2756; x_wconf 87' lang='lat' dir='ltr'>calce,</span> <span class='ocrx_word' id='word_1_513' title='bbox 1604 2723 1623 2736; x_wconf 88' lang='grc'><strong>“</strong></span> <span class='ocrx_word' id='word_1_514' title='bbox 1638 2717 1816 2759; x_wconf 81' lang='lat' dir='ltr'>Expliciuut</span> <span class='ocrx_word' id='word_1_515' title='bbox 1832 2718 2049 2749; x_wconf 81' lang='lat' dir='ltr'>distincciones</span> <span class='ocrx_word' id='word_1_516' title='bbox 2064 2718 2169 2749; x_wconf 86' lang='lat' dir='ltr'>fratris</span> 
     </span>
     <span class='ocr_line' id='line_1_100' title="bbox 1268 2769 1771 2811; baseline -0.004 -10"><span class='ocrx_word' id='word_1_517' title='bbox 1268 2769 1269 2808; x_wconf 54' lang='grc'>1</span> <span class='ocrx_word' id='word_1_518' title='bbox 1421 2770 1566 2801; x_wconf 87' lang='lat' dir='ltr'>Nicholai</span> <span class='ocrx_word' id='word_1_519' title='bbox 1582 2770 1620 2800; x_wconf 89' lang='lat' dir='ltr'>de</span> <span class='ocrx_word' id='word_1_520' title='bbox 1635 2769 1771 2811; x_wconf 72' lang='lat' dir='ltr'>Byard.”</span> 
     </span>
    </p>
   </div>
   <div class='ocr_carea' id='block_1_32' title="bbox 1256 733 1268 2220">
    <p class='ocr_par' dir='ltr' id='par_1_41' title="bbox 1256 733 1268 2220">
     <span class='ocr_line' id='line_1_101' title="bbox 1256 733 1268 2220; baseline 0 0"><span class='ocrx_word' id='word_1_521' title='bbox 1256 733 1268 2220; x_wconf 95' lang='lat' dir='ltr'> </span> 
     </span>
    </p>
   </div>
  </div>
 </body>
</html>
