2254 3117
359 162 404 194 14

360 361 406 390 18.

357 565 404 595 19.

397 670 413 679 ·“
428 663 469 694 Et
486 674 540 704 per
555 663 602 693 bis
618 663 706 693 binos
722 661 805 702 capit
821 661 1010 692 incrementa
1027 660 1218 702 sequentes.''

400 737 405 743 .
422 714 612 755 Compositio
628 725 716 755 aquae
733 713 812 744 vitam
833 713 883 743 fol.
901 723 970 754 ²39·

343 2683 461 2715 (lodex
494 2682 786 2719 membranaceus,
813 2680 846 2712 in
879 2677 972 2716 folio,
996 2677 1029 2710 ff.
1050 2679 1129 2715 283,
1157 2688 1225 2709 sce.

365 2739 447 2777 xiii„
467 2739 634 2784 suppletis
666 2738 721 2771 hic
748 2736 818 2770 illic
846 2735 935 2769 foliis
963 2734 1095 2778 aliquot
1121 2744 1224 2766 manu

364 2797 557 2837 recentiori,
576 2808 643 2830 sec.
662 2795 735 2829 scil.
750 2805 824 2834 xv.;
850 2791 1003 2826 mutilus.

397 842 401 846 .
421 816 588 847 Tractatus
608 816 646 846 de
666 815 812 856 regimine
835 815 979 845 sanitatis
995 814 1161 844 secundum
1178 812 1231 842 Jo-

397 1204 402 1209 .
419 1179 574 1210 Contenta
597 1178 755 1208 urinarum
785 1177 951 1207 secundum

392 1884 398 1889 .
417 1858 510 1888 Liber
525 1858 563 1888 dc
580 1857 671 1887 modo
687 1855 827 1886 medendi
852 1855 1018 1885 secundum
1036 1853 1226 1893 Uophonem.

910 153 1208 191 CATALOGUS
1234 155 1468 191 CODICUM
1496 155 1606 190 MSS.

484 257 521 287 In
534 256 624 291 calce,
642 260 659 272 ‘⁴
672 254 810 295 Explicit
826 257 980 284 tractatus
993 253 1183 284 necessarius
1195 254 1233 284 (le

461 308 632 349 supletione
647 305 862 347 pulcritudinis
877 305 1069 336 mulierum.’'

423 358 577 399 Anonymi
602 357 761 398 eujusdam
785 356 862 386 liber
885 356 1089 392 mineralium,
1105 356 1143 386 de
1158 355 1233 397 lapi-

439 411 528 440 dibus
544 409 658 440 seilicet
675 413 707 439 et
722 408 865 444 metallis,
881 412 940 438 etc.
966 408 1015 438 fol.
1034 417 1103 449 230.

483 461 578 501 Ineip.
607 465 625 477 ‘⁶
642 460 690 490 De
719 459 938 490 commixtione
963 462 994 489 et
1018 458 1233 499 coagulacione

460 512 539 541 sieut
555 510 651 540 eciam
667 509 910 551 coligelaeione.”

422 562 540 592 Versus
556 562 594 592 de
609 561 762 602 lapidibus
778 560 941 602 pretiosis;
961 559 1112 601 [imperf]
1131 558 1150 589 f.
1164 561 1232 600 236.

482 613 576 654 Incip.

481 765 579 805 Incip.
598 770 616 781 “
632 765 698 804 Que
713 764 787 794 facit
803 764 957 794 hominem
973 763 1097 793 lctumf'

436 868 568 898 hannem
586 867 624 897 (le
640 866 758 896 Toleto.
784 866 835 896 fol.
850 876 919 903 240.

480 919 577 959 Incip.
602 924 619 934 ‘⁵
636 917 684 948 Ut
710 917 785 947 (licit
809 916 1032 947 Constantinus
1048 915 1077 944 in
1095 914 1230 949 viatico,

457 970 509 1011 qui
525 969 590 1000 vult
607 969 785 1000 continuam
801 968 956 998 custodire
973 967 1170 997 sanitatem.’'

419 1025 439 1055 J
442 1025 543 1056 udicia
554 1025 711 1055 urinarum
724 1024 890 1055 seeundum
902 1023 948 1053 M.
961 1022 1143 1053 Gualterum
1157 1022 1231 1062 Agi-

436 1077 496 1107 lon.
519 1076 571 1106 fol.
586 1085 654 1117 243.

479 1128 577 1168 Incip.
594 1131 614 1145 ‘⁴
629 1126 665 1156 In
682 1126 771 1156 urina
785 1126 885 1156 albasq

986 1177 1028 1206 M.
1048 1175 1230 1206 (inalterum

436 1231 558 1271 Agilon.
583 1229 632 1259 fol.
648 1239 717 1269 245.

478 1282 574 1322 Incip.
593 1287 609 1297 ⁵⁸
623 1281 687 1311 Iste
705 1280 813 1310 modus
829 1284 875 1310 est
886 1279 1046 1320 judicandi
1066 1278 1199 1308 ui·inas.”

419 1337 543 1368 Ricardi
561 1335 682 1377 Anglici
700 1335 777 1365 liber
792 1335 830 1365 de
847 1334 950 1364 urinis.
975 1333 1024 1363 fol.
1040 1343 1099 1373 ¹249
1115 1333 1143 1363 b.

479 1388 574 1429 Incip.
593 1392 610 1404 “
626 1387 716 1418 Circa
738 1386 843 1416 urinas
869 1386 1002 1426 quinque
1025 1384 1230 1414 attenduntur

457 1438 665 1481 principalia.”

479 1490 682 1520 l‘raemittitur
698 1488 860 1522 distichon,

416 1548 432 1558 ‘⁶
445 1542 504 1581 Qui
521 1542 605 1582 eupit
621 1541 725 1571 urinas
741 1550 809 1570 mea
825 1549 879 1580 per
895 1538 1074 1578 compendia
1090 1537 1175 1571 scire,

446 1593 514 1623 Hec
532 1593 615 1632 legat
631 1591 763 1627 assidue,
781 1591 836 1620 hec
853 1593 976 1630 oportet
992 1589 1110 1629 longius
1127 1588 1198 1618 ire.‘''

415 1648 446 1678 J.
465 1649 502 1678 de
519 1648 633 1678 Parma
648 1646 767 1677 libellus
784 1647 821 1676 de
842 1644 989 1686 regimine
1012 1648 1120 1674 eontra
1143 1643 1228 1674 steri-

432 1700 563 1731 litatem.
588 1699 638 1729 fol.
654 1708 721 1738 254.

416 1751 608 1782 Dormitoria
624 1749 805 1790 chirurgica.
829 1747 878 1778 fol.
894 1750 963 1787 256.

476 1802 573 1842 Incip.
591 1806 608 1817 “
622 1799 813 1831 Constitucio
829 1798 979 1839 soporisff'

432 1910 482 1940 fol.
498 1911 568 1951 256.

477 1960 570 2001 Incip.
588 1963 607 1977 “
622 1959 660 1989 In
677 1958 834 1989 medendis
856 1957 1034 1997 corporibus
1050 1961 1080 1987 et
1097 1956 1229 1986 maxime

453 2011 651 2052 purgandis.”

413 2067 462 2097 De
478 2066 689 2108 phlebotomia
712 2065 879 2095 secundum
895 2063 916 2093 J
920 2063 1071 2093 ohannem
1096 2062 1227 2092 Damas-

429 2129 547 2149 cenum.
572 2118 622 2148 sol.
638 2118 695 2148 262
714 2117 742 2146 b.

413 2170 463 2200 De
486 2170 575 2200 modo
599 2168 732 2209 qualiter
756 2166 892 2197 medicus
918 2165 1057 2197 visitabit
1081 2165 1227 2195 infirmos.

428 2221 480 2252 fol.
496 2223 564 2262 263.

414 2271 464 2302 De
488 2271 581 2302 modo
611 2269 842 2311 compositionis
867 2267 1095 2303 medicinarum,
1122 2267 1228 2297 ordine
1255 2278 1256 2284 ¹

428 2321 633 2363 alphabetico,
651 2330 720 2350 cum
737 2318 872 2359 prologo.
897 2318 946 2348 fol.
965 2319 1032 2355 264.

474 2373 570 2413 Incip.
590 2375 607 2389 ²⁶
621 2370 773 2410 Quoniam
790 2374 824 2400 ut
841 2369 974 2399 diximus
990 2369 1020 2398 in
1041 2368 1152 2398 areolis
1175 2378 1227 2397 no-
1254 2387 1256 2400 Α

449 2424 521 2454 stris
537 2427 569 2454 et
585 2426 723 2454 testatur
739 2421 758 2451 J
762 2420 898 2451 ohannes
915 2418 1155 2449 Daiiiaseeiius.”

472 2476 509 2505 In
525 2475 616 2511 calce⁷
635 2478 655 2492 ‘⁴
670 2473 807 2514 Explicit
830 2475 986 2503 tractatus
1010 2471 1047 2501 dc
1070 2470 1227 2500 medicinis

448 2525 676 2568 componendis,
694 2524 771 2555 ete.57

694 2616 877 2652 XXXVI.

1327 255 1427 286 Biblia
1443 255 1539 285 Sacra
1555 253 1720 290 Universa,
1737 264 1775 283 ex
1791 254 1928 285 versione
1942 254 2078 296 vulgata.

1412 305 1509 346 Incip.
1541 305 1571 334 in
1601 304 1700 335 verbis
1731 305 1842 335 Genes.
1868 315 1934 346 cap.
1955 316 1983 336 v.
2008 316 2084 336 vers.
2113 314 2164 345 25,

1390 362 1407 373 ‘⁸
1424 357 1555 387 Uentum
1577 355 1738 396 octoginta
1759 359 1877 396 septen]
1899 356 1987 386 annis
2005 360 2037 387 et
2057 355 2164 397 genuit

1392 406 1555 437 Laiiieeli.”

1414 458 1608 493 Praccedunt,

1305 521 1332 540 a.
1353 510 1471 539 Versus
1496 510 1601 539 decem
1625 508 1763 539 ordinem
1786 508 1934 539 librorum
1950 507 2058 539 Bibliae
2078 509 2162 539 exhi-

1368 561 1486 591 bentes.
1510 560 1560 590 fol.
1585 570 1591 589 ι
1614 560 1642 589 b.

1305 617 1332 647 b.
1351 616 1470 647 Tabula
1491 615 1647 651 librorum,
1666 619 1700 645 ut
1722 615 1752 645 in
1774 615 1878 646 codice
1894 621 2000 646 nostro
2019 615 2163 646 ordinan-

1367 672 1428 700 tur,
1446 678 1514 697 cum
1532 666 1722 708 praefatione,
1741 677 1818 696 man.
1835 677 1888 697 sec.
1912 666 1962 696 fol.
1978 676 2007 706 3.

1412 718 1506 759 liu-ip.
1522 718 1606 759 przef.
1627 722 1644 734 ‘²
1657 718 1742 747 Ordo
1755 717 1865 748 librum
1882 717 1912 747 in
1929 717 1986 748 hac
2004 717 2104 748 Biblia
2115 721 2163 748 est

1389 774 1595 810 preposterus,
1613 769 1643 799 in
1660 768 1874 809 quibusdam.”

1411 820 1495 850 Ordo
1526 819 1673 849 librorum
1701 823 1748 850 est
1775 819 1844 855 iste,
1869 819 2162 860 Genesis—Regum

1389 871 1449 901 IV.
1474 871 1630 908 inclusive,
1646 882 1752 901 omnes
1775 870 1980 911 capitulorum
1997 870 2096 901 titulis
2119 871 2162 901 in-

1388 922 1509 958 structi,
1518 922 1628 952 dvinde
1640 922 1866 962 Prophetarmn
1877 921 2020 957 sedecim,
2031 922 2162 963 [inserto

1391 974 1419 1003 in
1439 973 1574 1004 Danielis
1595 973 1673 1003 libro
1690 973 1794 1003 Trium
1811 973 1981 1003 Puerorum
2005 973 2161 1015 Cantico‚]

1389 1025 1460 1061 Job,
1495 1025 1743 1060 Proverbiorum,
1781 1023 1986 1061 Ecclesia-stis,
2021 1024 2162 1055 Cantico-

1388 1087 1464 1109 rum,
1478 1076 1653 1117 Sapientiae,
1670 1075 1888 1111 Ecclesiastici,
1904 1075 2163 1117 Paralipomenon

1389 1127 1442 1159 II..
1461 1127 1580 1163 Esdrzc,
1601 1127 1742 1162 Nceinim,
1766 1127 1893 1163 Hester,
1906 1127 2022 1164 Tobiae,
2040 1127 2162 1165 Juditli,

1391 1178 1638 1208 Maccabzrorum
1658 1178 1711 1213 IL,
1737 1178 1870 1214 Baruch,
1895 1178 1981 1218 cujus
2002 1178 2070 1208 libri
2094 1189 2162 1220 par-

1387 1234 1450 1259 tem
1481 1229 1610 1259 alteram
1642 1229 1793 1270 supplevit
1824 1240 1932 1259 manus
1959 1229 2100 1266 secunda,
2128 1234 2163 1260 ut

1388 1290 1509 1320 quoque
1536 1280 1647 1310 librum
1680 1280 1824 1310 l'saltcrii
1851 1280 2006 1321 integrum
2037 1281 2088 1321 qui
2117 1291 2162 1310 se-

1388 1331 1501 1371 quitur.

1412 1382 1446 1412 ln
1471 1383 1562 1419 calce,
1591 1387 1608 1400 ‘⁶
1628 1382 1765 1423 Explicit
1794 1383 1871 1413 liber
1897 1383 2092 1424 Ympnorum
2115 1383 2161 1413 vel

1389 1433 1626 1473 Soliloquiorum
1644 1432 1745 1463 David
1762 1433 1910 1473 prophete
1926 1433 1964 1463 de
1980 1432 2132 1463 Christ0.”

1388 1486 1573 1525 Sequuntur,
1592 1495 1681 1514 manu
1697 1484 1833 1520 secunda,

1301 1551 1328 1571 a.
1347 1540 1470 1581 Prologi
1489 1546 1505 1556 ²·
1520 1540 1597 1569 Novi
1614 1539 1818 1575 Testamenti,
1834 1544 1947 1580 practer
1966 1539 2110 1581 prologos
2130 1539 2161 1569 in

1364 1592 1511 1633 epistolas
1529 1592 1616 1622 Pauli
1634 1603 1710 1632 quos
1732 1592 1866 1621 invenies
1886 1591 1985 1632 primo
2001 1592 2073 1622 folio
2087 1596 2161 1622 ante

1365 1643 1554 1684 evangelium
1575 1643 1724 1673 Mathcif'
1748 1643 1798 1673 fol.
1816 1652 1872 1681 227
1892 1643 1921 1673 b.

1302 1700 1330 1730 b.
1349 1700 1475 1730 Summa
1492 1699 1598 1729 Biblise
1614 1699 1752 1729 versibus
1769 1710 1914 1740 expressa
1934 1698 2074 1736 heroicis,
2095 1699 2160 1739 [au-

1365 1757 1449 1781 ctore
1468 1751 1646 1781 Alexandro
1663 1751 1700 1780 de
1718 1750 1801 1780 Villa
1818 1750 1899 1790 Dci.]
1928 1749 1977 1780 fol.
1996 1759 2032 1780 22
2060 1775 2066 1780 .

1408 1801 1503 1842 lncip.
1518 1807 1535 1818 ⁸*
1548 1802 1607 1831 Sex
1623 1801 1776 1842 prohibet,
1789 1804 1928 1842 peccant,
1940 1799 2030 1835 Abel,
2042 1799 2161 1836 Enoch,

1386 1853 1480 1883 archa
1496 1853 1543 1889 fit,
1560 1853 1706 1883 int1·ant.”

1301 1920 1325 1939 c.
1344 1908 1463 1939 Tabula
1478 1909 1643 1939 lectionum
1660 1907 1860 1948 epistolarum
1873 1910 1904 1937 et
1920 1906 2056 1936 omnium
2072 1917 2160 1936 evan-

1363 1959 1513 2001 geliorum
1530 1959 1585 1989 sub
1602 1958 1766 1990 concordia
1782 1957 1925 1988 uniformi
1946 1961 2011 1987 tam
2033 1957 2160 1987 domini-

1365 2011 1474 2041 calium
1488 2022 1579 2051 quam
1593 2015 1770 2041 sanctorum
1784 2008 1969 2039 festivalium
1981 2013 2013 2039 et
2025 2008 2160 2038 omnium

1364 2064 1541 2091 sanctorum
1558 2064 1623 2091 tam
1640 2060 1677 2090 ‹le
1694 2059 1827 2100 proprio,
1846 2069 1938 2099 quam
1954 2058 1992 2088 de
2008 2057 2160 2088 communi

1363 2123 1418 2153 per
1441 2116 1542 2142 totuin
1563 2122 1688 2147 annum,
1715 2110 1873 2151 incipiens,
1890 2120 1909 2139 a
1933 2108 2032 2150 prima
2055 2108 2159 2138 Domi-

1364 2163 1432 2193 nica
1455 2163 1606 2193 adventus
1633 2161 1773 2197 Domini,
1801 2160 1967 2190 secundum
1990 2170 2079 2189 usum
2106 2159 2159 2189 Sa-

1364 2225 1440 2251 rum,
1465 2225 1561 2254 usque
1584 2213 1623 2243 ad
1650 2212 1731 2242 idem
1758 2216 1880 2252 tempus
1903 2220 1985 2240 anno
2011 2209 2158 2240 revoluto.

1364 2265 1414 2295 fol.
1430 2274 1485 2305 231
1506 2265 1535 2295 b.

1263 2327 1270 2333 ⁴
1300 2320 1329 2350 d.
1347 2319 1470 2361 Prologi
1487 2320 1517 2349 in
1535 2319 1565 2349 S.
1580 2318 1669 2348 Pauli
1685 2316 1842 2358 epistolas.
1866 2315 1916 2345 fol.
1936 2324 2006 2355 235.

1405 2370 1490 2401 Ordo
1512 2368 1704 2400 Testamenti
1728 2367 1806 2397 Novi
1834 2370 1881 2396 est
1904 2365 1974 2401 iste,
1992 2363 2158 2403 Evangelia

1384 2426 1527 2462 quatuor,
1545 2421 1645 2451 Actus
1668 2419 1901 2460 Apostolorum,
1926 2415 2070 2458 Epistola:
2092 2426 2158 2455 sep-

1383 2479 1446 2503 tem
1470 2473 1639 2508 catholicae,
1664 2470 1879 2512 Apocalypsis,
1908 2467 2054 2509 Epistolae
2079 2467 2159 2496 Pau-

1383 2523 1460 2553 lina».

1405 2574 1502 2604 Dcfic.
1520 2574 1550 2603 in
1570 2573 1658 2614 epist.
1676 2572 1716 2602 ad
1733 2570 1872 2602 Corinth.
1891 2570 1909 2600 i.
1927 2580 1993 2610 cap.
2010 2568 2059 2599 vii.
2079 2578 2154 2598 vers.

1386 2635 1434 2666 15,
1453 2632 1471 2641 ‘⁸
1485 2625 1515 2654 in
1531 2623 1701 2665 ejusmodi,
1728 2623 1758 2652 in
1774 2621 1901 2662 pacenf'

1403 2674 1547 2705 Succedit
1562 2685 1641 2705 man.
1658 2685 1709 2704 sec.
1729 2677 1746 2690 ‘⁵
1764 2671 1972 2703 Directorium
1987 2669 2157 2710 alphabeti-

1381 2737 1449 2756 cum
1466 2726 1629 2756 verborum
1653 2724 1820 2755 difficilium
1842 2722 1973 2764 sparsim
1989 2720 2156 2761 descripto-

1381 2788 1449 2808 rum
1468 2777 1498 2808 in
1522 2776 1713 2818 marginibus
1737 2773 1929 2806 inferioribus
1951 2772 2101 2802 librorum
2124 2774 2155 2801 et
