2254 3117
621 158 861 193 COLLEGII
891 157 1263 193 MERTONENsis.
1812 167 1855 201 19

181 253 276 295 Incip.
294 255 369 295 prol.
390 264 406 271 ²·
422 256 571 296 l‘rompte
587 256 761 287 volentibus
782 267 837 297 per
858 255 916 286 hoc

157 306 338 347 opusculum
363 307 393 336 in
418 307 626 337 decretalibus
649 311 680 337 et
703 318 796 348 super
812 307 915 338 decre—

156 356 263 386 tales.”

179 407 277 448 Incip.
294 409 358 439 tab.
377 413 394 425 ⁴·
408 408 530 445 Abbas,
547 408 599 438 ubi
616 407 818 449 appellacio.”

29 585 148 618 Codex
177 585 469 624 membranaceus,
498 586 532 618 in
560 585 656 625 folio,
681 585 715 618 ff.
738 588 818 624 194,
846 597 914 620 sec.

53 644 134 683 xiv„
164 644 252 677 binis
287 643 457 677 columnis
488 643 547 677 sed
584 643 676 676 haud
706 655 775 677 una
809 655 914 678 manu

52 707 233 741 exaratus3
261 701 344 734 olim
360 701 442 735 Joh.
464 701 656 747 Raynham,
673 701 708 735 S.
722 701 760 735 T.
777 701 815 736 Ρ.

71 775 98 804 1.
118 774 148 803 S.
177 774 360 815 Augustini,
391 774 527 816 episcopi
559 774 783 816 HipponensiS,
814 776 853 806 de
884 776 913 806 S.

134 825 290 856 Trinitate
311 825 381 856 libri
410 826 596 866 quindecim,
625 826 740 867 prmvio
767 832 916 868 excerpto

133 887 171 906 ex
186 876 265 906 libro
281 877 551 911 retractationum.
565 882 596 908 et
612 878 745 919 epistola
761 878 800 908 ad
813 879 913 909 Aure-

110 936 111 939 =
132 927 216 958 lium.
240 928 290 958 fol.
310 937 338 959 2.
570 921 582 927 ²

177 979 246 1010 Tit.
262 983 281 996 “
296 979 416 1010 Aurelii
433 980 605 1021 Augustini
628 981 766 1011 doctoris
789 981 827 1011 de
849 980 916 1011 Tri-

155 1030 255 1061 nitate
271 1030 349 1061 liber
364 1031 511 1072 pri1nus.”

176 1081 315 1112 Exstant
342 1082 483 1124 impress.
510 1081 593 1112 inter
623 1092 728 1123 opera.
757 1087 832 1112 tom.
855 1082 915 1113 viii.

155 1132 212 1162 col.
226 1142 299 1172 749.

70 1200 98 1229 2.
117 1198 267 1239 Ejusdem
283 1199 453 1240 Augustini
477 1199 665 1230 Locutiones
688 1199 720 1230 in
744 1200 916 1232 Pentateu-

134 1249 235 1280 chuni.
261 1250 313 1280 fol.
328 1252 378 1281 61.

176 1302 238 1333 Tit.
255 1313 335 1333 mam
350 1313 405 1334 sec.
423 1307 441 1319 ‘⁶
454 1302 613 1344 Incipiunt
630 1304 808 1345 questiones
824 1316 917 1346 super

156 1352 419 1390 Pentatheucum,
432 1365 525 1395 super
538 1355 673 1396 quinque
689 1355 806 1396 primos
822 1356 917 1387 libros

154 1404 275 1435 bibuef*

175 1455 256 1486 Ibid.
275 1460 349 1487 tom.
363 1456 404 1486 iii.
423 1456 478 1487 col.
493 1466 568 1498 325.

69 1524 97 1553 3.
115 1523 266 1564 Ejusdem
301 1524 488 1565 quaestiones
523 1537 616 1566 super
651 1525 764 1557 librum
794 1526 903 1557 Josuae
946 1538 948 1550 ⁴

132 1575 183 1606 fol.
201 1577 252 1615 96.

177 1626 257 1658 Ibid.
274 1631 350 1658 tom.
365 1627 405 1658 iii.
423 1627 480 1658 eol.
493 1637 567 1669 579.

71 1697 98 1724 4.
116 1694 265 1735 Ejusdem
279 1695 467 1736 quaestiones
483 1695 513 1726 in
526 1695 578 1726 lib.
591 1695 750 1727 Judicum.
768 1696 819 1727 fol.
831 1697 871 1737 98
885 1697 913 1728 b.

176 1746 254 1777 Ibid.
273 1751 348 1778 tom.
362 1747 404 1777 iii.
421 1747 477 1778 col.
491 1757 564 1789 595.

70 1817 99 1845 5.
118 1814 267 1856 Ejusdem
291 1815 329 1846 de
353 1815 577 1856 quaestionibus
598 1816 828 1858 evangeliorum
846 1816 915 1847 libri

134 1866 204 1896 duo.
228 1866 281 1897 fol.
302 1877 371 1908 103.

178 1917 259 1947 Ibid.
276 1920 353 1948 tom.
366 1916 406 1947 iii.
424 1921 506 1956 part.
520 1917 550 1947 ii.
567 1916 623 1948 col.
641 1927 666 1947 J.

178 1971 295 2002 Deficit
316 1971 347 2002 ln
369 1971 483 2008 verbis,
501 1972 586 2002 “sed
607 1971 688 2003 alter
708 1972 914 2014 evangelista-

155 2034 223 2053 rum
240 2023 278 2055 de
293 2034 356 2054 uno
373 2023 549 2055 tacuit—.”

71 2092 101 2121 6.
118 2091 271 2128 Anselmi,
284 2091 509 2133 archiepiscopi
523 2092 769 2129 Oantuariemis,
786 2093 917 2124 medita-

133 2143 179 2174 tio
194 2144 232 2174 de
248 2143 461 2184 redemptione
476 2143 623 2174 humana.
646 2143 697 2174 fol.
720 2154 787 2184 109.

178 2194 275 2236 Incip.
292 2195 323 2225 in
340 2194 452 2230 verbis,
471 2199 489 2211 ⁶·
504 2213 545 2217 —-
562 2198 666 2225 terror
681 2194 848 2232 horribilis,
864 2195 917 2226 do-

153 2247 202 2277 lor
216 2246 393 2283 terribilis,”
409 2247 493 2277 inter
508 2257 613 2287 opera,
627 2257 656 2287 p.
673 2255 742 2287 209,
760 2257 785 2277 c.
800 2256 831 2288 3.

73 2315 101 2345 7.
121 2313 264 2355 Hugonis
289 2314 328 2345 de
355 2314 388 2345 S.
407 2314 538 2345 Victore
568 2313 608 2344 de
638 2313 776 2345 claustro
806 2314 917 2345 animae

134 2364 215 2402 libri,
232 2376 302 2396 eum
318 2365 458 2406 prologo.
482 2364 533 2395 fol.
555 2374 623 2405 109.

178 2416 327 2453 Exstant,
344 2417 427 2447 inter
443 2426 547 2457 opera.
566 2420 640 2446 tom.
655 2415 684 2445 ii.
702 2415 752 2446 fol.
769 2424 815 2456 23.

73 2486 102 2515 8.
120 2484 268 2526 Ejusdem
291 2484 503 2515 didascalicon
523 2483 595 2514 libri
616 2494 679 2519 sex,
697 2483 813 2524 praevia
836 2484 917 2525 capi-

136 2535 272 2566 tulorum
288 2535 406 2566 tabula.
433 2534 484 2565 fol.
506 2543 576 2565 121.

178 2586 239 2617 Tit.
265 2585 444 2627 “Capitula
469 2585 678 2616 didascalicon
705 2585 852 2627 Hugonis
879 2587 917 2617 de

157 2638 274 2668 Sancto
290 2637 436 2673 Victore;
459 2636 627 2667 Parisius.''

179 2689 262 2720 Ibid.
278 2693 357 2720 tom.
370 2688 412 2718 iii.
430 2688 482 2718 fol.
499 2698 524 2718 1.

179 2740 217 2770 In
233 2740 325 2775 calce,
344 2743 362 2756 “
376 2738 514 2779 Explicit
539 2738 748 2769 didascalicon
774 2738 917 2781 Hugonis

157 2791 195 2820 de
213 2790 328 2821 Sancto
344 2789 472 2820 Victore
486 2791 504 2802 '⁷

1010 258 1039 288 9.
1058 257 1206 297 Ejusdem
1231 259 1370 299 Sigillum
1395 260 1516 291 Sanctae
1535 260 1657 296 Mai-ize,
1676 271 1692 276 ··
1708 261 1735 290 iu
1758 261 1848 293 istud.

1076 308 1212 340 Intravit
1228 310 1344 340 Jhesus
1361 312 1390 341 in
1408 312 1564 352 quoddam
1581 313 1771 342 0:1stellum.“
1798 313 1851 342 sol.

1077 359 1177 399 1331)-

1118 410 1217 452 Incip.
1235 416 1252 428 ⁴*
1267 412 1303 442 In
1321 413 1400 444 festo
1417 414 1448 444 S.
1464 414 1576 445 Mariae
1592 416 1775 446 recitatur.’'

990 465 1037 495 10.
1055 464 1211 497 Johannis
1228 468 1400 503 Abbcville,
1418 470 1480 500 sive
1495 470 1650 501 Johannis
1667 471 1790 512 Algi-ini
1813 471 1850 500 ‹le

1075 516 1296 553 Abbatisvilla,
1331 531 1487 551 sci-mones
1523 522 1721 553 dominicales
1759 533 1850 563 super

1074 567 1222 608 epistolas
1238 574 1269 600 et
1286 571 1444 611 evangelia
1459 583 1515 611 per
1529 584 1653 604 annum.
1677 573 1729 603 fol.
1751 583 1818 614 134.

1117 618 1216 660 Incip.
1235 624 1253 636 “
1268 622 1347 650 Cum
1375 628 1572 655 sacrosancta
1599 629 1699 655 mater
1724 624 1851 655 eeclesia

1096 671 1340 710 premonstravit
1367 672 1477 712 spiritu
1508 685 1569 704 nou
1599 675 1664 705 sine
1694 680 1850 705 certarum

1097 721 1197 751 causis
1213 721 1402 752 rationun1.”

1118 772 1216 803 Defic.
1234 773 1264 803 in
1286 773 1397 810 verbis,
1416 780 1434 791 ⁴·
1449 775 1549 815 prima
1573 776 1692 807 decima
1716 778 1851 808 dabatur

1095 824 1324 854 sacerdoti—f*

991 878 1040 909 11.
1059 878 1208 919 Ejusdem
1225 879 1302 910 liber
1314 880 1352 910 (le
1365 880 1499 921 quinque
1516 883 1659 923 septenis.
1683 883 1733 913 fol.
1752 893 1809 922 174
1823 884 1850 913 b.

1119 931 1182 962 Tit.
1202 936 1219 948 “
1235 932 1350 973 Incipit
1366 932 1444 963 liber
1460 933 1504 964 H.
1522 934 1568 964 (le.
1587 934 1618 964 S.
1638 935 1808 976 Septenis.”

1120 982 1220 1024 Incip.
1238 988 1255 999 ‘⁴
1269 983 1415 1024 Quinque
1435 989 1573 1025 septena,
1590 985 1697 1022 frater,
1714 987 1743 1015 in
1766 997 1851 1016 sacra

1097 1034 1281 1074 scriptura.”

991 1089 1041 1119 12.
1059 1088 1090 1119 S.
1107 1089 1249 1120 Anselmi
1271 1101 1372 1120 sermo
1395 1090 1426 1120 in
1448 1091 1543 1125 istud.
1558 1096 1576 1108 “
1594 1092 1726 1122 Intravit
1746 1092 1853 1122 ihesus

1077 1141 1108 1171 in
1125 1142 1281 1182 quoddam
1298 1142 1487 1173 castellum?
1510 1143 1562 1173 fol.
1583 1153 1637 1183 175
1656 1143 1684 1173 b.

1122 1193 1212 1224 Inter
1228 1205 1334 1234 opera,
1355 1203 1444 1233 1721,
1462 1205 1514 1235 pp.
1529 1196 1600 1231 640,
1620 1197 1684 1233 178.

993 1250 1040 1280 13.
1059 1249 1209 1290 Ejusdem
1220 1255 1378 1281 tractatus
1388 1251 1426 1281 (le
1436 1251 1637 1292 conceptione
1647 1251 1682 1281 B.
1690 1252 1724 1280 V.
1736 1251 1854 1281 Marium

1076 1300 1125 1330 sol.
1149 1303 1204 1338 176
1218 1301 1249 1331 b.

1119 1351 1180 1382 Tit.
1200 1352 1350 1392 “Incipit
1376 1357 1532 1383 tractatus
1557 1352 1697 1383 Anselmi
1723 1353 1760 1383 (le
1785 1364 1854 1382 cou-

1098 1403 1242 1444 cepcione
1259 1403 1296 1434 B.
1312 1403 1478 1445 Vi1·ginis.”

1122 1455 1202 1485 Ibid.
1219 1466 1247 1496 p.
1260 1466 1334 1496 499.

992 1515 1041 1545 14.
1061 1515 1221 1555 Ejusdem,
1234 1516 1313 1557 [sive
1331 1516 1508 1556 Eaklmeri}
1521 1517 1558 1546 de
1575 1516 1757 1547 excellentia
1772 1516 1853 1546 BN.

1078 1566 1189 1597 Mariae
1208 1573 1373 1598 tractatus.
1398 1568 1449 1598 fol.
1471 1570 1538 1598 181.

1121 1618 1202 1648 Ibid.
1220 1619 1305 1659 App.
1324 1630 1354 1660 p.
1372 1629 1440 1660 135.

991 1678 1041 1707 15.
1059 1677 1208 1719 Ejusdem
1224 1675 1410 1720 Deploratio
1420 1679 1623 1721 Virginitatis
1640 1679 1780 1720 perditae.
1805 1679 1854 1709 fol.

1080 1730 1136 1769 185
1151 1729 1179 1760 b.

1120 1779 1236 1810 Deficit
1246 1780 1276 1810 in
1288 1780 1400 1818 verbis,
1408 1780 1637 1821 “turpitudinis
1647 1786 1748 1811 terror
1759 1780 1855 1810 horri-

1097 1831 1239 1868 bilis—,⁸³
1254 1831 1328 1862 ibid.
1346 1843 1375 1873 p.
1391 1842 1460 1871 209,
1480 1832 1513 1863 O.
1527 1843 1556 1874 3.

992 1890 1040 1921 16.
1060 1890 1102 1921 H.
1116 1891 1154 1921 de
1171 1891 1202 1921 S.
1216 1891 1342 1922 Victore
1356 1892 1472 1933 [potius
1486 1892 1516 1922 S.
1529 1892 1709 1933 Augustini]
1727 1893 1764 1922 de
1780 1893 1854 1922 abu-

1076 1943 1197 1973 sionum
1212 1943 1360 1984 gradibus
1376 1943 1446 1974 libri
1463 1944 1681 1984 fragmentum.
1705 1944 1756 1973 fol.
1775 1945 1839 1973 180.

1121 1994 1218 2035 Incip.
1246 2000 1263 2011 *⁴
1273 1995 1428 2026 -—-bue1·at
1459 1995 1583 2026 humilis
1612 1997 1797 2036 apparens.”
1821 2002 1853 2024 ut

1097 2045 1179 2076 inter
1195 2046 1225 2076 S.
1238 2046 1406 2087 Augustin.
1424 2047 1503 2087 Opp.
1517 2047 1554 2077 vi.
1572 2047 1654 2088 App.
1671 2057 1686 2077 2
1697 2057 1740 2085 ¹4·

992 2106 1041 2137 17.
1060 2106 1211 2147 Ejusdem
1223 2107 1262 2137 de
1274 2107 1390 2137 virtute
1407 2107 1516 2137 orandi
1532 2107 1661 2137 libellus.
1688 2106 1738 2136 fol.
1758 2108 1810 2136 186
1827 2106 1853 2134 1ι,

1120 2157 1210 2188 Inter
1224 2169 1319 2199 opera
1335 2163 1411 2188 tom.
1425 2158 1455 2189 ii.
1474 2158 1525 2189 fol.
1542 2168 1610 2188 110.

992 2217 1041 2247 18.
1059 2217 1210 2258 Ejusdem
1227 2218 1264 2248 de
1280 2218 1375 2249 arrha
1391 2218 1513 2249 animae.
1537 2218 1567 2248 ff.
1591 2218 1645 2248 183
1660 2218 1688 2253 b,
1713 2226 1777 2256 174.

1121 2268 1202 2299 Ibid.
1218 2272 1294 2300 tom.
1309 2269 1339 2300 ii.
1356 2269 1408 2300 fol.
1429 2279 1488 2309 104
1500 2269 1529 2299 b.

992 2329 1042 2362 19.
1061 2329 1242 2370 Sequuntur
1256 2328 1319 2360 alia
1335 2329 1397 2359 duo
1413 2329 1591 2369 fragmenta
1611 2339 1649 2358 ex
1672 2327 1805 2368 Hugone
1822 2331 1852 2357 et

1078 2380 1109 2410 S.
1126 2380 1287 2416 Anselmo,
1304 2384 1339 2411 ut
1355 2380 1511 2416 videntur,
1527 2379 1701 2419 desumpta.

1121 2431 1158 2462 In
1174 2432 1226 2463 fol.
1247 2442 1257 2462 1
1273 2432 1302 2462 b.
1326 2436 1470 2462 notatum
1495 2435 1552 2466 est,
1578 2438 1594 2446 ··
1614 2430 1714 2460 Istum
1741 2429 1851 2459 librum

1099 2483 1172 2514 fecit
1194 2483 1333 2524 reparari
1356 2482 1512 2523 Magister
1527 2481 1547 2511 J
1552 2481 1688 2511 ohannes
1710 2480 1853 2520 Burbag(¹

1098 2546 1186 2566 sacre
1209 2535 1321 2576 pagine
1343 2534 1499 2576 professor
1509 2533 1537 2567 3⁵⁵
1560 2538 1589 2563 et
1607 2532 1637 2562 in
1653 2532 1703 2561 sol.
1723 2541 1738 2561 2
1757 2542 1852 2572 marg.

1098 2597 1200 2628 super.
1219 2592 1236 2603 ‘⁸
1251 2586 1345 2616 Liber
1360 2586 1471 2616 domus
1489 2583 1653 2614 scolarium
1670 2583 1707 2612 (le
1726 2582 1852 2613 Mei-ton

1099 2649 1137 2668 ex
1166 2637 1271 2678 legato
1301 2635 1442 2676 magistri
1472 2634 1493 2664 J
1497 2634 1545 2664 oh.
1574 2633 1737 2674 Raynham
1769 2644 1853 2663 sacre

1099 2688 1210 2729 pagine
1234 2686 1416 2729 professoris
1440 2690 1471 2716 et
1497 2684 1653 2726 quondam
1678 2683 1750 2713 socii
1776 2684 1853 2724 ejus-

1097 2740 1168 2770 dem
1187 2739 1306 2774 domus,
1324 2738 1411 2778 cujus
1426 2736 1527 2767 anime
1546 2735 1734 2776 propicietur
1751 2735 1854 2770 Deus;

1099 2789 1231 2820 Amen.'’

1140 2844 1162 2867 D
1183 2842 1199 2862 2
