2254 3117
355 160 402 194 78

359 994 407 1023 10.

360 1101 410 1130 11.

363 1206 411 1235 19,

364 1363 412 1393 13.

365 1469 413 1498 14.

366 1575 415 1604 15.

367 1678 415 1710 16.

369 1839 419 1870 17.

372 2047 422 2077 18.

373 2204 423 2237 19.

374 2306 424 2335 20.

375 2460 425 2490 21.

378 2665 428 2694 22.

909 145 1207 183 CATALOGUS
1232 144 1465 181 CODICUM
1492 143 1601 178 MSS.

424 252 517 284 Liber
534 248 728 291 Microtcgni‚
745 247 791 278 vel
807 247 844 277 de
860 249 1024 288 spermate.
1048 245 1099 276 fol.
1113 254 1154 285 34
1165 244 1195 275 b.

482 303 580 343 Incip.
598 306 615 319 ‘⁶
629 301 758 342 Sperma
772 297 932 329 llominis.”

400 385 406 390 .
422 359 472 390 De
488 358 538 389 xii.
555 356 648 398 signis
664 356 709 386 vel
725 354 833 396 portis.
856 353 971 393 f01-37·

483 409 580 449 Incip.
600 412 617 424 ‘⁶
631 406 794 437 Sciendum
811 404 920 446 quod.”

400 466 550 496 .Secreta
574 462 695 494 Galicni
722 473 741 492 a
767 461 916 502 magistro
943 459 1084 490 Gerardo
1110 459 1231 490 Cremo-

440 515 525 546 nensi
547 514 701 545 translata
721 513 758 543 do
780 511 915 542 Arabico
938 511 969 541 in
989 510 1143 547 Latinum,
1164 520 1232 540 cum

440 565 618 607 interpretis
634 564 822 605 111-’0111110110
847 562 898 593 fol.
912 573 952 603 39
965 562 993 592 b.

484 616 580 658 Incip.
598 621 616 633 ‘⁶
629 615 757 657 Rogasti
774 626 822 645 me
837 613 961 645 ainice.”

400 699 406 704 .
424 674 471 705 De
486 677 574 704 tactu
591 672 704 713 pulsus.
728 671 776 702 fol.
793 683 811 709 4
815 680 843 712 5.

483 724 581 765 Ineip.
599 728 616 740 “
631 723 782 763 Quoniam
798 723 828 752 in
844 721 940 752 arte.''

400 805 405 810 .
423 780 473 811 De
489 779 624 810 motibus
640 778 762 819 liquidis
777 781 809 808 ct
824 776 935 807 fluidis.
961 775 1011 806 fol.
1023 785 1073 815 51.

486 830 581 872 Incip.
600 834 618 847 “
632 829 779 861 Galienus
794 828 893 869 inquit
906 827 1085 868 quoniam.”

402 911 407 917 .
425 886 472 917 De
488 896 560 916 voce
576 889 608 916 et
623 884 770 916 anhelitu.
795 883 844 914 fol.
859 892 909 924 55.

486 936 582 978 Incip.
600 940 618 954 “
631 936 722 967 Dixit
739 936 777 965 G.
794 935 819 965 si
836 933 966 964 nervis.”

425 992 473 1023 De
483 991 672 1034 juvamentis
687 990 902 1020 membrorum.
928 988 978 1019 sol.
992 989 1031 1029 56
1045 988 1075 1017 b.

488 1042 583 1084 Incip.
602 1046 620 1060 ‘⁴
634 1041 740 1083 Inquit
756 1041 902 1072 Galienus
918 1040 1000 1081 quod
1016 1039 1175 1080 corpora.”

427 1099 474 1130 De
490 1097 695 1129 interioribus.
721 1097 771 1127 fol.
786 1097 834 1135 76.

490 1148 586 1190 Incip.
603 1152 621 1165 ‘⁶
635 1148 827 1178 Medicorum
843 1158 903 1177 non
919 1145 1049 1176 solum.''

428 1203 647 1245 Mega-Tegni,
663 1202 724 1233 sire
741 1202 802 1232 Ars
821 1212 941 1241 magna,
959 1200 1127 1241 interprete
1145 1199 1238 1241 [Con-

447 1255 613 1295 stantino],
629 1265 697 1285 cum
713 1253 903 1295 proesationc.
927 1252 976 1282 fol.
995 1260 1049 1290 107
1064 1251 1092 1281 b.

491 1305 587 1347 Incip.
605 1309 624 1322 ‘⁴
639 1304 783 1344 Quamvis
799 1303 959 1334 karissime
975 1303 1017 1333 fili
1033 1302 1221 1332 Johannes.’'

429 1361 480 1393 De
495 1361 602 1392 morbo
618 1364 649 1391 et
665 1359 831 1390 accidente.
855 1358 906 1388 fol.
924 1368 980 1398 135
994 1357 1022 1387 b.

491 1411 587 1452 Incip.
606 1415 623 1428 ‘⁶
640 1410 675 1440 111
692 1409 781 1439 1111010
797 1408 886 1449 liujus
902 1407 999 1438 libri.”

431 1467 478 1498 De
494 1467 573 1497 crisi.
598 1465 649 1496 fol.
666 1475 723 1505 154
737 1464 765 1494 b.

493 1518 588 1558 Incip.
607 1521 624 1534 ⁸‘
638 1516 706 1557 Ego
722 1526 782 1545 nou
799 1513 952 1544 intendo.”

432 1573 480 1604 De
496 1571 610 1603 criticis
627 1571 744 1601 dicbus.
768 1569 818 1600 fol.
834 1570 892 1608 176
906 1568 933 1598 b.

494 1623 590 1664 Incip.
609 1627 626 1639 ‘⁴
642 1621 859 1662 Egritudinum
876 1619 962 1660 que.⁵'

432 1679 481 1710 De
500 1676 679 1708 differentiis
698 1675 839 1713 febrium,
856 1673 1056 1705 “translatus
1070 1683 1090 1704 a
1105 1672 1244 1714 Burgun-

451 1730 540 1761 dionc
556 1741 575 1760 a
591 1730 691 1760 Greco
707 1728 738 1757 in
756 1726 931 1757 Latinuin.”
953 1725 1004 1755 fol.
1021 1735 1090 1766 193.

496 1781 591 1821 Incip.
609 1785 626 1797 ⁴⁴
640 1778 823 1809 Differencie
839 1777 1000 1807 febrium.’'

435 1836 485 1868 De
500 1835 680 1867 differentiis
697 1834 849 1875 pulsuum.
874 1833 924 1863 fol.
942 1841 999 1863 202
1013 1832 1042 1862 b.

498 1888 592 1928 Incip.
611 1892 628 1903 ²⁴
643 1887 841 1925 Quocumque
855 1884 943 1914 hiis.”

498 1937 644 1979 Sequitur
659 1936 777 1967 libellus
793 1934 990 1966 Constantini
1006 1933 1145 1964 Africani
1164 1932 1247 1963 libel-

476 1989 525 2020 lus
540 1989 578 2019 de
594 1988 753 2023 oblivione.
771 1987 860 2027 incip.
879 1990 895 2002 “
909 1985 1054 2016 Pervenit
1069 1985 1109 2016 ad
1125 1984 1209 2015 nos.''

439 2045 487 2076 De
502 2043 602 2075 causis
618 2042 731 2084 pulsus.
756 2041 805 2072 fol.
823 2042 882 2073 206
895 2041 923 2071 b.

500 2094 595 2135 Incip.
614 2098 631 2110 “
645 2093 713 2123 Has
729 2092 882 2134 quidamf'

500 2145 676 2177 Succedunt
692 2147 811 2174 secreta
828 2142 1038 2184 Hippocratis.

440 2203 488 2234 De
503 2201 649 2243 regimine
666 2199 825 2230 Sanitatis.
849 2198 900 2246 sol.
915 2200 986 2228 216.

499 2253 598 2294 Incip.
615 2256 632 2268 “
646 2251 735 2290 Quod
750 2261 769 2280 a
783 2250 1021 2290 temperancia.”

442 2304 490 2335 De
505 2301 669 2338 alimentis,
685 2301 853 2341 interprete
866 2300 936 2330 Gul.
951 2300 988 2330 de
1002 2299 1165 2335 Morbeka,
1182 2308 1251 2329 cum

459 2353 640 2396 praefationc
655 2352 695 2382 ad
712 2351 867 2381 Roscllum
883 2351 920 2380 (le
936 2351 1055 2382 Aretio.
1076 2351 1126 2382 fol.
1141 2360 1198 2392 233
1211 2350 1239 2380 b.

503 2406 598 2446 Incip.
617 2409 634 2421 ⁴⁴
649 2404 685 2434 In
700 2403 759 2433 hiis
774 2403 1029 2433 t1·a11sferunt111·.”

442 2458 492 2489 De
510 2457 611 2499 rigore
631 2459 663 2486 et
682 2460 824 2490 tremore,
844 2453 1042 2484 “translatus
1060 2452 1252 2484 Barchinone

460 2521 479 2541 a
504 2520 545 2540 m.
570 2507 709 2539 Arnaldo
738 2506 776 2536 dc
799 2505 996 2546 Villa-Nova,
1021 2516 1103 2536 anno
1127 2504 1252 2535 Domini

460 2559 675 2600 m.ce.lxxxij.”
698 2557 748 2588 fol.
764 2557 823 2597 256
837 2556 866 2586 b.

504 2611 605 2652 Incip.
619 2615 636 2627 ‘⁴
650 2608 801 2649 Quoniam
818 2606 1052 2648 Anaxag01·as.”

444 2662 495 2694 De
507 2660 776 2702 complexionibus,
789 2669 858 2688 cum
870 2657 1048 2698 interpretis
1062 2656 1251 2698 praefatione.
1296 2690 1299 2695 ,

462 2713 513 2745 fol.
529 2714 599 2753 263.

506 2763 603 2805 Incip.
622 2766 640 2780 ‘⁶
652 2762 853 2802 Summa-que
869 2762 940 2790 sunt
956 2758 987 2789 in
1004 2759 1170 2790 sermone.''

1282 243 1332 273 2²3.
1350 242 1399 273 De
1415 241 1536 272 malicia
1551 239 1770 280 complexionis
1785 239 1923 270 diversae.
1946 239 1996 270 fol.
2011 240 2070 271 280
2081 240 2110 271 b.

1410 293 1507 334 Incip.
1526 296 1544 310 ‘⁶
1558 292 1684 323 Malicia
1699 290 1919 332 complexionis
1935 291 2083 322 diverse.”

1284 346 1334 375 24.
1352 343 1401 375 De
1417 343 1544 385 simplici
1560 343 1720 373 medicina.
1744 342 1794 372 fol.
1810 342 1878 382 283.

1413 394 1508 435 Incip.
1526 398 1544 410 “
1558 394 1626 424 Non
1642 393 1715 423 1111111
1732 403 1853 423 neccsse
1868 393 1943 423 est.''

1285 447 1334 476 25.
1352 445 1401 476 De
1417 444 1538 485 ingenio
1553 444 1707 475 sanitatis.
1730 444 1780 473 fol.
1795 453 1866 484 330.

1412 495 1509 536 Incip.
1527 500 1544 512 “
1558 495 1684 526 1.,11)1·11111
1700 496 1738 525 (10
1754 494 1903 535 ingenio.”

1286 547 1336 578 26.
1352 547 1403 577 Ad
1421 547 1608 577 Glauconem
1625 551 1768 587 nepotem
1784 556 1882 575 suum.
1907 545 1957 576 fol.
1971 546 2031 586 389
2045 545 2073 576 b.

1414 598 1510 639 Incip.
1529 602 1546 615 ‘⁶
1559 597 1591 627 Si
1608 597 1674 638 quis
1690 596 1838 627 11110111οῘἾ

1414 649 1520 679 Desin.
1538 649 1568 679 in
1589 649 1640 679 lib.
1657 649 1705 679 vii.
1727 660 1793 689 cap.
1811 652 1828 664 ‘⁶
1841 648 1878 678 de
1899 651 2041 683 tremore,
2059 647 2109 688 qui
2127 647 2164 678 fit

1393 700 1423 730 in
1439 700 1539 731 acutis
1554 700 1716 730 febribus.”

1416 751 1453 781 111
1471 751 1572 781 fronte
1595 751 1706 781 codicis
1727 754 1869 781 notatum
1888 753 1945 787 est,
1963 754 1980 767 ‘⁸
1994 749 2059 781 Iste
2078 749 2165 787 liber,

1394 802 1425 833 in
1446 813 1505 843 quo
1527 802 1723 833 continentur
1744 812 1850 831 omnes
1869 801 1938 831 libri
1957 801 2088 838 Galicni,
2108 801 2166 832 fuit

1393 853 1534 894 magistri
1565 852 1715 893 Stephani
1749 853 1786 882 (10
1817 852 1980 889 Cornubia,
2012 852 2166 893 quondam

1395 904 1467 935 socii
1491 905 1599 934 (lomus
1627 904 1788 934 scolarium
1811 904 1849 934 (10
1871 903 1991 934 Baliolo
2014 904 2114 934 Oxon.
2136 906 2168 934 et

1395 955 1530 985 doctoris
1552 955 1583 985 in
1602 955 1754 985 medicina
1773 955 1929 995 Parysius,
1945 958 1976 985 et
1996 954 2113 985 dimisit
2132 953 2166 984 il-

1395 1006 1459 1036 lum
1475 1007 1514 1037 ad
1531 1017 1618 1036 usum
1635 1006 1773 1047 magistri
1791 1006 1923 1036 Simonis
1941 1006 1979 1036 de
1997 1005 2167 1042 Holbecho,

1396 1061 1470 1088 tuno
1491 1057 1631 1098 magistri
1651 1057 1681 1086 in
1702 1057 1821 1087 artibus
1842 1062 1873 1087 ct
1894 1057 1966 1087 socii
1988 1056 2034 1087 sui
2054 1056 2168 1087 ibidem

1397 1113 1429 1139 et
1444 1114 1586 1150 preterea
1601 1108 1736 1138 doctoris
1756 1108 1786 1138 in
1806 1108 1956 1138 medicina
1974 1119 2010 1138 ao
2028 1107 2101 1138 socii
2116 1107 2168 1137 do—

1398 1171 1466 1190 mus
1498 1159 1661 1189 scolarium
1692 1159 1796 1189 Sancti
1827 1159 1913 1189 Petri
1941 1158 2087 1190 Cantabr.
2119 1158 2170 1199 qui

1399 1211 1492 1241 istum
1512 1210 1625 1240 librum
1645 1209 1676 1240 in
1696 1213 1884 1240 testamento
1900 1221 1955 1240 suo
1971 1209 2125 1240 ordinavit
2139 1213 2172 1239 et

1398 1262 1513 1304 legauit
1529 1262 1677 1303 magistro
1693 1266 1725 1292 et
1745 1261 1912 1292 scolaribus
1933 1261 2042 1292 domus
2057 1261 2095 1292 (10
2110 1260 2169 1292 Bae

1398 1314 1470 1344 11010
1486 1313 1624 1353 predicte
1645 1313 1675 1343 in
1695 1316 1877 1354 perpetuum
1892 1313 2057 1343 eorundem
2072 1322 2170 1349 usum,

1399 1365 1444 1395 ita
1467 1365 1547 1405 quod
1571 1364 1699 1405 predicti
1728 1363 1875 1404 magister
1896 1367 1928 1394 et
1951 1363 2083 1394 scolares
2107 1363 2171 1394 ani-

1400 1425 1482 1445 mam
1504 1415 1577 1445 dicti
1599 1414 1737 1455 magistri
1759 1413 1908 1454 Stephani
1929 1417 1961 1444 et
1980 1412 2076 1444 Suani
2096 1413 2167 1454 [sic]

1401 1467 1431 1497 in
1451 1467 1513 1497 suis
1535 1466 1724 1496 orationibus
1745 1469 1777 1496 et
1798 1465 1903 1500 missis,
1917 1464 1998 1495 inter
2017 1475 2088 1495 suos
2110 1474 2171 1495 mo-

1402 1518 1485 1548 dicos
1500 1517 1713 1548 benefactores
1725 1516 1861 1547 habeant
1874 1515 2047 1556 specialiter
2058 1525 2171 1546 recom-

1401 1569 1600 1605 mendatam3
1626 1567 1731 1608 script.
1754 1567 1901 1598 Cantabr.
1924 1566 1975 1608 xij.
1996 1566 2057 1597 kal.
2078 1566 2169 1597 Febr.

1401 1631 1483 1651 anno
1506 1619 1632 1650 Domini
1655 1629 1761 1649 m.cec.
1771 1618 1874 1648 xxxiv.
1918 1617 2004 1648 Obiit
2026 1617 2173 1659 magister

1404 1671 1509 1702 Simon
1529 1671 1566 1701 de
1587 1670 1747 1700 Holbeche
1768 1669 1864 1700 tercio
1886 1669 1947 1700 kal.
1964 1668 2076 1700 Octob.
2091 1678 2173 1699 anno

1404 1722 1528 1754 Domini
1547 1721 1714 1763 predict0.”

1576 1797 1802 1832 CCXXXII.
1834 1798 1895 1841 (A.)

1300 1862 1419 1896 Codex
1437 1861 1728 1899 membranaceus,
1746 1861 1782 1893 in
1800 1859 1881 1893 folio
1899 1859 2029 1904 majori,
2045 1857 2079 1892 ff.
2092 1861 2173 1899 292,

1325 1931 1390 1954 sec.
1410 1920 1489 1959 xiV.,
1511 1919 1599 1952 binis
1625 1917 1793 1951 columnis
1816 1922 1985 1957 exaratus,
2004 1921 2042 1950 et
2063 1917 2174 1962 quoad

1325 1978 1440 2011 literas
1463 1976 1611 2010 initiales
1636 1976 1747 2020 pictus
1771 1980 1807 2008 et
1830 1979 1990 2015 auratus3
2017 1986 2061 2009 ex
2085 1975 2174 2008 dono

1326 2034 1425 2068 Will.
1445 2033 1546 2078 Gray.

1343 2094 1522 2126 Aristotelis
1542 2103 1635 2134 opera
1653 2091 1738 2122 varia
1757 2095 1823 2122 tam
1844 2102 1882 2122 ex
1902 2090 2031 2132 antiqua
2051 2093 2116 2121 tam
2136 2101 2174 2121 ex

1365 2157 1444 2177 nova
1458 2145 1615 2179 versione;
1640 2143 1764 2179 scilicet,

1324 2199 1352 2228 1.
1369 2197 1569 2238 Physicorum
1585 2194 1654 2224 libri
1669 2197 1750 2224 octo.
1774 2193 1824 2223 fol.
1841 2203 1867 2225 2.

1428 2248 1490 2278 Tit.
1508 2251 1525 2263 “
1538 2245 1652 2286 Incipit
1672 2244 1788 2286 primus
1807 2244 1884 2274 liber
1903 2243 2087 2285 phisicorum
2103 2243 2174 2274 Ari-

1407 2298 1520 2329 stotilis
1536 2295 1742 2338 philosophi.”

1428 2349 1525 2389 Incip.
1544 2352 1561 2365 ‘⁶
1575 2347 1726 2386 Quoniam
1741 2345 1865 2386 quidem
1880 2345 2076 2387 intelligere.”

1323 2403 1353 2433 2.
1369 2401 1416 2432 De
1432 2400 1494 2430 celo
1509 2403 1541 2429 et
1557 2398 1680 2428 mundo.
1703 2397 1753 2428 fol.
1766 2407 1805 2437 43
1819 2396 1848 2426 b.

1431 2451 1526 2491 Incip.
1544 2455 1561 2466 ²²
1574 2449 1623 2480 De
1637 2452 1750 2479 natura
1765 2447 1923 2478 scientia.'’

1325 2505 1353 2534 3.
1372 2503 1419 2533 Dc
1433 2500 1632 2543 generatione
1647 2502 1679 2529 et
1694 2497 1899 2538 corruptione.
1923 2496 1974 2527 fol.
1987 2505 2035 2535 70.

1432 2552 1527 2593 Incip.
1545 2556 1562 2568 ‘⁴
1575 2551 1625 2581 De
1640 2549 1838 2591 generacione
1852 2548 1985 2580 autem.''

1327 2607 1354 2636 4.
1372 2604 1606 2636 Metheororum
1621 2601 1689 2631 libri
1707 2603 1847 2641 quatuor.
1871 2598 1921 2629 fol.
1936 2600 1985 2640 85.

1431 2654 1528 2695 Incip.
1548 2658 1565 2670 ‘⁶
1578 2653 1626 2683 De
1641 2651 1746 2693 primis
1763 2650 1916 2691 quidem.”

1434 2706 1470 2735 In
1485 2705 1578 2741 calce,
1595 2702 1759 2744 “Explicit
1774 2701 1851 2732 liber
1866 2700 2065 2732 Metheorum
2079 2703 2178 2731 trans-

1411 2756 1534 2788 lationis
1550 2754 1656 2786 nove.”
