2254 3117
355 170 400 201 22
918 164 1217 200 CATALOGUS
1242 166 1474 201 CODICUM
1503 166 1610 201 MSS.

481 262 577 303 Incip.
604 273 679 292 sum.
705 265 722 278 ‘⁴
738 261 843 302 Hujus
867 262 994 303 proemii
1018 263 1133 293 domini
1156 263 1230 294 Jus-

459 313 567 344 tiniani
591 312 777 343 sententiam
794 317 902 353 aperte
917 314 1232 354 comprehendimus.”

374 367 402 395 53.
422 364 557 395 Materia
571 364 610 394 ad
629 363 819 394 Pandectam
832 365 1000 395 seeundum
1011 363 1034 395 J
1036 365 1085 395 ob.
1102 365 1152 395 fol.
1165 366 1230 406 185.

482 415 575 456 Incip.
601 419 618 431 “
635 414 673 444 In
695 414 829 452 nomine,
852 419 910 446 etc.
955 415 1145 457 Principium
1169 427 1231 446 om-

458 465 540 494 nium
557 464 688 494 rerum.''

374 517 401 545 4.
419 514 545 545 Summa
569 514 842 553 Auffienticmum,
867 515 929 546 sive
955 516 1163 554 Novellarum,
1187 528 1230 547 se-

434 566 567 596 cundum
582 565 657 596 Job.
682 565 732 597 fol.
752 576 804 606 ¹93
823 566 853 596 b.

478 617 574 658 Incip.
592 621 609 634 “
624 617 717 647 Liber
732 617 800 654 iste,
818 628 909 659 quem
925 618 1090 650 donante.”

371 670 399 698 5.
417 667 544 698 Summa
567 668 661 699 trium
688 668 836 698 librorum
863 669 984 700 Codicis
1014 671 1228 711 posteriorum.

433 719 484 749 fol.
505 729 573 756 20⁴-

476 769 572 811 Incip.
590 774 608 786 “
622 769 745 801 Credidi
761 770 917 811 quondam
933 770 1074 801 (lebere.”

369 825 396 854 6.
415 825 601 856 Additiones
616 825 731 866 partim
745 836 784 855 ex
796 825 920 856 domino
933 825 1090 856 Odofredo
1102 826 1139 856 de
1152 836 1230 855 novo

432 874 544 905 Codice
560 875 710 906 faciendo.
734 875 785 905 fol.
803 885 874 913 214.

475 926 573 968 Incip.
597 931 616 944 ‘⁴
633 927 697 957 Sub
719 927 842 958 rubrica
862 928 951 969 primi
974 928 1060 963 libri;
1088 933 1147 959 etc.
1188 929 1229 958 A·

453 981 541 1018 perte
578 978 770 1019 exprimere3
805 990 877 1009 nam
901 979 1024 1021 proprie
1049 980 1163 1010 dicitur
1186 980 1228 1010 in-

453 1029 670 1070 terpretacio.”

755 1123 835 1157 LX.

348 1185 468 1220 Codex
489 1186 781 1226 membranaceus,
797 1187 830 1219 in
850 1186 930 1220 folio
949 1187 1078 1231 majori,
1097 1187 1130 1220 ff.
1146 1189 1225 1226 201,

373 1255 439 1277 sec.
454 1244 525 1278 xiii.
544 1244 705 1284 ineuntis,
724 1244 812 1278 binis
838 1245 1006 1278 columnis
1030 1245 1118 1278 bene
1146 1257 1226 1279 exa-

373 1306 468 1336 ratus
486 1306 522 1335 et
540 1308 704 1336 servatus.

391 1363 418 1392 1.
436 1362 467 1392 S.
480 1361 632 1393 Bernardi
653 1362 777 1393 abbatis
800 1362 1054 1398 Claraevallensis‚
1071 1374 1226 1393 sermones

454 1412 515 1442 duo
530 1411 561 1442 in
580 1412 628 1442 die
646 1412 677 1442 S.
691 1413 826 1443 Andreae
842 1413 985 1454 apostoli.
1007 1413 1057 1443 fol.
1079 1424 1104 1444 1.

495 1461 594 1503 Incip.
611 1473 639 1492 a.
657 1466 674 1479 “
688 1462 873 1494 Sanctorum
889 1464 968 1494 festa
984 1464 1156 1505 precipua.”
1196 1464 1223 1494 b.

479 1513 581 1543 Hodie
596 1513 763 1554 gloriosmn
778 1514 814 1544 B.
829 1514 954 1545 Andree
965 1515 991 1551 3⁹*
1014 1520 1048 1546 ut
1064 1515 1144 1546 inter
1155 1526 1225 1556 ope-

474 1575 520 1600 ra,
537 1566 627 1604 1690,
644 1572 717 1595 tom.
734 1565 754 1595 i.
771 1565 827 1595 col.
843 1566 930 1606 1058.

391 1621 419 1650 2.
437 1619 467 1650 S.
491 1619 635 1660 Gregorii
668 1619 778 1661 Magni
810 1620 988 1661 Registrum
1015 1620 1225 1662 Epistolarum

453 1670 539 1701 libris
555 1670 614 1701 xiv.
631 1671 896 1711 comprehensum.
920 1671 968 1701 fol.
985 1681 1015 1710 4.

495 1721 555 1751 Tit.
570 1720 588 1751 i.
606 1725 624 1738 “
635 1721 772 1761 Registri
787 1722 870 1752 beati
887 1722 1029 1764 Gregorii
1045 1733 1125 1763 pape
1141 1723 1225 1753 urbis

476 1772 573 1803 Rome
588 1771 665 1802 liber
680 1772 797 1813 primus
818 1773 942 1815 incipit;
967 1784 1070 1804 mense
1087 1774 1225 1815 Septem-

475 1823 521 1853 bri
538 1823 706 1854 indictione
721 1824 829 1854 nona.''

498 1874 635 1905 Exstant
651 1874 732 1904 inter
747 1885 850 1915 opera,
866 1879 939 1905 tom.
954 1875 984 1905 ii.
1002 1876 1058 1906 col.
1071 1876 1142 1917 485.

498 1925 536 1955 In
546 1925 636 1962 calce,
649 1929 668 1943 “
680 1925 889 1966 Epistolarum
899 1927 982 1957 beati
994 1927 1133 1968 Gregorii
1146 1938 1224 1968 pape

475 1977 559 2007 urbis
575 1977 673 2007 Rome
688 1977 766 2007 liber
777 1983 906 2018 quartus
921 1978 1055 2009 decimus
1071 1979 1224 2020 explicit.”

738 2077 835 2111 LXI.

350 2140 646 2179 Membranaceus,
660 2139 695 2172 in
710 2139 801 2179 solio,
817 2140 848 2173 ff.
864 2143 943 2180 123,
961 2152 1027 2175 sec.
1042 2141 1121 2181 xiV„
1136 2141 1224 2175 binis

373 2198 540 2232 columnis
557 2202 728 2231 exaratus.

391 2259 418 2288 1.
438 2257 530 2288 Liber
545 2257 701 2294 Averrois,
718 2257 768 2298 qui
785 2257 914 2298 Colliget
933 2258 1054 2295 dicitur,
1068 2259 1099 2288 in
1119 2262 1223 2299 partes

453 2312 571 2350 septem
586 2308 778 2339 distributus.
801 2308 853 2339 fol.
873 2317 901 2345 7.

496 2359 556 2390 Tit.
575 2363 592 2375 ‘⁴
607 2359 699 2389 Liber
714 2358 907 2389 collectorii.”

496 2409 593 2451 Incip.
616 2409 701 2450 praef.
726 2409 924 2445 traductoris,
941 2413 958 2425 ‘⁶
972 2409 1104 2449 Quando
1127 2411 1222 2441 venti-

473 2460 538 2491 lata
553 2460 611 2491 fuit
626 2470 718 2501 super
732 2470 780 2490 me
796 2460 965 2491 voluntas.”

497 2511 533 2541 In
549 2510 641 2547 calce,
664 2514 682 2527 “
699 2510 834 2551 Explicit
857 2510 933 2540 liber
957 2510 1116 2542 Mehemet
1141 2512 1222 2542 Aue-

474 2574 556 2604 royz,
572 2562 622 2604 qui
639 2562 769 2603 Colliget
784 2562 992 2592 nominatur.'²

388 2621 418 2649 22.
435 2618 601 2649 Avicennae
616 2617 694 2648 liber
708 2617 746 2647 de
762 2617 877 2647 viribus
893 2617 1002 2647 cordis.
1025 2617 1075 2647 sol.
1094 2619 1133 2647 62
1149 2617 1178 2647 b.

494 2669 592 2710 Incip.
609 2673 626 2685 ‘⁴
639 2668 762 2700 Creavit
777 2668 862 2698 Dcus
877 2679 915 2698 ex
931 2668 1202 2699 concavitatibus.”

390 2726 417 2755 3.
434 2723 588 2754 Johannis
611 2722 797 2754 Damasceni
814 2721 993 2763 Aphorismi
1016 2733 1085 2753 cum
1109 2723 1222 2754 Isidori

453 2774 681 2806 commentario.
705 2774 755 2805 fol.
769 2776 819 2815 67.

1410 265 1506 306 Incip.
1524 264 1611 305 praes.
1630 268 1647 281 ‘⁶
1661 263 1786 294 Liberet
1801 267 1833 294 te
1849 264 1944 302 Deus,
1960 265 2030 295 filisn

1408 315 1445 345 In
1462 315 1554 351 calce,
1580 319 1597 331 “
1616 314 1795 355 Explieiunt
1818 315 2017 355 amphorismi
2041 315 2161 346 Johan-

1388 367 1434 397 nis
1447 366 1631 396 Damasceni
1647 366 1700 396 filii
1717 365 1893 406 Serapionis
1906 377 1973 396 cum
1986 372 2161 397 commento

1390 417 1538 447 Ysidirif'

1305 469 1332 498 4.
1351 468 1516 498 Avicennae
1529 467 1667 503 Cantica,
1679 467 1741 498 sive
1753 467 1992 498 commentarius
2004 468 2034 498 in
2050 468 2162 499 librum

1367 520 1417 560 qui
1434 519 1611 550 intitulatur
1628 519 1674 548 De
1690 518 1832 559 partibus
1848 518 2017 549 medicinae.
2042 519 2094 550 fol.
2112 520 2160 550 81.

1410 570 1507 611 Incip.
1524 570 1610 610 praef.
1628 574 1646 586 ⁴⁶
1660 569 1831 610 Postquam
1846 569 1967 610 gracias
1979 570 2026 611 egi
2043 570 2141 601 Deos*

1411 620 1509 661 Incip.
1531 626 1694 650 comment.
1717 625 1735 637 ‘⁴
1752 620 1909 651 Medicina
1933 625 1981 652 est
2003 632 2162 652 conserva-

1387 671 1451 705 ci0;
1477 681 1535 702 eto.
1582 671 1649 702 Hec
1666 675 1714 702 est
1729 672 1863 703 difinicio
1879 673 2055 703 medicine.”

1302 723 1330 751 5.
1349 722 1494 752 Averrois
1509 722 1628 752 libellus
1645 723 1682 753 de
1699 723 1859 754 Theriaca.
1884 722 1935 753 fol.
1954 724 2009 754 108
2027 724 2055 754 b.

1408 773 1504 814 Incip.
1523 778 1540 790 “
1554 773 1661 814 Inquit
1682 785 1812 815 magnus
1831 774 1968 805 medicus
1989 773 2117 810 Hamet‚
2130 774 2162 805 id

1387 828 1433 854 est
1447 825 1594 866 Averoys,
1613 825 1784 865 Postquam
1798 825 1920 867 gracias
1935 825 2056 866 egero.”

1409 874 1445 905 ln
1461 875 1554 912 calce,
1570 880 1589 893 “
1605 876 1741 917 Explicit
1762 877 1839 907 liber
1862 877 1900 907 de
1923 876 2055 918 Tyriaca
2077 878 2162 907 Aue-

1386 937 1456 967 roys
1471 927 1575 968 magui
1591 927 1729 958 medici.”

1302 976 1330 1007 6.
1349 977 1494 1008 Averrois
1515 982 1722 1009 commentum
1740 978 1770 1008 in
1787 978 1968 1009 Aristotelis
1988 978 2100 1009 librum
2123 979 2162 1010 de

1361 1029 1563 1069 generatione
1579 1033 1611 1060 et
1627 1029 1834 1071 corruptione.
1858 1030 1909 1060 fol.
1926 1040 1958 1060 11
1970 1040 1994 1061 1.

1408 1080 1503 1121 Incip.
1522 1085 1539 1098 “
1556 1080 1697 1111 Intencio
1720 1080 1860 1121 magistri
1882 1080 1912 1111 in
1934 1081 1992 1112 hoc
2013 1081 2091 1112 libro
2114 1086 2162 1113 est

1384 1132 1466 1172 quod
1483 1136 1607 1172 oportet
1623 1132 1831 1163 determinare
1847 1132 1987 1162 causas.”

1407 1182 1503 1213 Defic.
1524 1183 1554 1213 in
1570 1183 1681 1220 verbis,
1698 1182 1896 1214 “adduxerit
1918 1183 1997 1213 hanc
2022 1183 2160 1224 proposi—

1386 1233 1501 1264 tionem
1517 1235 1632 1274 quans’

1408 1283 1443 1313 In
1464 1284 1552 1315 initio
1576 1284 1731 1315 habentur
1756 1284 1828 1315 solia
1849 1284 2024 1327 rejectanea
2048 1295 2112 1321 sex,
2129 1288 2161 1315 et

1385 1334 1414 1364 in
1431 1335 1512 1365 calce
1528 1339 1672 1377 quatuor,
1690 1335 1720 1365 in
1737 1335 1848 1377 quibus
1868 1335 2066 1366 continentur
2081 1346 2160 1366 com-

1384 1386 1527 1417 mentarii
1564 1387 1666 1417 nescio
1703 1387 1791 1428 cujus
1827 1387 1858 1417 in
1890 1386 2093 1418 Aristotelem
2122 1387 2161 1417 de

1384 1437 1497 1469 anima.

1659 1518 1779 1552 LXII.

1279 1581 1579 1629 Membranaeeus,
1597 1582 1632 1615 in
1650 1581 1743 1621 folio,
1762 1580 1796 1615 ff.
1811 1584 1832 1619 9
1851 1585 1888 1614 et
1906 1583 1989 1621 310,
2007 1592 2072 1615 sec.
2087 1581 2158 1614 xiii.

1301 1641 1468 1679 exeuntis,
1488 1639 1575 1673 binis
1593 1639 1762 1673 columnis
1780 1643 1950 1672 exaratus.

1320 1700 1347 1730 1.
1367 1699 1563 1730 Constantini
1587 1699 1739 1736 Africani,
1766 1699 1829 1729 sive
1864 1699 2082 1739 cujuscumque
2106 1698 2159 1736 sit,

1382 1750 1553 1785 Viaticum,
1570 1750 1600 1780 in
1617 1753 1722 1791 partes
1746 1754 1866 1791 septem
1882 1750 2073 1787 distinctum,
2089 1761 2158 1780 cum

1383 1801 1573 1842 praefatione.
1599 1801 1647 1832 fol.
1668 1812 1692 1831 1.

1426 1853 1541 1884 Exstat
1562 1853 1701 1894 impress.
1717 1853 1800 1883 inter
1820 1851 1920 1882 Isaaci
1936 1851 1956 1882 J
1959 1851 2039 1882 udaei
2063 1863 2157 1894 opera

1402 1907 1434 1934 ct
1449 1904 1531 1934 alibi.

1318 1956 1345 1985 2.
1365 1955 1588 1996 Fragmentum
1614 1954 1732 1997 [Isaaei
1748 1954 1770 1984 J
1773 1954 1851 1984 udaei
1862 1953 1886 1995 3]
1910 1954 2010 1996 operis
2026 1954 2063 1984 de
2079 1954 2156 1996 regi-

1402 2007 1483 2037 mine
1498 2010 1671 2037 acutorum.
1695 2005 1744 2035 fol.
1764 2005 1830 2035 108.

1424 2058 1520 2099 Incip.
1537 2058 1568 2088 in
1583 2057 1692 2094 verbis,
1711 2061 1728 2074 “
1740 2056 1855 2086 morbis
1870 2056 1964 2086 dandi
1976 2055 2106 2086 cibum.''

1423 2109 1528 2139 Desin.
1545 2113 1563 2125 “
1575 2108 1741 2149 aliquando
1757 2107 1939 2138 conveniens
1954 2107 2035 2138 est.'’

1316 2162 1345 2192 3.
1365 2160 1467 2191 Isaaci
1482 2160 1586 2190 Judaei
1599 2160 1675 2190 liber
1690 2159 1728 2189 de
1744 2158 1849 2195 urinis,
1867 2158 2052 2200 [interprete
2073 2158 2152 2190 Con-

1381 2212 1546 2254 stantino]‚
1562 2222 1630 2242 cum
1647 2210 1825 2251 interpretis
1845 2209 1983 2251 prologo.
2007 2209 2058 2240 fol.
2074 2220 2105 2240 11
2116 2220 2140 2240 1.

1402 2263 1500 2304 Incip.
1518 2267 1536 2279 ‘⁴
1550 2263 1588 2292 In
1606 2261 1726 2292 Latinis
1743 2261 1865 2302 quidem
1881 2260 1995 2290 libris.”

1317 2316 1345 2349 4.
1363 2314 1511 2355 Ejusdem
1529 2313 1630 2344 Isaaci
1647 2313 1685 2343 de
1706 2312 1843 2342 febribus
1864 2311 1933 2341 libri
1949 2311 2092 2353 quinque,
2109 2311 2152 2343 in-

1380 2370 1516 2407 terprete
1523 2364 1737 2401 Constantino,
1746 2363 1859 2405 praevio
1870 2363 1996 2405 prologo
2006 2363 2046 2394 ad
2056 2362 2152 2394 filium

1378 2417 1563 2448 Johannem.
1586 2415 1637 2446 fol.
1656 2416 1721 2445 160.

1421 2467 1486 2498 Inc.
1501 2471 1518 2484 “
1529 2467 1681 2506 Quoniam
1697 2470 1728 2497 te
1741 2465 1782 2496 fili
1795 2465 1955 2496 karissime
1966 2465 1986 2495 J
1988 2465 2152 2496 ohannes.''

1314 2522 1343 2550 5.
1362 2519 1509 2560 Ejusdem
1532 2518 1708 2548 Diaetarum
1724 2516 1952 2547 Universalium
1978 2516 2064 2554 liber,
2090 2517 2150 2556 [eo-

1377 2570 1447 2600 dem
1463 2569 1632 2610 interprete
1642 2569 1665 2609 3]
1691 2568 1742 2599 fol.
1758 2577 1816 2609 219
1833 2568 1863 2598 b.

1422 2620 1518 2661 Incip.
1535 2625 1553 2637 “
1566 2620 1654 2659 Quod
1672 2619 1702 2649 in
1717 2619 1825 2661 primis
1840 2618 1950 2660 cogit.”

1314 2671 1342 2702 6.
1360 2671 1507 2712 Ejusdem
1531 2671 1609 2701 liber
1630 2670 1794 2701 diaetarum
1817 2669 2060 2711 particularium,
2085 2671 2149 2710 [eo-

1376 2722 1448 2753 dem
1471 2722 1640 2763 interprete
1650 2722 1687 2762 3]‚
1703 2732 1773 2754 cum
1793 2720 1920 2762 prologo
1941 2723 1973 2751 et
1996 2719 2147 2763 capitulis.

1378 2773 1428 2803 fol.
1447 2774 1516 2804 266.
