<?xml version="1.0" encoding="UTF-8"?>
<!DOCTYPE html PUBLIC "-//W3C//DTD XHTML 1.0 Transitional//EN"
    "http://www.w3.org/TR/xhtml1/DTD/xhtml1-transitional.dtd">
<html xmlns="http://www.w3.org/1999/xhtml" xml:lang="en" lang="en">
 <head>
  <title>
</title>
<meta http-equiv="Content-Type" content="text/html;charset=utf-8" />
  <meta name='ocr-system' content='tesseract 3.04.00' />
  <meta name='ocr-capabilities' content='ocr_page ocr_carea ocr_par ocr_line ocrx_word'/>
</head>
<body>
  <div class='ocr_page' id='page_1' title='image "./cataloguscodicum01coxeuoft_0247.png"; bbox 0 0 2254 3117; ppageno 0'>
   <div class='ocr_carea' id='block_1_1' title="bbox 619 164 1853 209">
    <p class='ocr_par' dir='ltr' id='par_1_1' title="bbox 619 164 1853 209">
     <span class='ocr_line' id='line_1_1' title="bbox 619 164 1853 209; baseline 0.005 -10"><span class='ocrx_word' id='word_1_1' title='bbox 619 164 857 200; x_wconf 89' lang='lat' dir='ltr'>COLLEGII</span> <span class='ocrx_word' id='word_1_2' title='bbox 886 164 1261 201; x_wconf 59' lang='lat' dir='ltr'>MERTONENSIS.</span> <span class='ocrx_word' id='word_1_3' title='bbox 1809 176 1853 209; x_wconf 71' lang='grc'>47</span> 
     </span>
    </p>
   </div>
   <div class='ocr_carea' id='block_1_2' title="bbox 349 263 588 298">
    <p class='ocr_par' dir='ltr' id='par_1_2' title="bbox 349 263 588 298">
     <span class='ocr_line' id='line_1_2' title="bbox 349 263 588 298; baseline -0.004 0"><span class='ocrx_word' id='word_1_4' title='bbox 349 263 588 298; x_wconf 85' lang='lat' dir='ltr'>LXXXVII.</span> 
     </span>
    </p>
   </div>
   <div class='ocr_carea' id='block_1_3' title="bbox 27 325 915 591">
    <p class='ocr_par' dir='ltr' id='par_1_3' title="bbox 27 325 915 591">
     <span class='ocr_line' id='line_1_3' title="bbox 27 325 913 366; baseline -0.002 -5"><span class='ocrx_word' id='word_1_5' title='bbox 27 327 147 362; x_wconf 82' lang='lat' dir='ltr'>Codex</span> <span class='ocrx_word' id='word_1_6' title='bbox 159 327 455 366; x_wconf 86' lang='lat' dir='ltr'>membranaceus,</span> <span class='ocrx_word' id='word_1_7' title='bbox 468 326 502 359; x_wconf 91' lang='lat' dir='ltr'>in</span> <span class='ocrx_word' id='word_1_8' title='bbox 519 325 613 365; x_wconf 86' lang='lat' dir='ltr'>folio,</span> <span class='ocrx_word' id='word_1_9' title='bbox 626 325 661 358; x_wconf 88' lang='lat' dir='ltr'>ff.</span> <span class='ocrx_word' id='word_1_10' title='bbox 674 328 755 364; x_wconf 77' lang='lat'>258,</span> <span class='ocrx_word' id='word_1_11' title='bbox 771 336 913 363; x_wconf 85' lang='lat' dir='ltr'>sec.xv.‚</span> 
     </span>
     <span class='ocr_line' id='line_1_4' title="bbox 51 383 915 429; baseline -0.003 -10"><span class='ocrx_word' id='word_1_12' title='bbox 51 385 139 419; x_wconf 87' lang='lat' dir='ltr'>binis</span> <span class='ocrx_word' id='word_1_13' title='bbox 158 384 327 418; x_wconf 87' lang='lat' dir='ltr'>columnis</span> <span class='ocrx_word' id='word_1_14' title='bbox 352 385 478 429; x_wconf 82' lang='lat' dir='ltr'>partim</span> <span class='ocrx_word' id='word_1_15' title='bbox 504 395 609 417; x_wconf 89' lang='lat' dir='ltr'>manu</span> <span class='ocrx_word' id='word_1_16' title='bbox 631 383 775 428; x_wconf 73' lang='lat' dir='ltr'>Gybbys</span> <span class='ocrx_word' id='word_1_17' title='bbox 801 384 915 427; x_wconf 89' lang='lat' dir='ltr'>cujus-</span> 
     </span>
     <span class='ocr_line' id='line_1_5' title="bbox 50 440 913 486; baseline -0.001 -11"><span class='ocrx_word' id='word_1_18' title='bbox 50 443 129 476; x_wconf 90' lang='lat' dir='ltr'>dam</span> <span class='ocrx_word' id='word_1_19' title='bbox 161 448 342 481; x_wconf 81' lang='lat' dir='ltr'>exaratus;</span> <span class='ocrx_word' id='word_1_20' title='bbox 370 441 453 475; x_wconf 90' lang='lat' dir='ltr'>olim</span> <span class='ocrx_word' id='word_1_21' title='bbox 490 441 627 475; x_wconf 84' lang='lat' dir='ltr'>Ricardi</span> <span class='ocrx_word' id='word_1_22' title='bbox 660 440 913 486; x_wconf 78' lang='lat' dir='ltr'>Scardoburgli,</span> 
     </span>
     <span class='ocr_line' id='line_1_6' title="bbox 50 499 914 544; baseline 0 -11"><span class='ocrx_word' id='word_1_23' title='bbox 50 500 85 533; x_wconf 84' lang='lat' dir='ltr'>S.</span> <span class='ocrx_word' id='word_1_24' title='bbox 100 500 138 533; x_wconf 92' lang='lat' dir='ltr'>T.</span> <span class='ocrx_word' id='word_1_25' title='bbox 151 499 190 533; x_wconf 90' lang='lat' dir='ltr'>P.</span> <span class='ocrx_word' id='word_1_26' title='bbox 211 505 329 544; x_wconf 83' lang='lat' dir='ltr'>postea</span> <span class='ocrx_word' id='word_1_27' title='bbox 356 499 434 533; x_wconf 88' lang='lat' dir='ltr'>coll.</span> <span class='ocrx_word' id='word_1_28' title='bbox 461 499 567 533; x_wconf 88' lang='lat' dir='ltr'>Mert.</span> <span class='ocrx_word' id='word_1_29' title='bbox 593 511 636 532; x_wconf 87' lang='lat' dir='ltr'>ex</span> <span class='ocrx_word' id='word_1_30' title='bbox 665 500 755 532; x_wconf 88' lang='lat' dir='ltr'>dono</span> <span class='ocrx_word' id='word_1_31' title='bbox 773 499 914 533; x_wconf 73' lang='lat' dir='ltr'>Thomae</span> 
     </span>
     <span class='ocr_line' id='line_1_7' title="bbox 50 558 233 591; baseline 0 0"><span class='ocrx_word' id='word_1_32' title='bbox 50 558 233 591; x_wconf 85' lang='lat' dir='ltr'>Bloxham.</span> 
     </span>
    </p>
   </div>
   <div class='ocr_carea' id='block_1_4' title="bbox 68 627 914 770">
    <p class='ocr_par' dir='ltr' id='par_1_4' title="bbox 68 627 914 770">
     <span class='ocr_line' id='line_1_8' title="bbox 68 627 914 669; baseline 0 -12"><span class='ocrx_word' id='word_1_33' title='bbox 68 628 97 657; x_wconf 88' lang='lat'>1.</span> <span class='ocrx_word' id='word_1_34' title='bbox 115 627 330 660; x_wconf 59' lang='grc' dir='ltr'><strong>ΛΜΗ-01111110,</strong></span> <span class='ocrx_word' id='word_1_35' title='bbox 345 627 407 658; x_wconf 79' lang='lat' dir='ltr'>sive</span> <span class='ocrx_word' id='word_1_36' title='bbox 421 627 640 669; x_wconf 80' lang='lat' dir='ltr'>Repertorium</span> <span class='ocrx_word' id='word_1_37' title='bbox 652 627 809 658; x_wconf 84' lang='lat' dir='ltr'>Johannis</span> <span class='ocrx_word' id='word_1_38' title='bbox 823 627 914 657; x_wconf 90' lang='lat' dir='ltr'>Duns</span> 
     </span>
     <span class='ocr_line' id='line_1_9' title="bbox 132 678 913 719; baseline 0.001 -11"><span class='ocrx_word' id='word_1_39' title='bbox 132 678 216 708; x_wconf 89' lang='lat' dir='ltr'>Scoti</span> <span class='ocrx_word' id='word_1_40' title='bbox 241 689 334 719; x_wconf 83' lang='lat' dir='ltr'>super</span> <span class='ocrx_word' id='word_1_41' title='bbox 357 678 490 719; x_wconf 89' lang='lat' dir='ltr'>primum</span> <span class='ocrx_word' id='word_1_42' title='bbox 509 683 540 710; x_wconf 86' lang='lat' dir='ltr'>et</span> <span class='ocrx_word' id='word_1_43' title='bbox 558 679 727 709; x_wconf 89' lang='lat' dir='ltr'>secundum</span> <span class='ocrx_word' id='word_1_44' title='bbox 744 679 913 710; x_wconf 86' lang='lat' dir='ltr'>sententia—</span> 
     </span>
     <span class='ocr_line' id='line_1_10' title="bbox 132 729 665 770; baseline 0.004 -12"><span class='ocrx_word' id='word_1_45' title='bbox 132 740 200 759; x_wconf 90' lang='lat' dir='ltr'>rum</span> <span class='ocrx_word' id='word_1_46' title='bbox 217 729 247 759; x_wconf 91' lang='lat' dir='ltr'>in</span> <span class='ocrx_word' id='word_1_47' title='bbox 265 740 342 770; x_wconf 89' lang='lat' dir='ltr'>opus</span> <span class='ocrx_word' id='word_1_48' title='bbox 360 729 546 760; x_wconf 77' lang='lat' dir='ltr'>parisiense.</span> <span class='ocrx_word' id='word_1_49' title='bbox 571 730 622 760; x_wconf 86' lang='lat' dir='ltr'>fol.</span> <span class='ocrx_word' id='word_1_50' title='bbox 639 741 665 761; x_wconf 91' lang='lat'>1.</span> 
     </span>
    </p>
   </div>
   <div class='ocr_carea' id='block_1_5' title="bbox 84 789 914 1344">
    <p class='ocr_par' dir='ltr' id='par_1_5' title="bbox 175 789 912 832">
     <span class='ocr_line' id='line_1_11' title="bbox 175 789 912 832; baseline 0.003 -13"><span class='ocrx_word' id='word_1_51' title='bbox 175 789 271 830; x_wconf 90' lang='lat' dir='ltr'>Incip.</span> <span class='ocrx_word' id='word_1_52' title='bbox 290 789 309 819; x_wconf 90' lang='lat' dir='ltr'>i.</span> <span class='ocrx_word' id='word_1_53' title='bbox 335 794 354 806; x_wconf 88' lang='lat'><strong>“</strong></span> <span class='ocrx_word' id='word_1_54' title='bbox 371 789 489 820; x_wconf 80' lang='lat' dir='ltr'><strong>Utrum</strong></span> <span class='ocrx_word' id='word_1_55' title='bbox 514 790 600 821; x_wconf 88' lang='lat' dir='ltr'>Deus</span> <span class='ocrx_word' id='word_1_56' title='bbox 627 791 683 821; x_wconf 88' lang='lat' dir='ltr'>sub</span> <span class='ocrx_word' id='word_1_57' title='bbox 711 791 838 832; x_wconf 90' lang='lat' dir='ltr'>propria</span> <span class='ocrx_word' id='word_1_58' title='bbox 862 801 912 821; x_wconf 86' lang='lat' dir='ltr'>ra-</span> 
     </span>
    </p>

    <p class='ocr_par' dir='ltr' id='par_1_6' title="bbox 84 840 914 935">
     <span class='ocr_line' id='line_1_12' title="bbox 152 840 620 883; baseline 0.004 -13"><span class='ocrx_word' id='word_1_59' title='bbox 152 840 235 871; x_wconf 85' lang='lat' dir='ltr'>tione</span> <span class='ocrx_word' id='word_1_60' title='bbox 253 840 391 871; x_wconf 73' lang='lat' dir='ltr'>Deitatis</span> <span class='ocrx_word' id='word_1_61' title='bbox 407 841 505 883; x_wconf 85' lang='lat' dir='ltr'>possit</span> <span class='ocrx_word' id='word_1_62' title='bbox 521 843 620 872; x_wconf 84' lang='lat' dir='ltr'>esse.”</span> 
     </span>
     <span class='ocr_line' id='line_1_13' title="bbox 84 891 914 935; baseline 0.005 -14"><span class='ocrx_word' id='word_1_63' title='bbox 84 917 115 933; x_wconf 17' lang='lat'>„¹</span> <span class='ocrx_word' id='word_1_64' title='bbox 172 891 280 922; x_wconf 84' lang='lat' dir='ltr'>Desiu.</span> <span class='ocrx_word' id='word_1_65' title='bbox 299 893 319 922; x_wconf 93' lang='lat' dir='ltr'>i.</span> <span class='ocrx_word' id='word_1_66' title='bbox 340 897 357 909; x_wconf 81' lang='grc'>“</span> <span class='ocrx_word' id='word_1_67' title='bbox 370 904 426 934; x_wconf 89' lang='lat' dir='ltr'>per</span> <span class='ocrx_word' id='word_1_68' title='bbox 450 894 575 924; x_wconf 90' lang='lat' dir='ltr'>modum</span> <span class='ocrx_word' id='word_1_69' title='bbox 601 894 739 935; x_wconf 79' lang='lat' dir='ltr'>precepti</span> <span class='ocrx_word' id='word_1_70' title='bbox 762 894 805 924; x_wconf 88' lang='lat' dir='ltr'>sic</span> <span class='ocrx_word' id='word_1_71' title='bbox 826 898 914 926; x_wconf 83' lang='lat' dir='ltr'>recta</span> 
     </span>
    </p>

    <p class='ocr_par' dir='ltr' id='par_1_7' title="bbox 151 943 749 985">
     <span class='ocr_line' id='line_1_14' title="bbox 151 943 749 985; baseline 0.005 -13"><span class='ocrx_word' id='word_1_72' title='bbox 151 947 209 978; x_wconf 83' lang='lat' dir='ltr'>est,</span> <span class='ocrx_word' id='word_1_73' title='bbox 227 943 265 973; x_wconf 89' lang='lat' dir='ltr'>de</span> <span class='ocrx_word' id='word_1_74' title='bbox 281 943 342 973; x_wconf 83' lang='lat' dir='ltr'>ista</span> <span class='ocrx_word' id='word_1_75' title='bbox 357 944 519 984; x_wconf 79' lang='lat' dir='ltr'>questione</span> <span class='ocrx_word' id='word_1_76' title='bbox 535 955 630 985; x_wconf 85' lang='lat' dir='ltr'>quere</span> <span class='ocrx_word' id='word_1_77' title='bbox 646 945 749 975; x_wconf 76' lang='lat' dir='ltr'>alibi.”</span> 
     </span>
    </p>

    <p class='ocr_par' dir='ltr' id='par_1_8' title="bbox 150 993 914 1087">
     <span class='ocr_line' id='line_1_15' title="bbox 173 993 914 1037; baseline 0.005 -14"><span class='ocrx_word' id='word_1_78' title='bbox 173 993 269 1035; x_wconf 87' lang='lat' dir='ltr'>Incip.</span> <span class='ocrx_word' id='word_1_79' title='bbox 282 994 312 1024; x_wconf 90' lang='lat' dir='ltr'>ii.</span> <span class='ocrx_word' id='word_1_80' title='bbox 327 999 344 1010; x_wconf 83' lang='grc'><strong>“</strong></span> <span class='ocrx_word' id='word_1_81' title='bbox 354 995 447 1025; x_wconf 89' lang='lat' dir='ltr'>Circa</span> <span class='ocrx_word' id='word_1_82' title='bbox 460 995 489 1025; x_wconf 91' lang='lat' dir='ltr'>d.</span> <span class='ocrx_word' id='word_1_83' title='bbox 501 996 635 1037; x_wconf 81' lang='lat' dir='ltr'>primam</span> <span class='ocrx_word' id='word_1_84' title='bbox 653 1006 669 1026; x_wconf 80' lang='lat'><strong>2</strong></span> <span class='ocrx_word' id='word_1_85' title='bbox 685 996 755 1027; x_wconf 88' lang='lat' dir='ltr'>libri</span> <span class='ocrx_word' id='word_1_86' title='bbox 773 996 914 1037; x_wconf 83' lang='lat' dir='ltr'>queritur</span> 
     </span>
     <span class='ocr_line' id='line_1_16' title="bbox 150 1044 795 1087; baseline 0.005 -13"><span class='ocrx_word' id='word_1_87' title='bbox 150 1044 261 1086; x_wconf 84' lang='lat' dir='ltr'>primo,</span> <span class='ocrx_word' id='word_1_88' title='bbox 278 1049 382 1076; x_wconf 83' lang='lat' dir='ltr'>utrum</span> <span class='ocrx_word' id='word_1_89' title='bbox 400 1046 518 1087; x_wconf 81' lang='lat' dir='ltr'>primus</span> <span class='ocrx_word' id='word_1_90' title='bbox 534 1052 623 1077; x_wconf 90' lang='lat' dir='ltr'>aetus</span> <span class='ocrx_word' id='word_1_91' title='bbox 640 1047 795 1078; x_wconf 77' lang='lat' dir='ltr'>crean(li.”</span> 
     </span>
    </p>

    <p class='ocr_par' dir='ltr' id='par_1_9' title="bbox 150 1096 912 1185">
     <span class='ocr_line' id='line_1_17' title="bbox 173 1096 912 1140; baseline 0.004 -14"><span class='ocrx_word' id='word_1_92' title='bbox 173 1096 279 1126; x_wconf 81' lang='lat' dir='ltr'>Desin.</span> <span class='ocrx_word' id='word_1_93' title='bbox 299 1101 319 1114; x_wconf 83' lang='lat'>“</span> <span class='ocrx_word' id='word_1_94' title='bbox 333 1097 362 1126; x_wconf 91' lang='lat' dir='ltr'>in</span> <span class='ocrx_word' id='word_1_95' title='bbox 379 1097 502 1128; x_wconf 83' lang='lat' dir='ltr'>actibus</span> <span class='ocrx_word' id='word_1_96' title='bbox 523 1099 587 1129; x_wconf 87' lang='lat' dir='ltr'>suis</span> <span class='ocrx_word' id='word_1_97' title='bbox 607 1099 675 1140; x_wconf 84' lang='lat' dir='ltr'>ipsa</span> <span class='ocrx_word' id='word_1_98' title='bbox 691 1110 764 1129; x_wconf 88' lang='lat' dir='ltr'>vcro</span> <span class='ocrx_word' id='word_1_99' title='bbox 780 1099 864 1129; x_wconf 91' lang='lat' dir='ltr'>nulla</span> <span class='ocrx_word' id='word_1_100' title='bbox 880 1099 912 1129; x_wconf 94' lang='lat' dir='ltr'>in</span> 
     </span>
     <span class='ocr_line' id='line_1_18' title="bbox 150 1147 486 1185; baseline 0.006 -8"><span class='ocrx_word' id='word_1_101' title='bbox 150 1147 272 1178; x_wconf 81' lang='lat' dir='ltr'>ratione</span> <span class='ocrx_word' id='word_1_102' title='bbox 288 1158 389 1185; x_wconf 68' lang='lat' dir='ltr'>cause,</span> <span class='ocrx_word' id='word_1_103' title='bbox 407 1149 486 1179; x_wconf 79' lang='lat' dir='ltr'>etc.”</span> 
     </span>
    </p>

    <p class='ocr_par' dir='ltr' id='par_1_10' title="bbox 148 1198 912 1344">
     <span class='ocr_line' id='line_1_19' title="bbox 173 1198 912 1241; baseline 0.007 -13"><span class='ocrx_word' id='word_1_104' title='bbox 173 1198 209 1228; x_wconf 95' lang='lat' dir='ltr'>In</span> <span class='ocrx_word' id='word_1_105' title='bbox 233 1199 327 1235; x_wconf 87' lang='lat' dir='ltr'>calce,</span> <span class='ocrx_word' id='word_1_106' title='bbox 345 1204 362 1216; x_wconf 86' lang='grc'>“</span> <span class='ocrx_word' id='word_1_107' title='bbox 377 1200 559 1241; x_wconf 87' lang='lat' dir='ltr'>Expliciunt</span> <span class='ocrx_word' id='word_1_108' title='bbox 582 1202 762 1233; x_wconf 85' lang='lat' dir='ltr'>addiciones</span> <span class='ocrx_word' id='word_1_109' title='bbox 785 1203 912 1233; x_wconf 84' lang='lat' dir='ltr'>secundi</span> 
     </span>
     <span class='ocr_line' id='line_1_20' title="bbox 148 1249 912 1284; baseline 0.005 -4"><span class='ocrx_word' id='word_1_110' title='bbox 148 1249 220 1280; x_wconf 89' lang='lat' dir='ltr'>libri</span> <span class='ocrx_word' id='word_1_111' title='bbox 235 1251 464 1281; x_wconf 83' lang='lat' dir='ltr'>sentenciarum</span> <span class='ocrx_word' id='word_1_112' title='bbox 487 1252 624 1283; x_wconf 87' lang='lat' dir='ltr'>doctoris</span> <span class='ocrx_word' id='word_1_113' title='bbox 644 1253 767 1284; x_wconf 86' lang='lat' dir='ltr'>subtilis</span> <span class='ocrx_word' id='word_1_114' title='bbox 789 1265 843 1284; x_wconf 87' lang='lat' dir='ltr'>seu</span> <span class='ocrx_word' id='word_1_115' title='bbox 867 1265 912 1284; x_wconf 89' lang='lat' dir='ltr'>re-</span> 
     </span>
     <span class='ocr_line' id='line_1_21' title="bbox 149 1302 620 1344; baseline 0.006 -12"><span class='ocrx_word' id='word_1_116' title='bbox 149 1302 291 1343; x_wconf 88' lang='lat' dir='ltr'>portacio</span> <span class='ocrx_word' id='word_1_117' title='bbox 307 1303 446 1343; x_wconf 84' lang='lat' dir='ltr'>ejusdem</span> <span class='ocrx_word' id='word_1_118' title='bbox 462 1314 556 1344; x_wconf 87' lang='lat' dir='ltr'>super</span> <span class='ocrx_word' id='word_1_119' title='bbox 573 1304 620 1335; x_wconf 68' lang='lat'>2.”</span> 
     </span>
    </p>
   </div>
   <div class='ocr_carea' id='block_1_6' title="bbox 65 1366 911 1506">
    <p class='ocr_par' dir='ltr' id='par_1_11' title="bbox 65 1366 911 1506">
     <span class='ocr_line' id='line_1_22' title="bbox 65 1366 911 1411; baseline 0.007 -15"><span class='ocrx_word' id='word_1_120' title='bbox 65 1368 94 1396; x_wconf 71' lang='lat'>2.</span> <span class='ocrx_word' id='word_1_121' title='bbox 112 1366 263 1407; x_wconf 85' lang='lat' dir='ltr'>Ejusdem</span> <span class='ocrx_word' id='word_1_122' title='bbox 287 1367 418 1407; x_wconf 78' lang='lat' dir='ltr'>quaestio</span> <span class='ocrx_word' id='word_1_123' title='bbox 436 1372 443 1385; x_wconf 90' lang='lat'>‘</span> <span class='ocrx_word' id='word_1_124' title='bbox 460 1368 578 1399; x_wconf 86' lang='lat' dir='ltr'>Utrum</span> <span class='ocrx_word' id='word_1_125' title='bbox 594 1374 746 1411; x_wconf 86' lang='lat' dir='ltr'>ponentes</span> <span class='ocrx_word' id='word_1_126' title='bbox 761 1371 911 1402; x_wconf 89' lang='lat' dir='ltr'>mundum</span> 
     </span>
     <span class='ocr_line' id='line_1_23' title="bbox 127 1417 911 1460; baseline 0.006 -14"><span class='ocrx_word' id='word_1_127' title='bbox 127 1423 269 1447; x_wconf 87' lang='lat' dir='ltr'>eternum</span> <span class='ocrx_word' id='word_1_128' title='bbox 293 1417 414 1458; x_wconf 77' lang='lat' dir='ltr'>possint</span> <span class='ocrx_word' id='word_1_129' title='bbox 436 1429 551 1460; x_wconf 89' lang='lat' dir='ltr'>ponere</span> <span class='ocrx_word' id='word_1_130' title='bbox 575 1419 732 1451; x_wconf 89' lang='lat' dir='ltr'>hominem</span> <span class='ocrx_word' id='word_1_131' title='bbox 751 1420 830 1451; x_wconf 86' lang='lat' dir='ltr'>bene</span> <span class='ocrx_word' id='word_1_132' title='bbox 851 1420 911 1451; x_wconf 85' lang='lat' dir='ltr'>for-</span> 
     </span>
     <span class='ocr_line' id='line_1_24' title="bbox 128 1468 489 1506; baseline 0 -8"><span class='ocrx_word' id='word_1_133' title='bbox 128 1468 295 1498; x_wconf 65' lang='lat' dir='ltr'>tunatum.q</span> <span class='ocrx_word' id='word_1_134' title='bbox 318 1468 370 1498; x_wconf 85' lang='lat' dir='ltr'>fol.</span> <span class='ocrx_word' id='word_1_135' title='bbox 388 1479 441 1506; x_wconf 84' lang='lat'>141</span> <span class='ocrx_word' id='word_1_136' title='bbox 459 1469 489 1500; x_wconf 94' lang='lat' dir='ltr'>b.</span> 
     </span>
    </p>
   </div>
   <div class='ocr_carea' id='block_1_7' title="bbox 148 1528 913 1714">
    <p class='ocr_par' dir='ltr' id='par_1_12' title="bbox 148 1528 913 1611">
     <span class='ocr_line' id='line_1_25' title="bbox 170 1528 913 1573; baseline 0.007 -15"><span class='ocrx_word' id='word_1_137' title='bbox 170 1528 270 1570; x_wconf 90' lang='lat' dir='ltr'>Incip.</span> <span class='ocrx_word' id='word_1_138' title='bbox 286 1532 305 1547; x_wconf 78' lang='lat'>‘⁴</span> <span class='ocrx_word' id='word_1_139' title='bbox 320 1529 364 1560; x_wconf 91' lang='lat' dir='ltr'>Et</span> <span class='ocrx_word' id='word_1_140' title='bbox 379 1530 524 1571; x_wconf 82' lang='lat' dir='ltr'>arguitur</span> <span class='ocrx_word' id='word_1_141' title='bbox 539 1531 621 1572; x_wconf 89' lang='lat' dir='ltr'>quod</span> <span class='ocrx_word' id='word_1_142' title='bbox 637 1531 690 1568; x_wconf 89' lang='lat' dir='ltr'>sic,</span> <span class='ocrx_word' id='word_1_143' title='bbox 708 1532 782 1573; x_wconf 90' lang='lat' dir='ltr'>quia</span> <span class='ocrx_word' id='word_1_144' title='bbox 797 1543 913 1573; x_wconf 87' lang='lat' dir='ltr'>ponen-</span> 
     </span>
     <span class='ocr_line' id='line_1_26' title="bbox 148 1580 552 1611; baseline 0 -1"><span class='ocrx_word' id='word_1_145' title='bbox 148 1582 197 1610; x_wconf 86' lang='lat' dir='ltr'>tes</span> <span class='ocrx_word' id='word_1_146' title='bbox 213 1580 363 1610; x_wconf 90' lang='lat' dir='ltr'>mundum</span> <span class='ocrx_word' id='word_1_147' title='bbox 380 1581 552 1611; x_wconf 77' lang='lat' dir='ltr'>eternuni.”</span> 
     </span>
    </p>

    <p class='ocr_par' dir='ltr' id='par_1_13' title="bbox 148 1630 912 1714">
     <span class='ocr_line' id='line_1_27' title="bbox 171 1630 912 1675; baseline 0.004 -14"><span class='ocrx_word' id='word_1_148' title='bbox 171 1630 209 1661; x_wconf 91' lang='lat' dir='ltr'>In</span> <span class='ocrx_word' id='word_1_149' title='bbox 225 1631 319 1668; x_wconf 82' lang='lat' dir='ltr'>calce,</span> <span class='ocrx_word' id='word_1_150' title='bbox 336 1636 354 1648; x_wconf 64' lang='lat'>⁴*</span> <span class='ocrx_word' id='word_1_151' title='bbox 368 1631 506 1672; x_wconf 85' lang='lat' dir='ltr'>Explicit</span> <span class='ocrx_word' id='word_1_152' title='bbox 528 1633 662 1673; x_wconf 88' lang='lat' dir='ltr'>quedam</span> <span class='ocrx_word' id='word_1_153' title='bbox 683 1633 767 1664; x_wconf 86' lang='lat' dir='ltr'>utilis</span> <span class='ocrx_word' id='word_1_154' title='bbox 790 1634 912 1675; x_wconf 78' lang='lat' dir='ltr'>questio</span> 
     </span>
     <span class='ocr_line' id='line_1_28' title="bbox 148 1682 461 1714; baseline 0.006 -2"><span class='ocrx_word' id='word_1_155' title='bbox 148 1682 187 1712; x_wconf 91' lang='lat' dir='ltr'>de</span> <span class='ocrx_word' id='word_1_156' title='bbox 202 1682 285 1713; x_wconf 89' lang='lat' dir='ltr'>bona</span> <span class='ocrx_word' id='word_1_157' title='bbox 302 1683 461 1714; x_wconf 72' lang='lat' dir='ltr'>fortuna.&#39;&#39;</span> 
     </span>
    </p>
   </div>
   <div class='ocr_carea' id='block_1_8' title="bbox 65 1745 911 2050">
    <p class='ocr_par' dir='ltr' id='par_1_14' title="bbox 65 1745 911 1888">
     <span class='ocr_line' id='line_1_29' title="bbox 65 1745 911 1789; baseline 0.005 -13"><span class='ocrx_word' id='word_1_158' title='bbox 65 1746 93 1775; x_wconf 81' lang='lat'>3.</span> <span class='ocrx_word' id='word_1_159' title='bbox 110 1745 250 1785; x_wconf 77' lang='lat' dir='ltr'>Quaestio</span> <span class='ocrx_word' id='word_1_160' title='bbox 273 1747 304 1777; x_wconf 90' lang='grc'>111</span> <span class='ocrx_word' id='word_1_161' title='bbox 323 1747 472 1778; x_wconf 86' lang='lat' dir='ltr'>Distinet.</span> <span class='ocrx_word' id='word_1_162' title='bbox 493 1756 526 1786; x_wconf 85' lang='lat'>17</span> <span class='ocrx_word' id='word_1_163' title='bbox 546 1747 597 1778; x_wconf 90' lang='lat' dir='ltr'>lib.</span> <span class='ocrx_word' id='word_1_164' title='bbox 613 1748 644 1778; x_wconf 91' lang='lat' dir='ltr'>ii.</span> <span class='ocrx_word' id='word_1_165' title='bbox 664 1754 672 1766; x_wconf 71' lang='lat'>⁶</span> <span class='ocrx_word' id='word_1_166' title='bbox 688 1748 804 1779; x_wconf 84' lang='lat' dir='ltr'>Utrum</span> <span class='ocrx_word' id='word_1_167' title='bbox 823 1760 911 1789; x_wconf 87' lang='lat' dir='ltr'>para-</span> 
     </span>
     <span class='ocr_line' id='line_1_30' title="bbox 128 1796 910 1830; baseline 0.005 -4"><span class='ocrx_word' id='word_1_168' title='bbox 128 1796 212 1826; x_wconf 89' lang='lat' dir='ltr'>disus</span> <span class='ocrx_word' id='word_1_169' title='bbox 243 1797 283 1828; x_wconf 80' lang='lat' dir='ltr'>sit</span> <span class='ocrx_word' id='word_1_170' title='bbox 314 1797 398 1828; x_wconf 89' lang='lat' dir='ltr'>locus</span> <span class='ocrx_word' id='word_1_171' title='bbox 428 1798 611 1829; x_wconf 81' lang='lat' dir='ltr'>conveniens</span> <span class='ocrx_word' id='word_1_172' title='bbox 641 1799 829 1830; x_wconf 78' lang='lat' dir='ltr'>habitationi</span> <span class='ocrx_word' id='word_1_173' title='bbox 856 1800 910 1830; x_wconf 90' lang='lat' dir='ltr'>hu-</span> 
     </span>
     <span class='ocr_line' id='line_1_31' title="bbox 128 1848 410 1888; baseline 0.007 -11"><span class='ocrx_word' id='word_1_174' title='bbox 128 1848 249 1878; x_wconf 55' lang='lat' dir='ltr'>manae?</span> <span class='ocrx_word' id='word_1_175' title='bbox 272 1848 323 1878; x_wconf 88' lang='lat' dir='ltr'>fol.</span> <span class='ocrx_word' id='word_1_176' title='bbox 342 1859 410 1888; x_wconf 78' lang='lat'>144.</span> 
     </span>
    </p>

    <p class='ocr_par' dir='ltr' id='par_1_15' title="bbox 149 1903 911 2050">
     <span class='ocr_line' id='line_1_32' title="bbox 173 1903 911 1947; baseline 0.007 -14"><span class='ocrx_word' id='word_1_177' title='bbox 173 1903 272 1945; x_wconf 60' lang='lat' dir='ltr'>lncip⁴</span> <span class='ocrx_word' id='word_1_178' title='bbox 302 1909 320 1921; x_wconf 76' lang='lat'>‘⁴</span> <span class='ocrx_word' id='word_1_179' title='bbox 339 1904 428 1943; x_wconf 82' lang='lat' dir='ltr'>Quod</span> <span class='ocrx_word' id='word_1_180' title='bbox 460 1916 521 1935; x_wconf 92' lang='lat' dir='ltr'>non</span> <span class='ocrx_word' id='word_1_181' title='bbox 552 1905 624 1946; x_wconf 86' lang='lat' dir='ltr'>quia</span> <span class='ocrx_word' id='word_1_182' title='bbox 655 1906 805 1947; x_wconf 81' lang='lat' dir='ltr'>magister</span> <span class='ocrx_word' id='word_1_183' title='bbox 835 1908 911 1938; x_wconf 87' lang='lat' dir='ltr'>dicit</span> 
     </span>
     <span class='ocr_line' id='line_1_33' title="bbox 149 1955 453 1996; baseline 0.007 -11"><span class='ocrx_word' id='word_1_184' title='bbox 149 1955 232 1996; x_wconf 83' lang='lat' dir='ltr'>quod</span> <span class='ocrx_word' id='word_1_185' title='bbox 251 1955 453 1987; x_wconf 85' lang='lat' dir='ltr'>Paradisus.&#39;&#39;</span> 
     </span>
     <span class='ocr_line' id='line_1_34' title="bbox 172 2006 753 2050; baseline 0.007 -14"><span class='ocrx_word' id='word_1_186' title='bbox 172 2006 208 2036; x_wconf 92' lang='lat' dir='ltr'>In</span> <span class='ocrx_word' id='word_1_187' title='bbox 225 2007 318 2044; x_wconf 86' lang='lat' dir='ltr'>calce,</span> <span class='ocrx_word' id='word_1_188' title='bbox 337 2012 355 2024; x_wconf 66' lang='lat'>‘⁶</span> <span class='ocrx_word' id='word_1_189' title='bbox 368 2007 509 2049; x_wconf 80' lang='lat' dir='ltr'>Explicit</span> <span class='ocrx_word' id='word_1_190' title='bbox 525 2008 581 2039; x_wconf 86' lang='lat' dir='ltr'>hec</span> <span class='ocrx_word' id='word_1_191' title='bbox 598 2009 753 2050; x_wconf 69' lang='lat' dir='ltr'>questio.&#39;&#39;</span> 
     </span>
    </p>
   </div>
   <div class='ocr_carea' id='block_1_9' title="bbox 67 2071 912 2317">
    <p class='ocr_par' dir='ltr' id='par_1_16' title="bbox 67 2071 912 2317">
     <span class='ocr_line' id='line_1_35' title="bbox 67 2071 912 2116; baseline 0.005 -15"><span class='ocrx_word' id='word_1_192' title='bbox 67 2073 93 2101; x_wconf 78' lang='lat'>4.</span> <span class='ocrx_word' id='word_1_193' title='bbox 113 2071 182 2101; x_wconf 87' lang='lat' dir='ltr'>Gul.</span> <span class='ocrx_word' id='word_1_194' title='bbox 208 2071 352 2102; x_wconf 87' lang='lat' dir='ltr'>Durandi</span> <span class='ocrx_word' id='word_1_195' title='bbox 380 2073 523 2113; x_wconf 77' lang='lat' dir='ltr'>quaestio,</span> <span class='ocrx_word' id='word_1_196' title='bbox 548 2079 653 2104; x_wconf 91' lang='lat' dir='ltr'>utrum</span> <span class='ocrx_word' id='word_1_197' title='bbox 682 2074 840 2116; x_wconf 81' lang='lat' dir='ltr'>theologia</span> <span class='ocrx_word' id='word_1_198' title='bbox 871 2074 912 2106; x_wconf 86' lang='lat' dir='ltr'>sit</span> 
     </span>
     <span class='ocr_line' id='line_1_36' title="bbox 129 2123 714 2166; baseline 0.003 -13"><span class='ocrx_word' id='word_1_199' title='bbox 129 2123 269 2163; x_wconf 82' lang='lat' dir='ltr'>practica</span> <span class='ocrx_word' id='word_1_200' title='bbox 285 2124 331 2154; x_wconf 89' lang='lat' dir='ltr'>vel</span> <span class='ocrx_word' id='word_1_201' title='bbox 348 2124 549 2165; x_wconf 83' lang='lat' dir='ltr'>speculativa.</span> <span class='ocrx_word' id='word_1_202' title='bbox 573 2125 625 2155; x_wconf 85' lang='lat' dir='ltr'>fol.</span> <span class='ocrx_word' id='word_1_203' title='bbox 646 2135 714 2166; x_wconf 79' lang='lat'>145.</span> 
     </span>
     <span class='ocr_line' id='line_1_37' title="bbox 172 2173 853 2217; baseline 0.004 -13"><span class='ocrx_word' id='word_1_204' title='bbox 172 2173 271 2215; x_wconf 88' lang='lat' dir='ltr'>Incip.</span> <span class='ocrx_word' id='word_1_205' title='bbox 290 2179 310 2192; x_wconf 89' lang='grc'>“</span> <span class='ocrx_word' id='word_1_206' title='bbox 323 2174 461 2206; x_wconf 82' lang='lat' dir='ltr'>Videtur</span> <span class='ocrx_word' id='word_1_207' title='bbox 477 2176 559 2216; x_wconf 92' lang='lat' dir='ltr'>quod</span> <span class='ocrx_word' id='word_1_208' title='bbox 577 2176 618 2206; x_wconf 85' lang='lat' dir='ltr'>sit</span> <span class='ocrx_word' id='word_1_209' title='bbox 634 2176 853 2217; x_wconf 74' lang='lat' dir='ltr'>speculativa·”</span> 
     </span>
     <span class='ocr_line' id='line_1_38' title="bbox 172 2224 911 2268; baseline 0.004 -14"><span class='ocrx_word' id='word_1_210' title='bbox 172 2224 210 2254; x_wconf 92' lang='lat' dir='ltr'>In</span> <span class='ocrx_word' id='word_1_211' title='bbox 237 2225 331 2262; x_wconf 74' lang='lat' dir='ltr'>calce,</span> <span class='ocrx_word' id='word_1_212' title='bbox 355 2229 375 2243; x_wconf 92' lang='lat'>“</span> <span class='ocrx_word' id='word_1_213' title='bbox 390 2226 528 2265; x_wconf 78' lang='lat' dir='ltr'>Quaestio</span> <span class='ocrx_word' id='word_1_214' title='bbox 553 2226 696 2257; x_wconf 86' lang='lat' dir='ltr'>Durandi</span> <span class='ocrx_word' id='word_1_215' title='bbox 724 2226 755 2256; x_wconf 89' lang='lat' dir='ltr'>in</span> <span class='ocrx_word' id='word_1_216' title='bbox 783 2227 911 2268; x_wconf 84' lang='lat' dir='ltr'>prologo</span> 
     </span>
     <span class='ocr_line' id='line_1_39' title="bbox 150 2276 601 2317; baseline 0.004 -12"><span class='ocrx_word' id='word_1_217' title='bbox 150 2276 240 2317; x_wconf 83' lang='lat' dir='ltr'>primi</span> <span class='ocrx_word' id='word_1_218' title='bbox 257 2276 328 2306; x_wconf 88' lang='lat' dir='ltr'>libri</span> <span class='ocrx_word' id='word_1_219' title='bbox 344 2277 601 2308; x_wconf 55' lang='lat' dir='ltr'>sentenciarumf&#39;</span> 
     </span>
    </p>
   </div>
   <div class='ocr_carea' id='block_1_10' title="bbox 67 2340 913 2844">
    <p class='ocr_par' dir='ltr' id='par_1_17' title="bbox 67 2340 913 2844">
     <span class='ocr_line' id='line_1_40' title="bbox 67 2340 911 2382; baseline 0.004 -12"><span class='ocrx_word' id='word_1_220' title='bbox 67 2342 95 2370; x_wconf 83' lang='lat'>5.</span> <span class='ocrx_word' id='word_1_221' title='bbox 113 2340 317 2371; x_wconf 81' lang='lat' dir='ltr'>Abbreviatio</span> <span class='ocrx_word' id='word_1_222' title='bbox 334 2352 387 2371; x_wconf 80' lang='lat' dir='ltr'>seu</span> <span class='ocrx_word' id='word_1_223' title='bbox 405 2341 626 2382; x_wconf 85' lang='lat' dir='ltr'>Repertorium</span> <span class='ocrx_word' id='word_1_224' title='bbox 647 2342 786 2382; x_wconf 78' lang='lat' dir='ltr'>ejusdem</span> <span class='ocrx_word' id='word_1_225' title='bbox 805 2342 911 2373; x_wconf 89' lang='lat' dir='ltr'>docto-</span> 
     </span>
     <span class='ocr_line' id='line_1_41' title="bbox 127 2392 910 2434; baseline 0.003 -12"><span class='ocrx_word' id='word_1_226' title='bbox 127 2392 169 2422; x_wconf 86' lang='lat' dir='ltr'>ris</span> <span class='ocrx_word' id='word_1_227' title='bbox 181 2393 304 2423; x_wconf 89' lang='lat' dir='ltr'>subtilis</span> <span class='ocrx_word' id='word_1_228' title='bbox 317 2404 409 2434; x_wconf 83' lang='lat' dir='ltr'>super</span> <span class='ocrx_word' id='word_1_229' title='bbox 420 2401 556 2434; x_wconf 81' lang='lat' dir='ltr'>quatuor</span> <span class='ocrx_word' id='word_1_230' title='bbox 568 2393 662 2424; x_wconf 89' lang='lat' dir='ltr'>libros</span> <span class='ocrx_word' id='word_1_231' title='bbox 674 2394 910 2431; x_wconf 79' lang='lat' dir='ltr'>sententiarum,</span> 
     </span>
     <span class='ocr_line' id='line_1_42' title="bbox 130 2443 619 2485; baseline 0.004 -12"><span class='ocrx_word' id='word_1_232' title='bbox 130 2443 161 2474; x_wconf 88' lang='lat' dir='ltr'>in</span> <span class='ocrx_word' id='word_1_233' title='bbox 178 2455 255 2485; x_wconf 93' lang='lat' dir='ltr'>opus</span> <span class='ocrx_word' id='word_1_234' title='bbox 272 2444 456 2475; x_wconf 81' lang='lat' dir='ltr'>Oxoniense.</span> <span class='ocrx_word' id='word_1_235' title='bbox 482 2445 534 2474; x_wconf 81' lang='lat' dir='ltr'>fol.</span> <span class='ocrx_word' id='word_1_236' title='bbox 553 2455 619 2483; x_wconf 81' lang='lat'>147.</span> 
     </span>
     <span class='ocr_line' id='line_1_43' title="bbox 174 2495 912 2537; baseline 0.003 -12"><span class='ocrx_word' id='word_1_237' title='bbox 174 2495 272 2537; x_wconf 88' lang='lat' dir='ltr'>Incip.</span> <span class='ocrx_word' id='word_1_238' title='bbox 284 2500 302 2513; x_wconf 69' lang='lat'>‘¹</span> <span class='ocrx_word' id='word_1_239' title='bbox 315 2496 404 2527; x_wconf 75' lang='lat' dir='ltr'>Circa</span> <span class='ocrx_word' id='word_1_240' title='bbox 421 2496 583 2537; x_wconf 76' lang='lat' dir='ltr'>prologum</span> <span class='ocrx_word' id='word_1_241' title='bbox 596 2496 664 2526; x_wconf 85' lang='lat' dir='ltr'>libri</span> <span class='ocrx_word' id='word_1_242' title='bbox 682 2497 912 2527; x_wconf 85' lang='lat' dir='ltr'>sentenciarum</span> 
     </span>
     <span class='ocr_line' id='line_1_44' title="bbox 152 2546 828 2587; baseline 0 -10"><span class='ocrx_word' id='word_1_243' title='bbox 152 2546 292 2587; x_wconf 87' lang='lat' dir='ltr'>queritur</span> <span class='ocrx_word' id='word_1_244' title='bbox 310 2552 415 2577; x_wconf 85' lang='lat' dir='ltr'>utrum</span> <span class='ocrx_word' id='word_1_245' title='bbox 428 2547 545 2576; x_wconf 81' lang='lat' dir='ltr'>homini</span> <span class='ocrx_word' id='word_1_246' title='bbox 562 2557 617 2587; x_wconf 86' lang='lat' dir='ltr'>pro</span> <span class='ocrx_word' id='word_1_247' title='bbox 634 2552 721 2577; x_wconf 87' lang='lat' dir='ltr'>statu</span> <span class='ocrx_word' id='word_1_248' title='bbox 736 2547 828 2577; x_wconf 77' lang='lat' dir='ltr'>isto.”</span> 
     </span>
     <span class='ocr_line' id='line_1_45' title="bbox 174 2597 912 2638; baseline 0.003 -11"><span class='ocrx_word' id='word_1_249' title='bbox 174 2597 280 2627; x_wconf 83' lang='lat' dir='ltr'>Desin.</span> <span class='ocrx_word' id='word_1_250' title='bbox 297 2598 379 2627; x_wconf 83' lang='lat' dir='ltr'>“Ad</span> <span class='ocrx_word' id='word_1_251' title='bbox 405 2598 487 2638; x_wconf 84' lang='lat' dir='ltr'>quod</span> <span class='ocrx_word' id='word_1_252' title='bbox 512 2597 660 2638; x_wconf 81' lang='lat' dir='ltr'>gaudium</span> <span class='ocrx_word' id='word_1_253' title='bbox 685 2597 828 2629; x_wconf 86' lang='lat' dir='ltr'>Christus</span> <span class='ocrx_word' id='word_1_254' title='bbox 853 2599 912 2630; x_wconf 89' lang='lat' dir='ltr'>Dei</span> 
     </span>
     <span class='ocr_line' id='line_1_46' title="bbox 151 2648 824 2689; baseline 0.003 -11"><span class='ocrx_word' id='word_1_255' title='bbox 151 2648 233 2678; x_wconf 83' lang='lat' dir='ltr'>filius</span> <span class='ocrx_word' id='word_1_256' title='bbox 249 2659 304 2678; x_wconf 81' lang='lat' dir='ltr'>nos</span> <span class='ocrx_word' id='word_1_257' title='bbox 320 2648 471 2689; x_wconf 77' lang='lat' dir='ltr'>perducat</span> <span class='ocrx_word' id='word_1_258' title='bbox 488 2649 663 2683; x_wconf 80' lang='lat' dir='ltr'>sollercius;</span> <span class='ocrx_word' id='word_1_259' title='bbox 690 2649 824 2680; x_wconf 83' lang='lat' dir='ltr'>Amen.’&#39;</span> 
     </span>
     <span class='ocr_line' id='line_1_47' title="bbox 175 2699 640 2740; baseline 0 -11"><span class='ocrx_word' id='word_1_260' title='bbox 175 2699 212 2729; x_wconf 89' lang='lat' dir='ltr'>In</span> <span class='ocrx_word' id='word_1_261' title='bbox 229 2699 323 2733; x_wconf 74' lang='lat' dir='ltr'>calce,</span> <span class='ocrx_word' id='word_1_262' title='bbox 343 2704 362 2716; x_wconf 69' lang='lat'>⁶⁶</span> <span class='ocrx_word' id='word_1_263' title='bbox 376 2699 466 2737; x_wconf 78' lang='lat' dir='ltr'>Quod</span> <span class='ocrx_word' id='word_1_264' title='bbox 483 2699 640 2740; x_wconf 70' lang='lat' dir='ltr'>Gybbys.”</span> 
     </span>
     <span class='ocr_line' id='line_1_48' title="bbox 177 2749 913 2791; baseline 0.003 -11"><span class='ocrx_word' id='word_1_265' title='bbox 177 2749 213 2780; x_wconf 88' lang='lat' dir='ltr'>In</span> <span class='ocrx_word' id='word_1_266' title='bbox 235 2750 323 2780; x_wconf 87' lang='lat' dir='ltr'>initio</span> <span class='ocrx_word' id='word_1_267' title='bbox 344 2749 469 2786; x_wconf 84' lang='lat' dir='ltr'>codicis,</span> <span class='ocrx_word' id='word_1_268' title='bbox 487 2756 505 2767; x_wconf 84' lang='lat'>“</span> <span class='ocrx_word' id='word_1_269' title='bbox 521 2751 620 2781; x_wconf 86' lang='lat' dir='ltr'>Orate</span> <span class='ocrx_word' id='word_1_270' title='bbox 643 2761 699 2791; x_wconf 90' lang='lat' dir='ltr'>pro</span> <span class='ocrx_word' id='word_1_271' title='bbox 722 2751 826 2781; x_wconf 86' lang='lat' dir='ltr'>anima</span> <span class='ocrx_word' id='word_1_272' title='bbox 849 2763 913 2782; x_wconf 62' lang='lat' dir='ltr'>ma„-</span> 
     </span>
     <span class='ocr_line' id='line_1_49' title="bbox 152 2801 913 2844; baseline 0.003 -13"><span class='ocrx_word' id='word_1_273' title='bbox 152 2801 242 2842; x_wconf 79' lang='lat' dir='ltr'>gistri</span> <span class='ocrx_word' id='word_1_274' title='bbox 259 2801 385 2832; x_wconf 88' lang='lat' dir='ltr'>Ricardi</span> <span class='ocrx_word' id='word_1_275' title='bbox 406 2801 625 2843; x_wconf 83' lang='lat' dir='ltr'>Scardeburgh</span> <span class='ocrx_word' id='word_1_276' title='bbox 649 2813 735 2832; x_wconf 86' lang='lat' dir='ltr'>sacre</span> <span class='ocrx_word' id='word_1_277' title='bbox 758 2802 913 2844; x_wconf 78' lang='lat' dir='ltr'>theologie</span> 
     </span>
    </p>
   </div>
   <div class='ocr_carea' id='block_1_11' title="bbox 941 1492 945 2043">
    <p class='ocr_par' dir='ltr' id='par_1_18' title="bbox 941 1492 945 2043">
     <span class='ocr_line' id='line_1_50' title="bbox 941 1492 945 2043; baseline 0 0"><span class='ocrx_word' id='word_1_278' title='bbox 941 1492 945 2043; x_wconf 95' lang='lat' dir='ltr'> </span> 
     </span>
    </p>
   </div>
   <div class='ocr_carea' id='block_1_12' title="bbox 941 2357 945 2862">
    <p class='ocr_par' dir='ltr' id='par_1_19' title="bbox 941 2357 945 2862">
     <span class='ocr_line' id='line_1_51' title="bbox 941 2357 945 2862; baseline 0 0"><span class='ocrx_word' id='word_1_279' title='bbox 941 2357 945 2862; x_wconf 95' lang='lat' dir='ltr'> </span> 
     </span>
    </p>
   </div>
   <div class='ocr_carea' id='block_1_13' title="bbox 1074 265 1854 719">
    <p class='ocr_par' dir='ltr' id='par_1_20' title="bbox 1074 265 1854 462">
     <span class='ocr_line' id='line_1_52' title="bbox 1075 265 1854 309; baseline 0.006 -14"><span class='ocrx_word' id='word_1_280' title='bbox 1075 265 1266 305; x_wconf 82' lang='lat' dir='ltr'>professoris,</span> <span class='ocrx_word' id='word_1_281' title='bbox 1281 266 1332 307; x_wconf 82' lang='lat' dir='ltr'>qui</span> <span class='ocrx_word' id='word_1_282' title='bbox 1349 266 1442 297; x_wconf 82' lang='lat' dir='ltr'>istum</span> <span class='ocrx_word' id='word_1_283' title='bbox 1459 267 1571 298; x_wconf 86' lang='lat' dir='ltr'>librum</span> <span class='ocrx_word' id='word_1_284' title='bbox 1588 268 1654 299; x_wconf 79' lang='lat' dir='ltr'>fieri</span> <span class='ocrx_word' id='word_1_285' title='bbox 1670 268 1751 304; x_wconf 70' lang='lat' dir='ltr'>fecit,</span> <span class='ocrx_word' id='word_1_286' title='bbox 1764 281 1854 309; x_wconf 74' lang='lat' dir='ltr'>quem</span> 
     </span>
     <span class='ocr_line' id='line_1_53' title="bbox 1074 317 1854 358; baseline 0.006 -12"><span class='ocrx_word' id='word_1_287' title='bbox 1074 321 1183 356; x_wconf 82' lang='lat' dir='ltr'>postca</span> <span class='ocrx_word' id='word_1_288' title='bbox 1206 317 1356 358; x_wconf 77' lang='lat' dir='ltr'>magister</span> <span class='ocrx_word' id='word_1_289' title='bbox 1373 317 1509 349; x_wconf 81' lang='lat' dir='ltr'>Thomas</span> <span class='ocrx_word' id='word_1_290' title='bbox 1529 318 1682 350; x_wconf 83' lang='lat' dir='ltr'>Bloxham</span> <span class='ocrx_word' id='word_1_291' title='bbox 1706 319 1737 350; x_wconf 92' lang='lat' dir='ltr'>in</span> <span class='ocrx_word' id='word_1_292' title='bbox 1760 321 1854 351; x_wconf 84' lang='lat' dir='ltr'>medi-</span> 
     </span>
     <span class='ocr_line' id='line_1_54' title="bbox 1074 366 1854 412; baseline 0.008 -16"><span class='ocrx_word' id='word_1_293' title='bbox 1074 366 1151 397; x_wconf 82' lang='lat' dir='ltr'>cinis</span> <span class='ocrx_word' id='word_1_294' title='bbox 1174 368 1285 398; x_wconf 81' lang='lat' dir='ltr'>doctor</span> <span class='ocrx_word' id='word_1_295' title='bbox 1307 369 1347 399; x_wconf 83' lang='lat' dir='ltr'>ab</span> <span class='ocrx_word' id='word_1_296' title='bbox 1368 369 1477 399; x_wconf 87' lang='lat' dir='ltr'>eodem</span> <span class='ocrx_word' id='word_1_297' title='bbox 1498 370 1574 400; x_wconf 87' lang='lat' dir='ltr'>emit</span> <span class='ocrx_word' id='word_1_298' title='bbox 1589 374 1621 401; x_wconf 88' lang='lat' dir='ltr'>et</span> <span class='ocrx_word' id='word_1_299' title='bbox 1637 370 1708 401; x_wconf 87' lang='lat' dir='ltr'>huic</span> <span class='ocrx_word' id='word_1_300' title='bbox 1725 371 1854 412; x_wconf 75' lang='lat' dir='ltr'>collegio</span> 
     </span>
     <span class='ocr_line' id='line_1_55' title="bbox 1074 418 1656 462; baseline 0.01 -15"><span class='ocrx_word' id='word_1_301' title='bbox 1074 418 1180 451; x_wconf 65' lang='lat' dir='ltr'>‹ledit2</span> <span class='ocrx_word' id='word_1_302' title='bbox 1206 425 1294 449; x_wconf 82' lang='lat' dir='ltr'>orate</span> <span class='ocrx_word' id='word_1_303' title='bbox 1310 419 1407 459; x_wconf 73' lang='lat' dir='ltr'>igitur</span> <span class='ocrx_word' id='word_1_304' title='bbox 1422 431 1478 461; x_wconf 86' lang='lat' dir='ltr'>pro</span> <span class='ocrx_word' id='word_1_305' title='bbox 1494 421 1656 462; x_wconf 76' lang='lat' dir='ltr'>utroque.&#39;&#39;</span> 
     </span>
    </p>

    <p class='ocr_par' dir='ltr' id='par_1_21' title="bbox 1075 468 1854 719">
     <span class='ocr_line' id='line_1_56' title="bbox 1096 468 1854 511; baseline 0.007 -13"><span class='ocrx_word' id='word_1_306' title='bbox 1096 468 1133 498; x_wconf 86' lang='lat' dir='ltr'>Iu</span> <span class='ocrx_word' id='word_1_307' title='bbox 1150 470 1269 510; x_wconf 59' lang='lat' dir='ltr'>pagina*</span> <span class='ocrx_word' id='word_1_308' title='bbox 1287 470 1394 510; x_wconf 75' lang='lat' dir='ltr'>primae</span> <span class='ocrx_word' id='word_1_309' title='bbox 1411 471 1494 502; x_wconf 81' lang='lat' dir='ltr'>calco</span> <span class='ocrx_word' id='word_1_310' title='bbox 1510 477 1651 511; x_wconf 81' lang='lat' dir='ltr'>notatur,</span> <span class='ocrx_word' id='word_1_311' title='bbox 1664 477 1684 491; x_wconf 90' lang='lat'><em>“</em></span> <span class='ocrx_word' id='word_1_312' title='bbox 1698 473 1776 505; x_wconf 84' lang='lat' dir='ltr'>Cum</span> <span class='ocrx_word' id='word_1_313' title='bbox 1793 473 1854 504; x_wconf 87' lang='lat' dir='ltr'>isto</span> 
     </span>
     <span class='ocr_line' id='line_1_57' title="bbox 1075 517 1854 565; baseline 0.012 -19"><span class='ocrx_word' id='word_1_314' title='bbox 1075 517 1153 548; x_wconf 85' lang='lat' dir='ltr'>libro</span> <span class='ocrx_word' id='word_1_315' title='bbox 1179 520 1369 550; x_wconf 79' lang='lat' dir='ltr'>concordant</span> <span class='ocrx_word' id='word_1_316' title='bbox 1394 521 1472 551; x_wconf 85' lang='lat' dir='ltr'>liber</span> <span class='ocrx_word' id='word_1_317' title='bbox 1496 522 1534 552; x_wconf 90' lang='lat' dir='ltr'>de</span> <span class='ocrx_word' id='word_1_318' title='bbox 1559 523 1797 565; x_wconf 79' lang='lat' dir='ltr'>Tlicukysbury,</span> <span class='ocrx_word' id='word_1_319' title='bbox 1822 529 1854 555; x_wconf 78' lang='lat' dir='ltr'>ct</span> 
     </span>
     <span class='ocr_line' id='line_1_58' title="bbox 1075 568 1852 608; baseline 0.01 -10"><span class='ocrx_word' id='word_1_320' title='bbox 1075 568 1152 599; x_wconf 84' lang='lat' dir='ltr'>liber</span> <span class='ocrx_word' id='word_1_321' title='bbox 1172 569 1281 599; x_wconf 85' lang='lat' dir='ltr'>Bedon</span> <span class='ocrx_word' id='word_1_322' title='bbox 1296 572 1334 608; x_wconf 67' lang='grc' dir='ltr'>(ἕ)</span> <span class='ocrx_word' id='word_1_323' title='bbox 1352 575 1383 601; x_wconf 78' lang='lat' dir='ltr'>et</span> <span class='ocrx_word' id='word_1_324' title='bbox 1407 571 1484 602; x_wconf 83' lang='lat' dir='ltr'>liber</span> <span class='ocrx_word' id='word_1_325' title='bbox 1506 574 1544 604; x_wconf 91' lang='lat' dir='ltr'>de</span> <span class='ocrx_word' id='word_1_326' title='bbox 1567 575 1725 605; x_wconf 62' lang='lat' dir='ltr'>abbathiae</span> <span class='ocrx_word' id='word_1_327' title='bbox 1743 575 1852 606; x_wconf 88' lang='lat' dir='ltr'>Glove-</span> 
     </span>
     <span class='ocr_line' id='line_1_59' title="bbox 1075 620 1853 662; baseline 0.009 -12"><span class='ocrx_word' id='word_1_328' title='bbox 1075 620 1151 657; x_wconf 73' lang='lat' dir='ltr'>rine,</span> <span class='ocrx_word' id='word_1_329' title='bbox 1170 632 1260 662; x_wconf 87' lang='lat' dir='ltr'>quem</span> <span class='ocrx_word' id='word_1_330' title='bbox 1278 621 1390 652; x_wconf 85' lang='lat' dir='ltr'>librum</span> <span class='ocrx_word' id='word_1_331' title='bbox 1407 624 1503 655; x_wconf 86' lang='lat' dir='ltr'>habet</span> <span class='ocrx_word' id='word_1_332' title='bbox 1515 625 1657 656; x_wconf 89' lang='lat' dir='ltr'>dominus</span> <span class='ocrx_word' id='word_1_333' title='bbox 1672 627 1853 661; x_wconf 49' lang='lat' dir='ltr'>&amp;Valterus3</span> 
     </span>
     <span class='ocr_line' id='line_1_60' title="bbox 1075 672 1853 719; baseline 0.009 -17"><span class='ocrx_word' id='word_1_334' title='bbox 1075 676 1108 703; x_wconf 88' lang='lat' dir='ltr'>et</span> <span class='ocrx_word' id='word_1_335' title='bbox 1123 672 1201 703; x_wconf 90' lang='lat' dir='ltr'>liber</span> <span class='ocrx_word' id='word_1_336' title='bbox 1219 673 1386 714; x_wconf 72' lang='lat' dir='ltr'>Abyudou,</span> <span class='ocrx_word' id='word_1_337' title='bbox 1399 686 1490 716; x_wconf 80' lang='lat' dir='ltr'>quem</span> <span class='ocrx_word' id='word_1_338' title='bbox 1506 676 1600 708; x_wconf 89' lang='lat' dir='ltr'>habet</span> <span class='ocrx_word' id='word_1_339' title='bbox 1618 678 1853 719; x_wconf 69' lang='lat' dir='ltr'>Assliyii‹lenc.”</span> 
     </span>
    </p>
   </div>
   <div class='ocr_carea' id='block_1_14' title="bbox 968 778 1857 1875">
    <p class='ocr_par' dir='ltr' id='par_1_22' title="bbox 1278 778 1540 814">
     <span class='ocr_line' id='line_1_61' title="bbox 1278 778 1540 814; baseline 0.008 -2"><span class='ocrx_word' id='word_1_340' title='bbox 1278 778 1540 814; x_wconf 81' lang='lat' dir='ltr'>LXXXVIII.</span> 
     </span>
    </p>

    <p class='ocr_par' dir='ltr' id='par_1_23' title="bbox 968 839 1854 1003">
     <span class='ocr_line' id='line_1_62' title="bbox 968 839 1853 885; baseline 0.009 -13"><span class='ocrx_word' id='word_1_341' title='bbox 968 839 1089 873; x_wconf 82' lang='lat' dir='ltr'>Codex</span> <span class='ocrx_word' id='word_1_342' title='bbox 1122 841 1417 881; x_wconf 82' lang='lat' dir='ltr'>membranaceus,</span> <span class='ocrx_word' id='word_1_343' title='bbox 1445 843 1479 875; x_wconf 90' lang='lat' dir='ltr'>in</span> <span class='ocrx_word' id='word_1_344' title='bbox 1512 843 1603 883; x_wconf 87' lang='lat' dir='ltr'>folio,</span> <span class='ocrx_word' id='word_1_345' title='bbox 1629 845 1662 877; x_wconf 87' lang='lat' dir='ltr'>ff.</span> <span class='ocrx_word' id='word_1_346' title='bbox 1678 848 1758 885; x_wconf 75' lang='lat'><strong>123,</strong></span> <span class='ocrx_word' id='word_1_347' title='bbox 1786 858 1853 880; x_wconf 83' lang='lat' dir='ltr'>sec.</span> 
     </span>
     <span class='ocr_line' id='line_1_63' title="bbox 992 899 1854 948; baseline 0.007 -17"><span class='ocrx_word' id='word_1_348' title='bbox 992 899 1064 939; x_wconf 65' lang='lat' dir='ltr'>xii„</span> <span class='ocrx_word' id='word_1_349' title='bbox 1078 899 1167 932; x_wconf 85' lang='lat' dir='ltr'>binis</span> <span class='ocrx_word' id='word_1_350' title='bbox 1182 899 1352 933; x_wconf 78' lang='lat' dir='ltr'>columnis</span> <span class='ocrx_word' id='word_1_351' title='bbox 1371 900 1480 934; x_wconf 87' lang='lat' dir='ltr'>nitide</span> <span class='ocrx_word' id='word_1_352' title='bbox 1495 907 1674 942; x_wconf 78' lang='lat' dir='ltr'>exaratus3</span> <span class='ocrx_word' id='word_1_353' title='bbox 1699 915 1743 936; x_wconf 86' lang='lat' dir='ltr'>ex</span> <span class='ocrx_word' id='word_1_354' title='bbox 1763 903 1854 948; x_wconf 75' lang='lat' dir='ltr'>lega-</span> 
     </span>
     <span class='ocr_line' id='line_1_64' title="bbox 992 956 1478 1003; baseline 0.004 -14"><span class='ocrx_word' id='word_1_355' title='bbox 992 956 1088 990; x_wconf 91' lang='lat' dir='ltr'>tione</span> <span class='ocrx_word' id='word_1_356' title='bbox 1110 956 1161 991; x_wconf 86' lang='lat' dir='ltr'>M.</span> <span class='ocrx_word' id='word_1_357' title='bbox 1181 957 1263 991; x_wconf 88' lang='lat' dir='ltr'>Joh.</span> <span class='ocrx_word' id='word_1_358' title='bbox 1285 957 1478 1003; x_wconf 69' lang='lat' dir='ltr'>Raynham.</span> 
     </span>
    </p>

    <p class='ocr_par' dir='ltr' id='par_1_24' title="bbox 1012 1005 1855 1139">
     <span class='ocr_line' id='line_1_65' title="bbox 1012 1005 1854 1048; baseline 0.005 -13"><span class='ocrx_word' id='word_1_359' title='bbox 1012 1005 1040 1036; x_wconf 90' lang='lat'>1.</span> <span class='ocrx_word' id='word_1_360' title='bbox 1058 1005 1174 1042; x_wconf 88' lang='lat' dir='ltr'>Ivonis,</span> <span class='ocrx_word' id='word_1_361' title='bbox 1191 1017 1241 1046; x_wconf 93' lang='lat' dir='ltr'>ep.</span> <span class='ocrx_word' id='word_1_362' title='bbox 1258 1006 1471 1043; x_wconf 85' lang='lat' dir='ltr'>Carnotensis,</span> <span class='ocrx_word' id='word_1_363' title='bbox 1488 1006 1607 1048; x_wconf 81' lang='lat' dir='ltr'>[potius</span> <span class='ocrx_word' id='word_1_364' title='bbox 1624 1008 1766 1048; x_wconf 72' lang='lat' dir='ltr'>Hugonis</span> <span class='ocrx_word' id='word_1_365' title='bbox 1784 1010 1854 1039; x_wconf 85' lang='lat' dir='ltr'>Flo-</span> 
     </span>
     <span class='ocr_line' id='line_1_66' title="bbox 1074 1056 1855 1101; baseline 0.006 -15"><span class='ocrx_word' id='word_1_366' title='bbox 1074 1056 1247 1099; x_wconf 59' lang='lat' dir='ltr'>riacensis]</span> <span class='ocrx_word' id='word_1_367' title='bbox 1266 1057 1482 1088; x_wconf 85' lang='lat' dir='ltr'>chronicorum</span> <span class='ocrx_word' id='word_1_368' title='bbox 1500 1058 1642 1089; x_wconf 74' lang='lat' dir='ltr'>Franciae</span> <span class='ocrx_word' id='word_1_369' title='bbox 1659 1071 1764 1101; x_wconf 81' lang='lat' dir='ltr'>regum</span> <span class='ocrx_word' id='word_1_370' title='bbox 1786 1061 1855 1091; x_wconf 90' lang='lat' dir='ltr'>libri</span> 
     </span>
     <span class='ocr_line' id='line_1_67' title="bbox 1075 1108 1259 1139; baseline 0 -1"><span class='ocrx_word' id='word_1_371' title='bbox 1075 1119 1139 1139; x_wconf 85' lang='lat' dir='ltr'>sex.</span> <span class='ocrx_word' id='word_1_372' title='bbox 1163 1108 1214 1139; x_wconf 85' lang='lat' dir='ltr'>fol.</span> <span class='ocrx_word' id='word_1_373' title='bbox 1235 1119 1259 1138; x_wconf 95' lang='lat'>1.</span> 
     </span>
    </p>

    <p class='ocr_par' dir='ltr' id='par_1_25' title="bbox 1095 1159 1856 1409">
     <span class='ocr_line' id='line_1_68' title="bbox 1116 1159 1855 1202; baseline 0.004 -13"><span class='ocrx_word' id='word_1_374' title='bbox 1116 1159 1178 1190; x_wconf 91' lang='lat' dir='ltr'>Tit.</span> <span class='ocrx_word' id='word_1_375' title='bbox 1197 1164 1216 1177; x_wconf 82' lang='lat'>“</span> <span class='ocrx_word' id='word_1_376' title='bbox 1231 1159 1391 1201; x_wconf 81' lang='lat' dir='ltr'>Incipiunt</span> <span class='ocrx_word' id='word_1_377' title='bbox 1418 1163 1567 1201; x_wconf 82' lang='lat' dir='ltr'>excerpta</span> <span class='ocrx_word' id='word_1_378' title='bbox 1592 1160 1696 1191; x_wconf 84' lang='lat' dir='ltr'>lvonis</span> <span class='ocrx_word' id='word_1_379' title='bbox 1719 1162 1855 1202; x_wconf 78' lang='lat' dir='ltr'>episcopi</span> 
     </span>
     <span class='ocr_line' id='line_1_69' title="bbox 1096 1211 1856 1253; baseline 0.004 -13"><span class='ocrx_word' id='word_1_380' title='bbox 1096 1211 1309 1248; x_wconf 73' lang='lat' dir='ltr'>carnotensis,</span> <span class='ocrx_word' id='word_1_381' title='bbox 1323 1211 1353 1241; x_wconf 88' lang='lat' dir='ltr'>in</span> <span class='ocrx_word' id='word_1_382' title='bbox 1370 1211 1479 1252; x_wconf 85' lang='lat' dir='ltr'>primis</span> <span class='ocrx_word' id='word_1_383' title='bbox 1495 1212 1533 1242; x_wconf 92' lang='lat' dir='ltr'>de</span> <span class='ocrx_word' id='word_1_384' title='bbox 1548 1212 1645 1253; x_wconf 80' lang='lat' dir='ltr'>gestis</span> <span class='ocrx_word' id='word_1_385' title='bbox 1662 1214 1856 1253; x_wconf 82' lang='lat' dir='ltr'>quorundam</span> 
     </span>
     <span class='ocr_line' id='line_1_70' title="bbox 1095 1262 1856 1304; baseline 0.004 -13"><span class='ocrx_word' id='word_1_386' title='bbox 1095 1273 1203 1303; x_wconf 79' lang='lat' dir='ltr'>regum</span> <span class='ocrx_word' id='word_1_387' title='bbox 1224 1262 1426 1303; x_wconf 85' lang='lat' dir='ltr'>Assyriorum</span> <span class='ocrx_word' id='word_1_388' title='bbox 1453 1268 1485 1293; x_wconf 87' lang='lat' dir='ltr'>et</span> <span class='ocrx_word' id='word_1_389' title='bbox 1511 1263 1550 1294; x_wconf 89' lang='lat' dir='ltr'>de</span> <span class='ocrx_word' id='word_1_390' title='bbox 1575 1264 1673 1304; x_wconf 82' lang='lat' dir='ltr'>gestis</span> <span class='ocrx_word' id='word_1_391' title='bbox 1698 1265 1856 1295; x_wconf 90' lang='lat' dir='ltr'>omninum</span> 
     </span>
     <span class='ocr_line' id='line_1_71' title="bbox 1096 1313 1856 1355; baseline 0.004 -12"><span class='ocrx_word' id='word_1_392' title='bbox 1096 1313 1309 1344; x_wconf 84' lang='lat' dir='ltr'>Romanorum</span> <span class='ocrx_word' id='word_1_393' title='bbox 1326 1314 1550 1355; x_wconf 87' lang='lat' dir='ltr'>imperatorum</span> <span class='ocrx_word' id='word_1_394' title='bbox 1564 1318 1595 1345; x_wconf 89' lang='lat' dir='ltr'>et</span> <span class='ocrx_word' id='word_1_395' title='bbox 1608 1315 1647 1345; x_wconf 87' lang='lat' dir='ltr'>ad</span> <span class='ocrx_word' id='word_1_396' title='bbox 1660 1315 1801 1346; x_wconf 88' lang='lat' dir='ltr'>ultimum</span> <span class='ocrx_word' id='word_1_397' title='bbox 1818 1317 1856 1346; x_wconf 90' lang='lat' dir='ltr'>de</span> 
     </span>
     <span class='ocr_line' id='line_1_72' title="bbox 1095 1366 1841 1409; baseline 0.003 -13"><span class='ocrx_word' id='word_1_398' title='bbox 1095 1366 1215 1396; x_wconf 87' lang='lat' dir='ltr'>Karolo</span> <span class='ocrx_word' id='word_1_399' title='bbox 1232 1366 1354 1407; x_wconf 82' lang='lat' dir='ltr'>Magno</span> <span class='ocrx_word' id='word_1_400' title='bbox 1370 1371 1402 1397; x_wconf 89' lang='lat' dir='ltr'>et</span> <span class='ocrx_word' id='word_1_401' title='bbox 1419 1367 1485 1408; x_wconf 85' lang='lat' dir='ltr'>ejus</span> <span class='ocrx_word' id='word_1_402' title='bbox 1504 1366 1567 1397; x_wconf 90' lang='lat' dir='ltr'>filio</span> <span class='ocrx_word' id='word_1_403' title='bbox 1586 1367 1743 1398; x_wconf 80' lang='lat' dir='ltr'>Luslovico</span> <span class='ocrx_word' id='word_1_404' title='bbox 1763 1368 1841 1409; x_wconf 71' lang='lat' dir='ltr'>pio.”</span> 
     </span>
    </p>

    <p class='ocr_par' dir='ltr' id='par_1_26' title="bbox 1116 1418 1722 1461">
     <span class='ocr_line' id='line_1_73' title="bbox 1116 1418 1722 1461; baseline 0.003 -13"><span class='ocrx_word' id='word_1_405' title='bbox 1116 1418 1256 1449; x_wconf 84' lang='lat' dir='ltr'>Exstant</span> <span class='ocrx_word' id='word_1_406' title='bbox 1273 1418 1414 1460; x_wconf 83' lang='lat' dir='ltr'>impress.</span> <span class='ocrx_word' id='word_1_407' title='bbox 1433 1418 1610 1460; x_wconf 77' lang='lat' dir='ltr'>VVestphal.</span> <span class='ocrx_word' id='word_1_408' title='bbox 1632 1420 1722 1461; x_wconf 83' lang='lat'>1638.</span> 
     </span>
    </p>

    <p class='ocr_par' dir='ltr' id='par_1_27' title="bbox 1009 1474 1855 1557">
     <span class='ocr_line' id='line_1_74' title="bbox 1009 1474 1855 1511; baseline 0.001 -7"><span class='ocrx_word' id='word_1_409' title='bbox 1009 1475 1037 1504; x_wconf 70' lang='lat' dir='ltr'>Q.</span> <span class='ocrx_word' id='word_1_410' title='bbox 1056 1474 1148 1504; x_wconf 78' lang='lat' dir='ltr'>Bedae</span> <span class='ocrx_word' id='word_1_411' title='bbox 1160 1474 1325 1511; x_wconf 83' lang='lat' dir='ltr'>Chronica,</span> <span class='ocrx_word' id='word_1_412' title='bbox 1337 1485 1356 1504; x_wconf 90' lang='lat' dir='ltr'>a</span> <span class='ocrx_word' id='word_1_413' title='bbox 1366 1474 1524 1505; x_wconf 83' lang='lat' dir='ltr'>creatione</span> <span class='ocrx_word' id='word_1_414' title='bbox 1535 1475 1641 1505; x_wconf 88' lang='lat' dir='ltr'>mundi</span> <span class='ocrx_word' id='word_1_415' title='bbox 1655 1475 1694 1505; x_wconf 89' lang='lat' dir='ltr'>ad</span> <span class='ocrx_word' id='word_1_416' title='bbox 1709 1475 1855 1511; x_wconf 70' lang='lat' dir='ltr'>Leonem,</span> 
     </span>
     <span class='ocr_line' id='line_1_75' title="bbox 1074 1525 1803 1557; baseline 0.001 -2"><span class='ocrx_word' id='word_1_417' title='bbox 1074 1526 1141 1556; x_wconf 90' lang='grc' dir='ltr'>ΙΙΙ.</span> <span class='ocrx_word' id='word_1_418' title='bbox 1155 1525 1218 1556; x_wconf 84' lang='lat' dir='ltr'>sive</span> <span class='ocrx_word' id='word_1_419' title='bbox 1235 1526 1273 1556; x_wconf 88' lang='lat' dir='ltr'>de</span> <span class='ocrx_word' id='word_1_420' title='bbox 1290 1537 1343 1556; x_wconf 84' lang='lat' dir='ltr'>sex</span> <span class='ocrx_word' id='word_1_421' title='bbox 1359 1526 1505 1557; x_wconf 52' lang='lat' dir='ltr'>affatibus</span> <span class='ocrx_word' id='word_1_422' title='bbox 1520 1526 1638 1556; x_wconf 88' lang='lat' dir='ltr'>mundi.</span> <span class='ocrx_word' id='word_1_423' title='bbox 1662 1526 1712 1557; x_wconf 84' lang='lat' dir='ltr'>fol.</span> <span class='ocrx_word' id='word_1_424' title='bbox 1736 1537 1803 1557; x_wconf 71' lang='grc'><strong>101,</strong></span> 
     </span>
    </p>

    <p class='ocr_par' dir='ltr' id='par_1_28' title="bbox 1095 1577 1857 1669">
     <span class='ocr_line' id='line_1_76' title="bbox 1116 1577 1857 1618; baseline 0.003 -11"><span class='ocrx_word' id='word_1_425' title='bbox 1116 1577 1178 1607; x_wconf 86' lang='lat' dir='ltr'>Tit.</span> <span class='ocrx_word' id='word_1_426' title='bbox 1197 1583 1215 1593; x_wconf 62' lang='lat'>‘⁵</span> <span class='ocrx_word' id='word_1_427' title='bbox 1229 1577 1389 1618; x_wconf 88' lang='lat' dir='ltr'>Incipiunt</span> <span class='ocrx_word' id='word_1_428' title='bbox 1409 1577 1555 1608; x_wconf 82' lang='lat' dir='ltr'>chronica</span> <span class='ocrx_word' id='word_1_429' title='bbox 1571 1578 1755 1609; x_wconf 82' lang='lat' dir='ltr'>venerabilis</span> <span class='ocrx_word' id='word_1_430' title='bbox 1772 1578 1857 1609; x_wconf 83' lang='lat' dir='ltr'>Bede</span> 
     </span>
     <span class='ocr_line' id='line_1_77' title="bbox 1095 1629 1290 1669; baseline 0 -10"><span class='ocrx_word' id='word_1_431' title='bbox 1095 1629 1290 1669; x_wconf 75' lang='lat' dir='ltr'>presbite1·i.”</span> 
     </span>
    </p>

    <p class='ocr_par' dir='ltr' id='par_1_29' title="bbox 1093 1679 1856 1875">
     <span class='ocr_line' id='line_1_78' title="bbox 1116 1679 1856 1723; baseline 0.004 -13"><span class='ocrx_word' id='word_1_432' title='bbox 1116 1679 1154 1710; x_wconf 89' lang='lat' dir='ltr'>In</span> <span class='ocrx_word' id='word_1_433' title='bbox 1166 1680 1250 1710; x_wconf 89' lang='lat' dir='ltr'>calce</span> <span class='ocrx_word' id='word_1_434' title='bbox 1266 1680 1396 1711; x_wconf 87' lang='lat' dir='ltr'>inseruit</span> <span class='ocrx_word' id='word_1_435' title='bbox 1413 1691 1524 1711; x_wconf 86' lang='lat' dir='ltr'>manus</span> <span class='ocrx_word' id='word_1_436' title='bbox 1540 1681 1696 1712; x_wconf 85' lang='lat' dir='ltr'>recentior</span> <span class='ocrx_word' id='word_1_437' title='bbox 1707 1687 1856 1723; x_wconf 82' lang='lat' dir='ltr'>excerpta</span> 
     </span>
     <span class='ocr_line' id='line_1_79' title="bbox 1093 1731 1855 1773; baseline 0.004 -13"><span class='ocrx_word' id='word_1_438' title='bbox 1093 1731 1180 1761; x_wconf 84' lang='lat' dir='ltr'>varia</span> <span class='ocrx_word' id='word_1_439' title='bbox 1201 1742 1239 1761; x_wconf 85' lang='lat' dir='ltr'>ex</span> <span class='ocrx_word' id='word_1_440' title='bbox 1259 1731 1539 1762; x_wconf 88' lang='lat' dir='ltr'>constitutionibus</span> <span class='ocrx_word' id='word_1_441' title='bbox 1561 1732 1715 1773; x_wconf 84' lang='lat' dir='ltr'>aliquibus</span> <span class='ocrx_word' id='word_1_442' title='bbox 1739 1733 1855 1773; x_wconf 84' lang='lat' dir='ltr'>papali-</span> 
     </span>
     <span class='ocr_line' id='line_1_80' title="bbox 1094 1782 1855 1823; baseline 0.004 -12"><span class='ocrx_word' id='word_1_443' title='bbox 1094 1782 1163 1819; x_wconf 81' lang='lat' dir='ltr'>bus,</span> <span class='ocrx_word' id='word_1_444' title='bbox 1181 1782 1271 1823; x_wconf 90' lang='lat' dir='ltr'>incip.</span> <span class='ocrx_word' id='word_1_445' title='bbox 1290 1788 1307 1799; x_wconf 59' lang='lat'>*⁵</span> <span class='ocrx_word' id='word_1_446' title='bbox 1323 1782 1411 1813; x_wconf 86' lang='lat' dir='ltr'>Licet</span> <span class='ocrx_word' id='word_1_447' title='bbox 1436 1784 1474 1813; x_wconf 90' lang='lat' dir='ltr'>de</span> <span class='ocrx_word' id='word_1_448' title='bbox 1496 1783 1624 1814; x_wconf 84' lang='lat' dir='ltr'>vitanda</span> <span class='ocrx_word' id='word_1_449' title='bbox 1648 1783 1803 1814; x_wconf 78' lang='lat' dir='ltr'>discordia</span> <span class='ocrx_word' id='word_1_450' title='bbox 1824 1784 1855 1814; x_wconf 90' lang='lat' dir='ltr'>in</span> 
     </span>
     <span class='ocr_line' id='line_1_81' title="bbox 1093 1833 1596 1875; baseline 0 -11"><span class='ocrx_word' id='word_1_451' title='bbox 1093 1833 1245 1864; x_wconf 87' lang='lat' dir='ltr'>electione</span> <span class='ocrx_word' id='word_1_452' title='bbox 1262 1834 1396 1864; x_wconf 82' lang='lat' dir='ltr'>Romani</span> <span class='ocrx_word' id='word_1_453' title='bbox 1412 1834 1596 1875; x_wconf 72' lang='lat' dir='ltr'>poiitificis.”</span> 
     </span>
    </p>
   </div>
   <div class='ocr_carea' id='block_1_15' title="bbox 1303 1942 1521 1976">
    <p class='ocr_par' dir='ltr' id='par_1_30' title="bbox 1303 1942 1521 1976">
     <span class='ocr_line' id='line_1_82' title="bbox 1303 1942 1521 1976; baseline -0.005 0"><span class='ocrx_word' id='word_1_454' title='bbox 1303 1942 1521 1976; x_wconf 88' lang='lat' dir='ltr'>LXXXIX.</span> 
     </span>
    </p>
   </div>
   <div class='ocr_carea' id='block_1_16' title="bbox 966 2004 1854 2836">
    <p class='ocr_par' dir='ltr' id='par_1_31' title="bbox 966 2004 1854 2224">
     <span class='ocr_line' id='line_1_83' title="bbox 966 2004 1854 2046; baseline 0 -8"><span class='ocrx_word' id='word_1_455' title='bbox 966 2004 1271 2045; x_wconf 52' lang='lat' dir='ltr'>lN&#39;Ieinbranaceus⁹</span> <span class='ocrx_word' id='word_1_456' title='bbox 1286 2005 1320 2038; x_wconf 91' lang='lat' dir='ltr'>in</span> <span class='ocrx_word' id='word_1_457' title='bbox 1337 2005 1432 2046; x_wconf 81' lang='lat' dir='ltr'>folio,</span> <span class='ocrx_word' id='word_1_458' title='bbox 1448 2005 1480 2038; x_wconf 82' lang='lat' dir='ltr'>ff.</span> <span class='ocrx_word' id='word_1_459' title='bbox 1496 2007 1578 2044; x_wconf 82' lang='lat'>301,</span> <span class='ocrx_word' id='word_1_460' title='bbox 1598 2016 1665 2038; x_wconf 82' lang='lat' dir='ltr'>sec.</span> <span class='ocrx_word' id='word_1_461' title='bbox 1680 2016 1747 2044; x_wconf 88' lang='lat' dir='ltr'>xv.‚</span> <span class='ocrx_word' id='word_1_462' title='bbox 1767 2005 1854 2038; x_wconf 80' lang='lat' dir='ltr'>binis</span> 
     </span>
     <span class='ocr_line' id='line_1_84' title="bbox 990 2062 1854 2103; baseline -0.001 -7"><span class='ocrx_word' id='word_1_463' title='bbox 990 2063 1160 2097; x_wconf 86' lang='lat' dir='ltr'>columnis</span> <span class='ocrx_word' id='word_1_464' title='bbox 1174 2064 1284 2097; x_wconf 84' lang='lat' dir='ltr'>nitide</span> <span class='ocrx_word' id='word_1_465' title='bbox 1297 2069 1476 2103; x_wconf 49' lang='lat' dir='ltr'>exaratum</span> <span class='ocrx_word' id='word_1_466' title='bbox 1491 2069 1561 2097; x_wconf 73' lang='lat' dir='ltr'>“ex</span> <span class='ocrx_word' id='word_1_467' title='bbox 1576 2063 1666 2096; x_wconf 88' lang='lat' dir='ltr'>dono</span> <span class='ocrx_word' id='word_1_468' title='bbox 1680 2063 1753 2096; x_wconf 76' lang='lat' dir='ltr'>Ric.</span> <span class='ocrx_word' id='word_1_469' title='bbox 1763 2062 1854 2096; x_wconf 83' lang='lat' dir='ltr'>Fitz-</span> 
     </span>
     <span class='ocr_line' id='line_1_85' title="bbox 989 2121 1853 2166; baseline 0 -12"><span class='ocrx_word' id='word_1_470' title='bbox 989 2121 1118 2159; x_wconf 78' lang='lat' dir='ltr'>James,</span> <span class='ocrx_word' id='word_1_471' title='bbox 1134 2133 1244 2166; x_wconf 84' lang='lat' dir='ltr'>nuper</span> <span class='ocrx_word' id='word_1_472' title='bbox 1259 2122 1362 2166; x_wconf 85' lang='lat' dir='ltr'>episc.</span> <span class='ocrx_word' id='word_1_473' title='bbox 1376 2121 1519 2154; x_wconf 85' lang='lat' dir='ltr'>Cicestr.</span> <span class='ocrx_word' id='word_1_474' title='bbox 1535 2126 1570 2153; x_wconf 87' lang='lat' dir='ltr'>et</span> <span class='ocrx_word' id='word_1_475' title='bbox 1585 2121 1737 2154; x_wconf 82' lang='lat' dir='ltr'>custodis</span> <span class='ocrx_word' id='word_1_476' title='bbox 1757 2121 1853 2154; x_wconf 63' lang='lat' dir='ltr'>istius</span> 
     </span>
     <span class='ocr_line' id='line_1_86' title="bbox 989 2179 1163 2224; baseline 0 -12"><span class='ocrx_word' id='word_1_477' title='bbox 989 2179 1163 2224; x_wconf 78' lang='lat' dir='ltr'>collegii.’&#39;</span> 
     </span>
    </p>

    <p class='ocr_par' dir='ltr' id='par_1_32' title="bbox 1008 2239 1684 2280">
     <span class='ocr_line' id='line_1_87' title="bbox 1008 2239 1684 2280; baseline 0 -11"><span class='ocrx_word' id='word_1_478' title='bbox 1008 2239 1187 2280; x_wconf 86' lang='lat' dir='ltr'>Raymundi</span> <span class='ocrx_word' id='word_1_479' title='bbox 1207 2239 1297 2269; x_wconf 91' lang='lat' dir='ltr'>Lullii</span> <span class='ocrx_word' id='word_1_480' title='bbox 1314 2250 1409 2280; x_wconf 85' lang='lat' dir='ltr'>opera</span> <span class='ocrx_word' id='word_1_481' title='bbox 1426 2239 1511 2269; x_wconf 85' lang='lat' dir='ltr'>varia</span> <span class='ocrx_word' id='word_1_482' title='bbox 1525 2252 1532 2273; x_wconf 75' lang='grc' dir='ltr'>ς</span> <span class='ocrx_word' id='word_1_483' title='bbox 1558 2239 1684 2275; x_wconf 86' lang='lat' dir='ltr'>scilicet,</span> 
     </span>
    </p>

    <p class='ocr_par' dir='ltr' id='par_1_33' title="bbox 1009 2289 1852 2430">
     <span class='ocr_line' id='line_1_88' title="bbox 1009 2289 1852 2331; baseline -0.002 -11"><span class='ocrx_word' id='word_1_484' title='bbox 1009 2291 1038 2320; x_wconf 88' lang='lat'>1.</span> <span class='ocrx_word' id='word_1_485' title='bbox 1056 2290 1239 2331; x_wconf 81' lang='lat' dir='ltr'>Disputatio</span> <span class='ocrx_word' id='word_1_486' title='bbox 1263 2290 1422 2321; x_wconf 64' lang='lat' dir='ltr'>heremitae</span> <span class='ocrx_word' id='word_1_487' title='bbox 1439 2295 1470 2321; x_wconf 86' lang='lat' dir='ltr'>et</span> <span class='ocrx_word' id='word_1_488' title='bbox 1487 2290 1663 2331; x_wconf 79' lang='lat' dir='ltr'>Raymundi</span> <span class='ocrx_word' id='word_1_489' title='bbox 1686 2300 1778 2330; x_wconf 81' lang='lat' dir='ltr'>super</span> <span class='ocrx_word' id='word_1_490' title='bbox 1798 2289 1852 2319; x_wconf 84' lang='lat' dir='ltr'>ali-</span> 
     </span>
     <span class='ocr_line' id='line_1_89' title="bbox 1073 2340 1848 2382; baseline 0 -13"><span class='ocrx_word' id='word_1_491' title='bbox 1073 2341 1184 2381; x_wconf 84' lang='lat' dir='ltr'>quibus</span> <span class='ocrx_word' id='word_1_492' title='bbox 1201 2342 1304 2372; x_wconf 83' lang='lat' dir='ltr'>dubiis</span> <span class='ocrx_word' id='word_1_493' title='bbox 1320 2342 1544 2382; x_wconf 69' lang='lat' dir='ltr'>quaestionibus</span> <span class='ocrx_word' id='word_1_494' title='bbox 1560 2342 1783 2372; x_wconf 80' lang='lat' dir='ltr'>sententiarum</span> <span class='ocrx_word' id='word_1_495' title='bbox 1801 2340 1848 2370; x_wconf 81' lang='grc' dir='ltr'>Μ.</span> 
     </span>
     <span class='ocr_line' id='line_1_90' title="bbox 1072 2392 1837 2430; baseline -0.003 -7"><span class='ocrx_word' id='word_1_496' title='bbox 1072 2393 1161 2424; x_wconf 88' lang='lat' dir='ltr'>Petri</span> <span class='ocrx_word' id='word_1_497' title='bbox 1181 2393 1360 2430; x_wconf 73' lang='lat' dir='ltr'>Lombardi,</span> <span class='ocrx_word' id='word_1_498' title='bbox 1379 2405 1449 2424; x_wconf 86' lang='grc'><strong>011111</strong></span> <span class='ocrx_word' id='word_1_499' title='bbox 1466 2394 1574 2424; x_wconf 89' lang='lat' dir='ltr'>tabula</span> <span class='ocrx_word' id='word_1_500' title='bbox 1589 2404 1720 2423; x_wconf 82' lang='lat' dir='ltr'>annexa.</span> <span class='ocrx_word' id='word_1_501' title='bbox 1745 2392 1794 2421; x_wconf 78' lang='lat' dir='ltr'>fol.</span> <span class='ocrx_word' id='word_1_502' title='bbox 1814 2402 1837 2421; x_wconf 89' lang='lat'>1.</span> 
     </span>
    </p>

    <p class='ocr_par' dir='ltr' id='par_1_34' title="bbox 1115 2443 1797 2486">
     <span class='ocr_line' id='line_1_91' title="bbox 1115 2443 1797 2486; baseline -0.003 -12"><span class='ocrx_word' id='word_1_503' title='bbox 1115 2444 1213 2486; x_wconf 88' lang='lat' dir='ltr'>Incip.</span> <span class='ocrx_word' id='word_1_504' title='bbox 1232 2450 1251 2461; x_wconf 65' lang='lat'>‘⁴</span> <span class='ocrx_word' id='word_1_505' title='bbox 1265 2445 1470 2486; x_wconf 68' lang='lat' dir='ltr'>Raymundus</span> <span class='ocrx_word' id='word_1_506' title='bbox 1489 2444 1625 2475; x_wconf 64' lang='lat' dir='ltr'>Paris-ius</span> <span class='ocrx_word' id='word_1_507' title='bbox 1641 2443 1797 2473; x_wconf 64' lang='lat' dir='ltr'>studens.”</span> 
     </span>
    </p>

    <p class='ocr_par' dir='ltr' id='par_1_35' title="bbox 1007 2497 1849 2693">
     <span class='ocr_line' id='line_1_92' title="bbox 1007 2497 1849 2541; baseline -0.004 -12"><span class='ocrx_word' id='word_1_508' title='bbox 1007 2501 1037 2529; x_wconf 70' lang='grc'>2.</span> <span class='ocrx_word' id='word_1_509' title='bbox 1059 2500 1238 2531; x_wconf 84' lang='lat' dir='ltr'>Declaratio</span> <span class='ocrx_word' id='word_1_510' title='bbox 1258 2511 1314 2541; x_wconf 90' lang='lat' dir='ltr'>per</span> <span class='ocrx_word' id='word_1_511' title='bbox 1335 2500 1460 2530; x_wconf 82' lang='lat' dir='ltr'>modum</span> <span class='ocrx_word' id='word_1_512' title='bbox 1477 2498 1590 2539; x_wconf 79' lang='lat' dir='ltr'>dialogi</span> <span class='ocrx_word' id='word_1_513' title='bbox 1607 2506 1715 2528; x_wconf 86' lang='lat' dir='ltr'>contra</span> <span class='ocrx_word' id='word_1_514' title='bbox 1732 2497 1849 2537; x_wconf 79' lang='lat' dir='ltr'>aliquo-</span> 
     </span>
     <span class='ocr_line' id='line_1_93' title="bbox 1072 2547 1849 2592; baseline -0.004 -12"><span class='ocrx_word' id='word_1_515' title='bbox 1072 2561 1140 2580; x_wconf 88' lang='lat' dir='ltr'>rum</span> <span class='ocrx_word' id='word_1_516' title='bbox 1168 2551 1423 2592; x_wconf 86' lang='lat' dir='ltr'>philosophorum</span> <span class='ocrx_word' id='word_1_517' title='bbox 1455 2553 1486 2580; x_wconf 87' lang='lat' dir='ltr'>ct</span> <span class='ocrx_word' id='word_1_518' title='bbox 1516 2559 1621 2579; x_wconf 87' lang='lat' dir='ltr'>eorum</span> <span class='ocrx_word' id='word_1_519' title='bbox 1653 2547 1849 2587; x_wconf 81' lang='lat' dir='ltr'>scquencium</span> 
     </span>
     <span class='ocr_line' id='line_1_94' title="bbox 1071 2598 1849 2642; baseline -0.005 -11"><span class='ocrx_word' id='word_1_520' title='bbox 1071 2601 1232 2642; x_wconf 84' lang='lat' dir='ltr'>opiniones</span> <span class='ocrx_word' id='word_1_521' title='bbox 1262 2612 1407 2632; x_wconf 82' lang='lat' dir='ltr'>erroneas</span> <span class='ocrx_word' id='word_1_522' title='bbox 1437 2601 1601 2630; x_wconf 86' lang='lat' dir='ltr'>damnatas</span> <span class='ocrx_word' id='word_1_523' title='bbox 1634 2610 1653 2629; x_wconf 83' lang='lat' dir='ltr'>a</span> <span class='ocrx_word' id='word_1_524' title='bbox 1683 2598 1849 2629; x_wconf 80' lang='lat' dir='ltr'>venerabili</span> 
     </span>
     <span class='ocr_line' id='line_1_95' title="bbox 1072 2650 1676 2693; baseline -0.003 -11"><span class='ocrx_word' id='word_1_525' title='bbox 1072 2656 1162 2693; x_wconf 85' lang='lat' dir='ltr'>patre</span> <span class='ocrx_word' id='word_1_526' title='bbox 1178 2652 1323 2693; x_wconf 88' lang='lat' dir='ltr'>episcopo</span> <span class='ocrx_word' id='word_1_527' title='bbox 1342 2651 1517 2682; x_wconf 83' lang='lat' dir='ltr'>Parisiensi.</span> <span class='ocrx_word' id='word_1_528' title='bbox 1541 2650 1590 2680; x_wconf 87' lang='lat' dir='ltr'>fol.</span> <span class='ocrx_word' id='word_1_529' title='bbox 1609 2660 1676 2689; x_wconf 79' lang='lat'>109.</span> 
     </span>
    </p>

    <p class='ocr_par' dir='ltr' id='par_1_36' title="bbox 1094 2700 1847 2836">
     <span class='ocr_line' id='line_1_96' title="bbox 1116 2700 1834 2744; baseline -0.007 -10"><span class='ocrx_word' id='word_1_530' title='bbox 1116 2703 1214 2744; x_wconf 89' lang='lat' dir='ltr'>Incip.</span> <span class='ocrx_word' id='word_1_531' title='bbox 1232 2710 1249 2720; x_wconf 67' lang='lat'>⁶·</span> <span class='ocrx_word' id='word_1_532' title='bbox 1264 2704 1302 2734; x_wconf 89' lang='lat' dir='ltr'>In</span> <span class='ocrx_word' id='word_1_533' title='bbox 1320 2703 1453 2744; x_wconf 88' lang='lat' dir='ltr'>quadam</span> <span class='ocrx_word' id='word_1_534' title='bbox 1470 2701 1649 2741; x_wconf 75' lang='lat' dir='ltr'>silvajuxta</span> <span class='ocrx_word' id='word_1_535' title='bbox 1668 2700 1834 2731; x_wconf 66' lang='lat' dir='ltr'>Parisius.&#39;&#39;</span> 
     </span>
     <span class='ocr_line' id='line_1_97' title="bbox 1116 2751 1847 2793; baseline -0.005 -8"><span class='ocrx_word' id='word_1_536' title='bbox 1116 2754 1232 2785; x_wconf 84' lang='lat' dir='ltr'>Deficit</span> <span class='ocrx_word' id='word_1_537' title='bbox 1250 2755 1282 2785; x_wconf 93' lang='lat' dir='ltr'>in</span> <span class='ocrx_word' id='word_1_538' title='bbox 1298 2754 1408 2790; x_wconf 82' lang='lat' dir='ltr'>verbis,</span> <span class='ocrx_word' id='word_1_539' title='bbox 1427 2758 1444 2770; x_wconf 65' lang='lat'>‘⁵</span> <span class='ocrx_word' id='word_1_540' title='bbox 1457 2758 1488 2784; x_wconf 81' lang='lat' dir='ltr'>ct</span> <span class='ocrx_word' id='word_1_541' title='bbox 1509 2753 1681 2793; x_wconf 82' lang='lat' dir='ltr'>attingeret</span> <span class='ocrx_word' id='word_1_542' title='bbox 1705 2751 1847 2792; x_wconf 84' lang='lat' dir='ltr'>intelligi-</span> 
     </span>
     <span class='ocr_line' id='line_1_98' title="bbox 1094 2805 1418 2836; baseline 0.003 -1"><span class='ocrx_word' id='word_1_543' title='bbox 1094 2805 1187 2836; x_wconf 89' lang='lat' dir='ltr'>bilem</span> <span class='ocrx_word' id='word_1_544' title='bbox 1203 2805 1418 2836; x_wconf 71' lang='lat' dir='ltr'>remotum”—</span> 
     </span>
    </p>
   </div>
  </div>
 </body>
</html>
