2254 3117
384 180 428 214 66

529 277 708 307 Confectum
730 285 796 304 csse
818 284 895 314 opus
918 273 1001 303 istud
1024 273 1136 314 partim
1160 284 1176 304 e
1200 273 1251 303 Ni-

508 327 583 358 colai
617 325 779 366 Praepositi
810 324 1012 354 Antidotario
1048 323 1186 364 liquebit,
1217 327 1252 353 ut

508 379 675 419 opinamur,
693 387 730 406 ex
746 375 908 406 collatione
923 386 1029 405 eorum
1046 385 1114 415 quae
1135 375 1172 404 de
1192 385 1252 404 me-

507 428 613 459 dicinis
644 426 818 457 'Filonium
848 425 970 466 majus,’
1003 424 1252 455 ‘Gariofilatum'

507 480 633 520 aliisque
649 485 848 518 occupamur.

423 546 450 573 5.
468 542 587 573 Tabula
611 541 891 581 experimentorum
920 543 1028 569 contra
1053 539 1172 568 diversa
1197 550 1249 579 ge-

485 603 559 623 nera
580 591 807 633 aegritudinum,
828 602 895 632 quse
919 590 948 620 in
969 595 1108 621 tractatu
1130 591 1167 619 de
1183 590 1252 619 sim-

485 643 613 684 plicibus
629 642 786 672 medicinis
801 647 967 683 ponuntur.
992 642 1041 672 fol.
1054 651 1103 682 52.

527 693 736 724 Przemittitur
751 693 872 729 notitia,
887 693 976 734 incip.
993 699 1011 708 “
1023 693 1102 731 Quia
1114 692 1253 733 superius

505 746 534 775 in
551 749 687 776 tractatu
705 746 742 775 de
759 745 947 786 simplicibus
962 744 1148 775 medicinisf'

527 796 623 837 Incip.
649 796 795 827 “Contra
820 796 1004 837 Allopiciam
1028 796 1095 825 vide
1121 795 1151 825 in
1175 795 1252 831 istis,

507 847 686 883 Absinthio,
704 847 899 877 Anacardof’

421 906 449 937 6.
467 907 633 937 Tractatus
649 907 686 937 de
705 906 799 947 signis
819 906 1049 946 complexionis,
1066 906 1252 947 repletionis,

484 962 515 988 et
528 958 719 999 digestionis,
730 958 767 987 de
780 957 926 993 trocistis,
938 957 1058 998 pillulis,
1071 963 1128 987 etc.
1143 957 1191 987 fol.
1204 958 1253 987 62.

528 1009 625 1050 Incip.
651 1009 730 1039 “Dc
757 1009 851 1050 signis
876 1019 934 1049 que
965 1014 1036 1040 sunt
1062 1009 1144 1039 circa
1174 1020 1253 1039 com-

506 1060 677 1100 plexionem
693 1064 725 1091 et
741 1060 976 1101 replecione1n.''

422 1125 449 1154 7.
468 1123 515 1154 Dc
531 1123 677 1164 regimine
694 1123 837 1153 sanitatis
854 1122 980 1153 libellus.
1005 1122 1055 1152 fol.
1071 1123 1108 1152 88
1123 1123 1150 1152 b.

529 1174 626 1215 Incip.
659 1174 844 1204 “Scribitur
875 1174 915 1204 ab
948 1173 1052 1204 Ysaac
1082 1174 1112 1203 in
1143 1178 1254 1214 quarto

508 1225 617 1256 Viatici
647 1225 727 1266 quod
762 1225 934 1265 quicunque
971 1225 1159 1255 cotidianam
1190 1223 1254 1253 vult

506 1276 660 1306 custodire
676 1276 871 1306 sanitatem.”

423 1340 452 1369 8.
470 1339 636 1369 Tractatus
658 1339 696 1369 dc
716 1339 826 1369 areolis
849 1339 1069 1370 medicinarum
1088 1339 1254 1369 secundum

487 1389 659 1420 Johannem
676 1390 714 1420 (lc
730 1390 761 1420 S.
774 1390 930 1420 Amando.
953 1390 1004 1420 fol.
1018 1399 1057 1431 95
1070 1391 1098 1420 b.

527 1441 588 1471 Tit.
608 1447 625 1456 “
638 1440 700 1471 Pro
716 1441 850 1480 regenda
866 1441 1030 1471 sanitate.''

530 1491 626 1531 Incip.
645 1497 663 1505 ‘¹
675 1491 767 1521 Sicud
783 1491 857 1522 dicit
871 1491 1059 1532 S(erapion),
1073 1492 1172 1532 primo
1185 1492 1254 1522 sim-

506 1541 592 1582 plicis
614 1542 762 1573 medicine
784 1542 920 1582 capitulo
937 1544 953 1572 8
971 1543 1001 1573 iu
1024 1543 1115 1573 finem
1132 1554 1192 1573 uon
1208 1547 1255 1573 est

510 1593 679 1634 possibile.”

531 1644 608 1684 Cap.
636 1644 692 1674 ult.
719 1647 776 1682 est,
805 1650 822 1659 ‘¹
837 1644 884 1674 De
914 1644 1072 1675 medicinis
1102 1645 1255 1684 laxativis,

510 1695 606 1735 primo
630 1695 667 1725 de
690 1694 808 1729 Alces*
839 1700 871 1726 et
897 1694 1001 1726 deficit
1027 1702 1043 1711 ‘⁴
1059 1697 1111 1726 sed
1141 1696 1171 1726 in
1197 1696 1255 1727 hoc

509 1750 633 1785 oportet
657 1750 691 1775 ut
714 1745 816 1775 illum”
925 1746 973 1776 cui
1000 1746 1177 1778 adnectitur
1202 1758 1255 1777 no—

510 1795 580 1826 titia
616 1807 753 1837 sequens,
787 1796 985 1827 '‘Residuum
1022 1798 1060 1828 (lc
1098 1798 1256 1828 medicinis

510 1846 651 1877 laxativis
667 1847 854 1889 simplicibus
874 1848 981 1878 haberi
1002 1853 1105 1889 potest
1126 1849 1157 1879 in
1174 1849 1256 1880 volu-

510 1897 590 1928 mine
610 1897 658 1928 hic
680 1909 775 1939 prope
793 1899 925 1939 jacente,
949 1900 1126 1931 continente
1146 1900 1257 1930 Lilium

511 1948 677 1984 medicine3
703 1955 749 1980 est
770 1950 850 1980 enim
871 1950 912 1981 ibi
933 1954 1086 1982 tractatus
1108 1951 1205 1993 prime
1226 1952 1256 1982 in

512 1998 636 2040 Tegni.”

534 2049 742 2080 Praenlittitur
778 2051 873 2081 codici
910 2052 1032 2089 notitia,
1072 2060 1089 2069 ‘⁴
1106 2054 1258 2095 Magister

511 2100 668 2130 Johannes
698 2101 855 2143 Bcvryngs
885 2104 1038 2143 quondam
1068 2105 1168 2135 socius
1198 2105 1257 2135 col·
1287 2105 1289 2123 ⁵

510 2150 579 2191 legii
596 2151 780 2182 Exoniensis
800 2164 924 2195 compos
946 2156 1056 2186 mentis
1076 2168 1128 2187 sue
1144 2157 1257 2197 legavit

512 2202 604 2232 istum
629 2202 740 2233 librum
764 2205 969 2236 catenandum
996 2207 1027 2237 in
1050 2207 1175 2238 librario
1199 2208 1257 2238 col-

511 2253 581 2294 legii
598 2253 842 2294 IVyntoniensis,
859 2256 889 2286 in
913 2268 973 2297 quo
996 2258 1193 2289 continentur
1215 2259 1257 2289 di·
1288 2264 1289 2276 ³

512 2305 589 2335 versi
605 2310 760 2337 tractatus
776 2303 995 2339 medicinarum
1009 2311 1257 2351 compositarum.

511 2357 596 2397 cujus
612 2357 712 2388 anime
728 2359 916 2400 propicietur
932 2361 1047 2391 Deus.''

748 2485 897 2520 CLXX.

389 2544 505 2578 (lodex
526 2547 816 2587 membranaceus,
836 2549 869 2581 in
885 2549 1114 2590 folio-nuncii,
1129 2551 1161 2584 ff.
1178 2554 1258 2590 279,

412 2614 476 2635 sec.
497 2604 584 2643 xiv.;
612 2605 698 2638 binis
717 2606 884 2640 columnis
903 2614 1071 2641 exaratus.

435 2675 649 2706 l..I‹›ha11nitii
688 2678 818 2718 Isagogc
856 2678 886 2708 in
924 2679 1033 2710 Galeni
1065 2681 1160 2721 Tegni
1198 2681 1259 2710 sive
1288 2697 1290 2707 π

495 2726 601 2756 Artem
618 2738 754 2766 parvam.
777 2728 827 2758 fol.
840 2738 870 2769 3.

532 2776 592 2807 Tit.
612 2783 628 2792 “
649 2778 736 2809 Liber
752 2779 956 2810 Johar1nicii.”

929 176 1228 210 CATALOGUS
1254 174 1487 210 CODICUM
1516 175 1623 210 MSS.

1345 275 1373 303 2.
1393 273 1541 304 Philareti
1556 273 1675 304 libellus
1688 273 1725 304 de
1737 274 1885 314 pulsibus,
1904 274 2086 316 [interprete
2099 276 2177 307 Pon-

1408 325 1469 355 tico
1482 324 1622 358 Virunio,
1635 324 1825 365 Tarvisin03]
1841 336 1909 355 cum
1921 325 2070 366 glossulis.
2087 327 2137 358 fol.
2150 340 2176 367 9.

1452 375 1513 406 Tit.
1532 381 1549 390 “
1566 374 1679 415 Incipit
1695 375 1772 405 liber
1788 375 1913 406 Filareti
1930 376 1968 407 de
1983 377 2147 417 pulsibus.”

1453 426 1489 456 In
1513 425 1604 469 calce,
1623 432 1640 440 “
1657 425 1795 466 Explicit
1817 426 1894 457 liber
1910 426 2038 458 Filareti
2058 428 2095 458 de
2116 429 2178 470 pul-

1431 487 1519 506 suum
1536 476 1695 517 negocio.”

1348 532 1377 562 3.
1396 531 1488 561 Liber
1511 531 1548 562 (le
1571 531 1729 561 urinarum
1749 531 1872 572 judiciis
1893 544 1912 563 a
1930 544 2003 564 voce
2019 533 2178 576 Theophili

1412 582 1672 621 protospatharii.
1696 582 1747 612 fol.
1766 593 1775 612 1
1788 593 1812 614 1.

1455 633 1517 663 Tit.
1536 639 1553 648 “
1570 633 1684 674 Incipit
1699 633 1776 664 liber
1791 634 1949 665 urinarum
1965 647 1984 666 a
1999 647 2071 667 voce
2085 637 2180 668 Theo-

1433 684 1536 725 phili.”

1455 734 1491 764 In
1513 735 1604 771 calce,
1624 741 1640 750 “
1657 735 1793 777 Explicit
1813 736 1890 767 liber
1906 737 2061 769 urinarum
2076 750 2095 770 a
2110 751 2180 771 voce

1433 786 1590 816 Theoflli.”

1350 842 1376 870 4.
1395 840 1502 870 Galcni
1528 841 1586 871 Ars
1608 841 1717 878 Parva,
1742 853 1811 872 cum
1834 842 1918 883 Haly
1935 843 2077 874 Rodoani
2100 855 2179 875 com-

1412 892 1572 929 mentario,
1589 891 1772 933 [interprete
1788 893 1928 924 Gerardo
1941 894 2137 926 Cremonensi
2146 896 2179 938 ⁹]

1412 942 1461 972 fol.
1480 952 1526 982 17.

1456 994 1494 1023 In
1517 993 1610 1029 calce,
1635 994 1802 1036 “Explicit
1826 995 1923 1037 'segni
1945 998 1983 1027 G.
2009 1008 2078 1028 cuin
2102 1009 2180 1028 com—

1434 1048 1537 1074 mento
1554 1044 1620 1075 H.”

1456 1096 1602 1136 Sequitur
1619 1096 1726 1127 tabula
1743 1097 1964 1127 Definitionum
1980 1098 2145 1140 medicinae.

1349 1162 1378 1190 5.
1397 1160 1601 1201 Hippocratis
1615 1160 1879 1201 Aphorismorum,
1892 1173 1961 1192 cum
1977 1161 2087 1193 Galeni
2104 1174 2180 1193 com—

1413 1211 1582 1247 mentariis,
1606 1211 1775 1252 interprete
1802 1212 2006 1243 Constantino
2028 1214 2179 1251 Africano,

1413 1273 1482 1292 cum
1520 1262 1656 1303 ejusdem
1686 1262 1883 1294 Constantini
1922 1264 1959 1294 ad
1995 1264 2179 1296 Glauconem

1414 1314 1544 1355 epistola
1560 1314 1727 1355 praemissa.
1752 1314 1802 1343 fol.
1817 1317 1866 1354 96.

1458 1365 1496 1395 In
1512 1365 1605 1402 calce,
1623 1365 1789 1406 “Explicit
1811 1370 2017 1396 commentum
2035 1367 2076 1397 G.
2092 1378 2181 1407 super

1436 1416 1669 1457 Amphorismos
1688 1416 1788 1457 Ypo.”

1350 1475 1379 1505 6.
1398 1475 1546 1516 Ejusdem
1569 1475 1782 1516 Prognostica,
1806 1487 1874 1506 cum
1898 1476 2006 1507 Galeni
2035 1488 2181 1508 commen-

1414 1526 1512 1562 tariis,
1529 1526 1700 1567 interprete
1716 1527 1832 1557 eodem.
1857 1527 1905 1557 sol.
1924 1527 1989 1559 162.

1457 1578 1495 1608 In
1519 1578 1612 1614 calce,
1635 1584 1653 1593 “
1666 1578 1802 1618 Explicit
1822 1578 1899 1608 liber
1918 1579 2180 1620 prognosticorum

1437 1629 1519 1670 Ypo.
1566 1630 1643 1660 Cum
1659 1636 1834 1660 commento
1850 1630 1906 1660 G.”

1352 1690 1379 1720 7.
1398 1689 1545 1730 Ejusdem
1577 1688 1653 1719 liber
1679 1690 1717 1720 de
1746 1689 1893 1730 regimine
1916 1694 2087 1724 acutorum.
2115 1701 2181 1721 cum

1414 1740 1550 1781 ejusdem
1569 1740 1678 1771 Galcni
1700 1741 1940 1778 commentariis,
1961 1742 2067 1772 eodeni
2091 1742 2180 1773 inter-

1413 1796 1508 1832 prete.
1533 1791 1583 1821 sol.
1601 1794 1657 1821 206
1673 1792 1701 1822 b.

1458 1843 1496 1872 In
1512 1842 1605 1879 calce,
1623 1848 1640 1857 “
1654 1842 1788 1883 Explicit
1805 1842 2007 1883 regimentum
2023 1849 2179 1874 acutarum

1436 1893 1674 1934 egritU(li1uini.”

1351 1951 1380 1978 8.
1399 1948 1520 1989 AEgislii
1547 1948 1740 1979 Corbeiensis
1766 1948 1804 1979 de
1834 1948 1930 1978 urinis
1956 1959 2088 1984 carmen.
2116 1960 2180 1980 cum

1415 2000 1547 2030 Gilberti
1563 1999 1699 2040 (Anglici
1712 2001 1733 2038 ἔ)
1752 2000 1981 2030 commentario.
2006 2000 2056 2030 fol.
2071 2009 2139 2041 257.

1460 2050 1555 2091 Incip.
1585 2054 1747 2080 comment.
1781 2056 1798 2065 ¹‘
1814 2050 1900 2081 Sicut
1930 2050 2005 2081 dicit
2031 2050 2180 2081 Constan-

1437 2101 1520 2131 tinus
1536 2101 1565 2131 in
1582 2101 1763 2142 Pantegni.”

1461 2152 1497 2182 In
1521 2152 1614 2188 calce,
1632 2158 1649 2167 “
1665 2151 1841 2193 Expliciunt
1867 2164 1970 2183 versus
1992 2152 2093 2194 Egidii
2115 2163 2180 2184 cum

1437 2208 1579 2234 cemento
1596 2203 1757 2234 Crilberti?q

1459 2254 1596 2295 Subjecit
1610 2265 1718 2285 manus
1730 2254 1883 2285 recent-ior
1896 2254 2020 2285 modum
2033 2254 2180 2285 scribendi

1426 2306 1575 2345 „pondera
1587 2305 1671 2335 varia
1684 2316 1738 2346 per
1753 2305 2014 2336 abbreviationem
2026 2318 2033 2339 ;
2053 2304 2178 2346 simplice.

1288 2394 1289 2409 ¹
1664 2396 1834 2430 CLXXI.

1288 2452 1290 2500 ᾗ
1313 2454 1431 2486 Codex
1454 2454 1744 2492 membranaceus,
1767 2455 1799 2486 in
1820 2456 1880 2487 4to
1898 2455 2030 2493 minori,
2049 2454 2082 2487 ff.
2105 2456 2180 2492 124,

1336 2523 1401 2544 sec.
1422 2512 1491 2544 xiii.
1510 2512 1678 2549 exeuntis,
1698 2512 1805 2545 nitide
1824 2519 1993 2546 exaratus.

1416 2641 1525 2671 gogen,
1542 2635 1601 2660 etc.
1620 2631 1805 2671 quaestiones
1820 2631 2023 2662 medicinales.
2047 2630 2096 2661 fol.
2112 2641 2134 2660 ι.

1460 2681 1556 2722 Incip.
1575 2681 1764 2712 “Prescntis
1785 2682 1901 2723 negocii
1922 2687 1969 2712 est
1990 2680 2180 2712 medicinales

1439 2733 1614 2773 questiones
1638 2734 1771 2764 breviter
1793 2739 2014 2769 transcurrere,
2030 2738 2064 2764 ut
2082 2732 2180 2772 dispu-

1438 2783 1606 2814 tantibus.”

1288 2505 1290 2531 l

1289 2542 1290 2555 l

1288 2560 1290 2647 i
1356 2580 1383 2608 l.
1402 2579 1529 2610 Henrici
1554 2580 1592 2609 de
1617 2579 1782 2610 wintonia
1807 2591 1898 2621 super
1921 2579 2092 2611 Johannitii
2119 2579 2181 2609 Isa-

1288 2651 1290 2669 ι

1288 2676 1290 2693 l

1288 2728 1290 2755 l
