2254 3117
301 190 345 222 44
852 178 979 214 CATA
987 177 1152 213 LOGUS
1178 175 1411 212 CODICUM
1440 173 1547 208 MSS.

344 287 372 316 l.
391 285 422 315 S.
441 282 616 324 Augustini,
639 279 771 322 episcopi
793 277 1015 320 Hipponensis,
1040 277 1078 307 de
1101 275 1172 306 civi-

406 339 472 366 tate
497 333 555 363 Dei
586 331 653 362 libri
678 330 785 371 viginti
812 330 873 360 duo
900 329 930 359 in
960 327 1173 368 compendium

406 384 533 418 redacti,
567 381 687 423 przeviis
724 380 867 421 capitulis
897 379 969 409 libb.
998 377 1174 414 xi.—xxii.,
1206 405 1208 413 ,

407 447 473 466 eum
490 432 713 465 abbreviatoris
728 431 865 472 prologo.
889 430 939 460 fol.
955 440 984 470 9.

450 485 544 525 Incip.
565 484 641 525 prol.
668 489 686 498 ‘¹
700 483 787 513 Sicut
810 482 856 512 vir
881 481 1121 520 circumspectus
1144 482 1175 509 et
1207 505 1209 519 ,

428 536 571 578 providus
587 546 625 565 ex
644 534 747 575 aliquo
769 543 880 573 magno
897 531 1011 562 vivario
1027 535 1058 561 et
1074 529 1176 571 amplo

428 586 531 617 multis
547 589 578 616 et
594 584 721 615 diversis
737 583 865 625 piscium
880 581 1072 623 generibus.”

450 637 538 667 Inter
567 635 727 677 prologum
756 634 967 675 supradictum
997 638 1029 664 et
1060 632 1176 673 capitu-

425 689 522 719 lorum
545 687 684 718 tabulam
708 686 841 717 insertus
862 689 909 715 est
932 684 1092 724 catalogus
1115 694 1177 712 om-

429 739 511 769 nium
550 738 581 768 S.
604 737 772 779 Augustini
810 747 947 777 operum,
983 736 1039 765 sub
1076 733 1177 768 titulo,

430 791 532 820 “Hoc
559 793 607 820 est
634 789 779 820 indicium
806 788 954 818 librorum
984 786 1119 817 omnium
1147 785 1177 814 S.

430 841 630 883 Augustini.”

453 892 549 933 Incip.
567 892 691 922 abbrev.
710 894 745 921 ut
766 890 795 920 in
819 890 890 920 libb.
913 889 1004 920 editis
1023 898 1119 928 usque
1139 886 1178 916 ad

432 952 448 959 “
468 943 633 974 humilibus
658 946 763 973 antem
790 941 845 972 dat
867 940 1001 982 gratiam
1013 939 1038 975 ;''
1072 942 1180 980 postea

430 1006 503 1026 vero
525 995 567 1025 sic
586 993 724 1035 procedit
743 999 760 1008 “
774 991 932 1022 Patientia
954 990 1011 1022 Dei
1035 990 1074 1020 ad
1099 988 1178 1030 peni-

431 1046 564 1077 tenciam
581 1045 692 1075 invitat
708 1043 835 1074 inalos.”

453 1098 490 1127 In
507 1096 644 1137 margine
660 1095 710 1125 fol,
725 1105 766 1135 50
782 1094 914 1124 occurrit
933 1092 1096 1125 distichon,

372 1156 388 1164 ‘¹
405 1149 453 1179 Nil
470 1149 551 1179 aliud
570 1147 626 1177 nisi
642 1158 674 1177 se
690 1146 772 1176 valet
787 1145 900 1176 ardens
915 1144 987 1174 luna
1003 1154 1139 1173 cremare

447 1200 496 1230 Sic
511 1210 543 1229 sc
560 1209 620 1229 non
637 1198 730 1228 alium
747 1196 866 1227 invidus
882 1196 951 1236 igue
968 1193 1125 1235 quoquit.”

350 1265 379 1292 2.
398 1262 566 1293 Sententiae
583 1262 620 1291 de
636 1261 748 1297 tribus,
766 1271 833 1300 quse
854 1259 884 1288 in
907 1258 1021 1288 mundo
1044 1261 1127 1293 sunt,
1145 1256 1182 1286 de
1213 1247 1215 1256 ⁴

414 1313 530 1353 origine
550 1312 660 1343 animae
683 1323 719 1341 ex
741 1311 795 1341 SS.
810 1309 973 1351 Gregorio,
994 1307 1181 1349 Augustino,

413 1370 470 1394 etc.
496 1364 545 1393 fol.
566 1372 616 1403 171
635 1363 664 1394 b.

352 1430 380 1458 53.
398 1428 514 1458 Odonis
531 1427 567 1457 de
583 1426 729 1457 Cei-itona
745 1426 806 1455 sive
823 1425 960 1458 Shirton,
977 1423 1041 1453 ord.
1055 1422 1181 1453 Cistcrc.

417 1480 543 1509 Summa
558 1478 595 1508 de
611 1477 802 1518 poenitentia.
826 1476 875 1506 fol.
894 1484 960 1515 173.

458 1529 572 1559 Exstat
590 1529 727 1569 impress.
747 1527 844 1557 Paris.
868 1535 954 1566 1520.

459 1581 496 1609 ln
512 1579 601 1615 calco,
621 1585 637 1594 ‘¹
655 1578 791 1619 Explicit.
807 1588 926 1608 summa
946 1576 1085 1617 magistri
1103 1576 1183 1606 Odo-

438 1631 482 1661 uis
499 1631 535 1661 dc
553 1630 752 1661 Sehithonaf

664 1732 834 1766 CXXVI.

313 1795 432 1829 Codex
455 1795 742 1832 membranaceus,
758 1794 790 1826 in
810 1793 891 1826 folio
910 1794 1041 1837 majori,
1055 1793 1088 1826 ff.
1105 1795 1185 1831 205,

337 1864 402 1886 sec.
421 1853 499 1891 xii.;
530 1853 616 1885 binis
639 1851 806 1884 columnis
825 1850 954 1895 optime
973 1855 1132 1884 exaratus
1151 1856 1186 1884 et

337 1915 500 1944 servatuS.

356 1980 386 2010 S.
411 1979 587 2020 Augustini,
625 1978 757 2019 episcopi
789 1977 1010 2018 Hipponensis,
1049 1977 1188 2018 epistolae
1219 1975 1221 2025 ζ

377 2036 500 2061 centum
523 2030 728 2071 quadraginta
751 2030 819 2060 dua*
842 2028 881 2059 ad
905 2029 1052 2065 diversos,
1074 2028 1189 2069 praevia

379 2081 492 2111 tabula.

420 2131 482 2162 Tit.
510 2131 573 2161 tab.
603 2137 619 2146 “
639 2130 792 2171 Incipiunt
822 2130 958 2171 capitula
991 2130 1021 2159 in
1052 2130 1190 2171 epistolis

398 2182 481 2213 beati
500 2182 665 2223 Augustini
683 2181 851 2212 doctoris.''

421 2234 480 2264 Tit.
507 2244 575 2273 epp.
609 2233 758 2263 “Aurelii
786 2231 952 2273 Augustini
983 2232 1191 2272 Ypponiensis

399 2285 533 2324 episcopi
565 2284 764 2325 epistolarum
794 2284 893 2324 prima
921 2283 961 2313 ad
984 2283 1190 2313 Volusianum

401 2335 537 2375 incipit.’'

424 2387 534 2417 Exstat
556 2386 654 2426 prima
670 2386 808 2426 impress.
825 2385 906 2415 inter
921 2396 1024 2425 opera,
1042 2385 1115 2415 edit.
1134 2385 1190 2414 Be-

402 2438 511 2467 nedict.
529 2442 602 2467 tom.
617 2437 646 2467 ii.
663 2437 720 2467 eol.
734 2447 806 2477 395.

426 2488 488 2518 Ult.
505 2492 549 2518 est
565 2488 712 2528 inscripta
726 2488 765 2518 ad
780 2487 943 2517 Paulinum
957 2492 988 2517 et
1001 2487 1191 2522 Therasiam,

403 2543 433 2568 et
449 2543 552 2569 exstat
568 2538 597 2567 in
614 2538 688 2568 edit.
706 2538 756 2569 cit.
774 2543 849 2568 tom.
864 2537 892 2567 ii.
910 2537 965 2575 col.
984 2538 1051 2576 187.

427 2589 461 2618 ln
499 2589 590 2623 calce,
624 2595 640 2603 ‘¹
656 2589 772 2618 Aurelii
806 2588 973 2628 Augustini
1007 2588 1194 2628 Yponiensis

404 2639 536 2679 episcopi
555 2639 683 2679 epistole
699 2639 899 2680 expliciunt.''

426 2690 571 2729 Sequitur
587 2690 736 2730 expositio
752 2691 781 2720 in
799 2690 970 2720 orationem
988 2689 1193 2726 Dominicam,

406 2739 560 2769 schemate
585 2739 666 2775 vitia,
690 2740 827 2775 virtutos,
846 2745 904 2771 etc.
928 2739 1104 2776 exhibente,
1130 2740 1194 2770 illu-

408 2793 515 2819 strata.

1334 272 1430 313 Incip.
1462 269 1647 301 “Sacerdos
1675 268 1794 310 profert
1824 269 1903 299 hanc
1933 269 2104 300 orationem

1312 325 1343 355 in
1366 334 1494 366 persona
1515 321 1614 352 tocius
1636 320 1771 351 ecclesie.
1819 321 1908 360 Quod
1930 320 2041 351 chorus
2059 332 2105 351 re-

1312 375 1441 417 spondet
1467 373 1539 403 ‘sed
1562 372 1660 402 libera
1685 382 1741 402 nos
1767 382 1786 402 a
1810 371 1911 407 malo,’
1940 371 2105 412 significat,

1313 427 1394 468 quod
1421 425 1564 455 sacerdos
1590 427 1622 454 et
1647 422 1749 453 clerici
1775 427 1848 454 sunt
1878 433 1972 453 unum
1998 433 2106 464 corpus

1314 477 1469 508 ecclesi‹1.'’

1573 559 1769 594 CXXVII.

1208 599 1210 610 1
1828 598 1834 604 .

1209 624 1210 627 ’
1231 624 1350 658 Codex
1369 623 1579 660 chartaceus,
1596 622 1629 654 in
1646 623 1707 654 4t0
1722 621 1877 661 minimo,
1892 620 1927 654 ff.
1941 623 2024 661 254,
2041 631 2106 654 sec.

1256 693 1322 720 xv„
1365 692 1469 714 manu
1506 678 1677 713 willelmi
1713 678 1895 724 Siugleton
1939 679 2107 723 scriptum

1256 739 1337 772 olim
1358 737 1529 771 willelmi
1549 737 1688 770 Person.

1276 814 1304 842 1.
1322 811 1407 842 Petri
1440 810 1605 847 Blesensis,
1642 808 1850 840 archidiaconi
1881 808 2110 845 Bathoniensis,

1338 861 1517 902 conquestio
1538 870 1630 901 super
1652 858 1746 890 nimia
1768 859 1916 889 dilatione
1932 858 2111 899 Hierosoly-

1211 933 1213 950 1
1340 912 1447 943 mitani
1466 911 1600 942 Itineris.
1624 910 1674 941 fol.
1687 921 1715 948 4.

1384 963 1477 1004 Incip.
1505 969 1521 977 ‘¹
1537 962 1612 1001 Quis
1634 961 1721 992 dabit
1745 961 1838 1002 capiti
1859 972 1926 991 mco
1946 971 2059 1001 aquam
2080 965 2110 991 et

1360 1015 1455 1045 oculis
1477 1014 1552 1044 meis
1575 1014 1692 1044 fontem
1713 1012 1909 1042 lacrimarum
1932 1016 1963 1043 et
1985 1011 2112 1052 plorabo

1362 1066 1541 1097 interfectos
1570 1064 1674 1106 populi
1704 1063 1774 1094 mci.
1829 1063 1960 1094 Utinam
1990 1063 2112 1093 infletus

1362 1122 1447 1148 totus
1462 1117 1612 1147 efflualn.”

1386 1168 1491 1198 Desin.
1506 1174 1523 1183 ‘⁴
1536 1171 1661 1197 moneat
1677 1170 1708 1197 te
1719 1166 1854 1207 gemitus
1869 1165 2113 1205 compeditorum

1363 1232 1398 1250 uc
1414 1220 1508 1261 juxta
1531 1219 1658 1249 verbum
1686 1218 1797 1258 Moysy
1822 1217 1967 1247 ulciscere
1993 1216 2113 1256 sangui-

1365 1282 1432 1301 nem
1460 1281 1617 1301 servorum
1647 1274 1771 1300 tuorum
1802 1273 1834 1300 et
1864 1267 2018 1309 propicius
2047 1272 2114 1298 esto

1364 1328 1445 1353 terre
1462 1321 1578 1363 proprii
1596 1321 1670 1352 tui.”

1386 1372 1572 1412 Sequuntur,
1592 1371 1632 1401 ad
1653 1370 1783 1401 eandem
1806 1369 1992 1412 spectantia,
2012 1369 2115 1410 capita

1364 1424 1435 1459 ista,

1300 1486 1327 1505 a.
1347 1473 1456 1504 Passio
1472 1472 1646 1513 Reginaldi⁷
1664 1471 1810 1514 principis
1826 1471 1898 1501 olim
1915 1468 2112 1501 Antiocheni.

1364 1524 1415 1554 fol.
1432 1534 1442 1553 J
1453 1533 1467 1552 2
1482 1523 1510 1553 b.

1410 1574 1508 1615 Incip.
1527 1574 1738 1614 “Antequam
1763 1571 1922 1603 comedam
1946 1571 2064 1613 suspiro
2086 1575 2116 1601 et

1388 1626 1474 1668 quasi
1491 1625 1670 1656 inundantis
1685 1624 1794 1665 aque.”

1410 1678 1527 1708 Exstat
1557 1678 1588 1708 in
1616 1677 1686 1708 MS.
1712 1677 1742 1707 in
1775 1676 1858 1706 Mus.
1882 1675 1963 1706 Brit.
1993 1675 2023 1705 in
2049 1675 2116 1705 cod.

1387 1730 1537 1760 Arundel.
1556 1738 1627 1769 227,
1645 1729 1696 1759 fol.
1714 1739 1780 1770 131.

1302 1787 1330 1817 b.
1348 1786 1512 1817 Transitus
1529 1785 1682 1827 [ejusdem
1699 1783 1877 1826 Reginaldi]
1900 1783 1939 1813 ad
1962 1782 2116 1813 ulteriora.

1366 1837 1417 1868 fol.
1438 1838 1482 1867 16.

1412 1888 1509 1929 Incip.
1529 1894 1545 1902 ‘¹
1559 1888 1759 1928 Congregans
1771 1886 1819 1916 ille
1832 1885 2013 1916 Babilonius
2025 1885 2118 1919 canis,

1390 1940 1438 1970 ille
1454 1939 1534 1970 filius
1550 1937 1766 1980 perdicionis.”

1306 2008 1331 2026 c.
1351 1995 1398 2025 De
1424 1995 1488 2025 vita
1517 1998 1549 2025 et
1575 1994 1742 2024 virtutibus
1772 1991 1918 2034 principis
1946 1990 2118 2032 Reginaldi.

1369 2046 1420 2076 fol.
1440 2048 1473 2075 16
1487 2046 1516 2076 b.

1220 2123 1222 2136 ‚
1414 2098 1510 2139 Incip.
1530 2104 1547 2112 “
1560 2097 1640 2128 Erat
1656 2095 1806 2137 siquidem
1819 2095 1888 2135 jure
1905 2092 2120 2125 successorio.”

1302 2153 1331 2183 d.
1350 2153 1530 2194 Longitudo
1550 2156 1582 2182 ct
1606 2151 1741 2182 latitudo
1761 2149 1938 2180 Palaestinae
1954 2148 2120 2180 secundum

1371 2204 1656 2244 S.I*Iier0ny1nu1n.
1681 2202 1729 2232 fol.
1750 2202 1783 2231 18
1797 2201 1827 2231 b.

1307 2272 1331 2289 e.
1351 2259 1397 2289 De
1414 2260 1521 2289 eodem
1541 2257 1755 2301 [Reginaldo].
1781 2257 1832 2287 fol.
1850 2266 1886 2287 22
1901 2256 1930 2286 b.

1330 2348 1338 2355 ς
1414 2310 1511 2351 Incip.
1530 2316 1547 2325 “
1561 2310 1612 2340 Ab
1629 2320 1681 2339 ore
1697 2308 1812 2339 tiranni
1828 2307 2034 2348 pen(lebant.”

1312 2367 1331 2396 f.
1351 2366 1542 2396 Exhortatio
1569 2365 1608 2395 ad
1634 2376 1695 2401 eos,
1723 2364 1775 2405 qui
1805 2374 1860 2393 nec
1890 2362 2045 2404 accipiunt
2069 2373 2122 2392 nec

1372 2417 1543 2458 praedicant
1559 2427 1689 2446 crucem.
1713 2415 1762 2446 sol.
1779 2424 1817 2452 24
1830 2415 1859 2446 b.

1415 2468 1509 2509 Incip.
1531 2474 1549 2482 “
1564 2467 1681 2498 Discite
1705 2466 1925 2508 pusillanimes,
1942 2465 2050 2495 discite
2071 2475 2122 2505 pa-

1394 2519 1454 2549 vidi
1481 2522 1512 2549 et
1540 2518 1716 2555 imbecilles,
1744 2517 1825 2556 Quid
1852 2517 1967 2547 timetis
1993 2520 2123 2546 mortem

1394 2569 1670 2600 momentaneam.”

1418 2620 1532 2651 Exstat
1554 2620 1583 2650 in
1605 2620 1674 2651 MS.
1692 2619 1776 2650 Mus.
1795 2619 1874 2650 Brit.
1891 2619 1957 2649 cod.
1976 2616 2122 2648 Arundel.

1397 2671 1615 2712 227‚sol.134.

1289 2741 1317 2769 Ω.
1336 2739 1482 2780 Ejusdem
1501 2739 1588 2770 Petri
1608 2738 1747 2779 epistola·
1769 2738 1809 2768 ad
1833 2738 1977 2774 diversos,
1998 2747 2124 2767 numero

1353 2795 1476 2821 centum
1493 2790 1701 2831 quadraginta
1717 2800 1833 2820 novem.
1859 2790 1909 2820 fol.
1927 2799 1974 2829 29.
