2254 3117
666 142 902 177 COLLEGII
932 143 1333 178 LINCOLNIENSIS.
1856 150 1900 183 39

96 243 145 272 10.
162 241 282 272 Tabula
298 251 390 281 super
407 238 581 280 [Vincentii
598 240 838 283 Bellovaeonsis]
866 241 978 282 Spceu-
1005 244 1007 253 '

179 293 241 323 lum
258 291 444 323 Historiale.
469 291 520 321 fol.
537 293 604 331 167.

223 343 323 384 Incip.
341 347 359 359 “
372 343 595 377 Abstineneia3
622 344 691 382 87.”

96 397 146 426 11.
162 394 283 426 Tabula
316 405 408 434 super
433 394 616 424 Anselmum
647 395 685 425 de
716 394 975 425 similitudinibus.

180 446 232 476 fol.
248 446 304 484 169
322 445 351 475 b.

222 496 320 537 Incip.
341 500 358 512 “
371 496 491 532 Abbas,
508 507 567 537 que
583 496 686 532 debet,
704 496 828 527 abbas.”

98 549 147 578 12.
164 547 284 578 Tabula
300 547 501 588 epistolarum
518 547 555 578 B.
568 547 747 589 Augustini.
772 547 823 578 fol.
838 557 891 588 171
907 548 934 578 b.

223 599 320 640 Incip.
338 602 356 615 ‘⁴
369 599 551 635 Absentem,
568 603 616 630 est
631 604 736 630 autem
752 599 893 630 liberta.”

98 652 148 681 13.
165 650 285 681 Tabula
302 661 394 690 super
409 650 699 691 communiloquium
715 650 737 680 J
740 650 870 681 ohannis
886 650 978 681 Gual-

181 699 282 730 lensis.
306 699 357 729 fol.
376 700 442 730 182.

223 749 321 790 Incip.
340 754 357 766 “
371 749 543 780 Absolvere
560 750 744 791 quomod0.”

98 803 148 832 14.
164 801 284 832 Tabula
300 812 393 841 super
408 812 564 832 sermones
581 801 618 831 B.
630 801 790 831 Bernardi.
814 801 862 831 fol.
882 802 948 840 187.

160 884 161 887 Ἴ
224 852 321 894 Incip.
338 857 357 870 “
371 852 544 889 Adventus,
561 853 829 883 considel·andus.”

99 905 148 934 15.
166 903 286 933 Tabula
301 914 394 944 super
410 904 447 944 83
466 903 652 943 quaestiones
668 903 844 944 Augustini.
873 903 902 932 ff.
922 913 980 942 ¹94

183 954 214 990 b,
232 963 301 995 230.

225 1004 324 1046 Incip.
342 1008 359 1021 *4
374 1004 500 1041 Anima,
517 1009 622 1036 utrum
638 1006 741 1036 anima
756 1006 827 1036 sit.'’

99 1056 148 1088 16.
173 1056 294 1087 Tabula
319 1067 411 1097 super
437 1056 653 1088 Revelationes
680 1057 714 1087 B.
740 1057 893 1098 Brigittae‚
910 1067 978 1086 cum

183 1107 374 1149 praefatione.
399 1107 450 1137 fol.
468 1116 533 1147 197.

228 1159 324 1200 Incip.
341 1158 427 1200 praef.
445 1161 463 1176 ⁴‘
476 1159 530 1188 Ad
545 1158 667 1189 laudem
680 1159 740 1189 Dei
756 1163 787 1189 et
800 1158 903 1188 Marie
915 1168 978 1187 ma-

203 1211 261 1242 tris
277 1211 343 1252 ejus
359 1211 397 1241 de
413 1211 500 1252 cujus
516 1210 624 1241 ordine
640 1211 738 1241 sum.”

226 1262 322 1303 Incip.
339 1261 404 1293 tab.
423 1266 441 1278 ‘⁸
454 1262 650 1292 Abscondita
665 1266 733 1292 erat
748 1260 923 1292 nativitas?

100 1315 148 1346 17.
168 1313 288 1345 Tabula
303 1324 394 1355 super
410 1312 555 1354 Hugonis
578 1313 617 1344 de
638 1314 669 1343 S.
684 1313 812 1344 Victore
828 1312 978 1342 Didasca-

182 1365 273 1396 licon.
297 1365 348 1395 fol.
365 1374 436 1406 234.

227 1417 325 1458 Incip.
343 1421 362 1433 ‘⁶
374 1417 471 1447 Accio
487 1416 586 1447 omnis
601 1415 761 1446 hominis.”

100 1470 150 1499 18.
174 1468 295 1499 Tabula
324 1468 584 1499 retractationum
615 1468 645 1498 S.
668 1467 846 1509 Augustini,
875 1471 907 1497 et
941 1466 979 1496 de

184 1519 367 1550 adulterinis
382 1519 544 1561 conjugiis.
568 1519 619 1550 fol.
635 1519 704 1560 238.

227 1570 325 1612 Incip.
341 1570 360 1601 i.
379 1575 396 1588 “
409 1570 572 1601 Abraham
586 1570 759 1611 putandum
775 1569 849 1600 est.”

102 1623 151 1656 19.
169 1621 290 1652 Tabula
305 1632 398 1663 super
413 1621 598 1663 Hieronymi
612 1621 724 1652 librum
740 1624 849 1651 contra
860 1620 881 1650 J
885 1619 979 1650 ovini-

185 1684 287 1704 anum.
312 1673 364 1704 fol.
378 1683 449 1714 243.

230 1724 326 1766 Incip.
344 1728 361 1741 “
374 1724 579 1755 Abstinencia
591 1724 674 1765 quod
689 1734 744 1765 per
759 1723 854 1753 eam.''

101 1778 152 1806 20.
169 1775 290 1806 Tabula
304 1775 376 1806 libri
392 1776 458 1806 Rie.
475 1776 513 1806 de
528 1775 557 1806 S.
571 1775 702 1806 Victore
717 1775 755 1805 de
771 1774 803 1804 S.
815 1773 979 1804 Trinitate.

186 1827 237 1857 fol.
254 1827 311 1865 246
328 1827 358 1857 b.

229 1878 326 1920 Incip.
345 1882 362 1895 ‘⁴
375 1878 476 1908 Amor
491 1878 573 1919 quod
589 1875 856 1908 communieatio.¹⁷

103 1932 152 1960 Ql.
170 1930 290 1961 Tabula
310 1941 402 1972 super
417 1929 579 1971 epistolam
595 1929 626 1960 S.
640 1927 792 1958 Bernardi
815 1926 853 1957 ad
870 1926 981 1956 fratres

187 1982 225 2012 de
241 1984 346 2012 monte
363 1980 505 2012 Carmeli.
530 1980 580 2011 fol.
596 1980 654 2018 248
671 1979 700 2009 b.

231 2032 328 2073 Incip.
345 2036 364 2049 “
379 2032 526 2073 Abjeccio
542 2032 573 2062 in
589 2029 825 2062 exterioribus.”

103 2085 153 2113 22.
170 2083 291 2114 Tabula
306 2083 531 2114 sententiarum
547 2082 566 2113 J
569 2081 699 2113 ohannis
716 2079 907 2111 Damasceni.
930 2079 980 2109 fol.

189 2143 204 2163 2
208 2144 248 2175 52
265 2134 294 2164 b.

231 2185 329 2227 Incip.
349 2189 366 2202 “
379 2185 511 2216 Abissus
527 2184 579 2225 qui
595 2183 663 2214 sit.''

490 2275 607 2310 LXX.

106 2339 226 2372 Codex
243 2339 534 2375 membranaceus,
554 2338 587 2370 in
606 2336 687 2370 folio
705 2334 835 2378 majori,
853 2333 886 2366 ff.
900 2335 980 2371 202,

131 2409 197 2430 sec.
212 2408 267 2430 xv.
285 2397 456 2435 ineuntis;
483 2396 571 2429 binis
597 2394 764 2428 columnis
790 2392 898 2425 nitide
924 2403 982 2424 ex-

131 2459 255 2493 aratus,
274 2466 378 2489 manu
396 2455 418 2487 J
422 2454 519 2488 acobi
539 2452 687 2486 Rudelle
704 2450 900 2484 Alemanni.

151 2515 179 2546 1.
191 2514 347 2555 Anonymi
359 2514 518 2555 eujusdam
529 2513 559 2542 in
571 2511 818 2542 Pentateuchum
831 2509 982 2550 expositio

213 2565 350 2602 literalis,
368 2576 437 2596 cum
453 2564 589 2606 prologo.
612 2563 662 2593 fol.
679 2573 704 2593 1.

256 2616 353 2657 Incip.
377 2616 452 2657 prol.
477 2620 494 2632 ‘⁶
510 2615 586 2644 Vidi
612 2614 643 2644 in
669 2614 798 2644 dextera
827 2611 980 2645 sedentis;

235 2668 352 2698 Sedens
367 2678 459 2708 super
472 2667 569 2708 glorie
583 2665 757 2696 thronun1.”

257 2718 355 2759 Incip.
372 2730 456 2760 opus,
481 2722 499 2735 ‘⁶
514 2717 553 2748 In
570 2716 737 2758 principi0;
771 2715 806 2745 In
827 2715 885 2745 hoc
904 2714 984 2755 capi-

235 2769 300 2801 tulo
316 2769 422 2800 mundi
437 2769 586 2800 creaci0.’'

1156 240 1270 271 Deficit
1294 241 1325 271 in
1346 241 1397 271 lib.
1414 241 1508 272 Num.
1526 252 1545 272 a
1560 242 1668 278 verbis,
1684 246 1704 259 “

1135 292 1227 322 stiani
1243 292 1386 322 debent?

1051 344 1079 373 2.
1098 342 1148 372 De
1163 343 1222 373 fide
1239 347 1270 373 et
1292 343 1409 384 legibus
1432 343 1500 372 libri
1517 343 1659 384 quinque,
1676 349 1802 374 auctore
1825 345 1901 385 [Gu-

1114 393 1216 423 lielmo
1233 394 1270 423 de
1286 394 1454 434 Alvernia}
1479 394 1530 423 fol.
1545 404 1592 431 24.

1719 243 1799 282 quod
1816 243 1900 273 Chri-

1156 444 1253 485 Incip.
1271 449 1290 462 ‘⁵
1305 445 1340 474 In
1353 445 1458 475 ordiw
1474 445 1700 486 sapieneialium
1714 445 1902 476 divinalium-

1136 507 1194 536 que
1210 496 1408 526 scientiarum
1419 497 1450 530 ;”
1474 501 1508 526 ut
1525 496 1555 525 in
1572 497 1644 527 edit.
1662 496 1799 536 impress.

1157 547 1263 577 Desin.
1281 551 1300 564 “
1314 547 1495 587 conjunctus
1515 558 1583 577 cum
1604 547 1693 578 laude
1709 547 1768 577 Dei
1785 552 1815 577 et
1839 548 1903 586 ejus

1135 598 1291 638 adjutorio
1301 611 1309 634 3
1332 598 1402 628 Deo
1417 598 1564 638 grae-iuss*

1157 650 1334 690 Sequuntur
1349 650 1462 681 tabulae
1479 650 1556 686 dum,
1570 650 1772 690 capitulorum
1789 651 1903 682 scilicet

1134 701 1402 742 materiarumque,
1418 712 1437 731 a
1457 702 1552 732 fratrc
1570 701 1726 731 willelmo
1748 702 1902 743 Sengham

1136 750 1318 791 compilatae.

1157 800 1195 831 In
1211 801 1301 836 calce,
1319 806 1338 819 ‘⁶
1352 801 1419 832 Ista
1434 801 1541 832 tabula
1559 801 1730 842 prescripta
1750 802 1833 832 facta.
1856 808 1903 832 est.

1137 863 1228 892 super
1250 852 1360 882 librum
1376 853 1413 882 de
1429 852 1488 883 fido
1505 857 1535 883 et
1551 852 1667 893 legibus
1682 864 1701 883 a.
1716 852 1811 883 fratre
1826 853 1902 883 Wil-

1135 903 1226 933 lelmo
1243 902 1415 944 Sengham3
1431 907 1463 934 et
1475 904 1531 934 hoc
1544 904 1708 933 secundum
1721 904 1802 944 quod
1818 908 1903 934 totus

1136 954 1195 984 iste
1217 953 1293 983 liber
1314 954 1370 984 sub
1394 965 1454 984 uno
1475 954 1650 984 continetur
1665 959 1696 985 et
1712 966 1771 985 non
1795 966 1901 985 seeun-

1136 1005 1209 1034 dum
1225 1004 1306 1045 quod
1322 1004 1469 1035 dividitur
1484 1005 1508 1035 is
1522 1005 1654 1046 quinque
1669 1005 1762 1035 libros
1773 1006 1800 1039 ;”
1823 1011 1881 1036 ete.

1053 1056 1080 1085 3.
1099 1054 1206 1085 Sermo
1221 1054 1305 1085 beati
1323 1054 1489 1095 Augustini
1506 1055 1542 1084 de
1558 1055 1707 1095 dignitate
1726 1055 1856 1085 hominis
1872 1062 1901 1085 et

1115 1109 1257 1151 imagine.
1281 1109 1331 1139 fol.
1348 1120 1416 1139 101.

1158 1161 1254 1202 Incip.
1273 1165 1290 1178 ‘⁶
1307 1161 1409 1191 Tanta
1424 1160 1557 1201 dignitas
1573 1161 1703 1191 humane
1715 1162 1742 1196 ;”
1766 1166 1799 1192 ut
1824 1162 1903 1192 inter

1136 1223 1241 1254 opera,
1256 1216 1331 1243 tom.
1348 1212 1386 1242 vi.
1403 1213 1484 1252 App.
1501 1212 1554 1242 col.
1574 1221 1641 1251 292.

1054 1269 1081 1297 4.
1099 1267 1192 1297 Liber
1217 1267 1255 1297 de
1278 1266 1494 1303 sacramentis,
1518 1270 1644 1297 auctore
1675 1266 1840 1308 [Gulielmo
1866 1267 1903 1296 ‹le

1116 1318 1273 1354 Alvernia,
1290 1317 1482 1358 Parisicnsi]
1507 1318 1557 1348 fol.
1573 1327 1639 1348 102.

1158 1368 1255 1410 Incip.
1273 1373 1290 1386 “
1304 1369 1451 1399 Dicemus
1467 1369 1615 1409 imprimis
1631 1369 1703 1410 quia
1727 1370 1904 1399 Sacramen-

1136 1424 1239 1450 torum
1254 1420 1351 1450 virtus
1367 1424 1399 1450 et
1414 1420 1533 1450 utilitas
1543 1420 1571 1454 ;”
1598 1421 1676 1460 [cap.
1693 1420 1734 1460 2.]

1157 1471 1264 1501 Desin.
1283 1476 1303 1488 “
1316 1471 1512 1512 Sapientibus
1528 1471 1646 1508 (lamus,
1658 1475 1715 1501 etc.
1741 1471 1904 1512 Explicit.n

1157 1522 1304 1563 Sequitur
1333 1522 1441 1553 tabula
1462 1522 1666 1563 alphabetica,
1691 1522 1738 1552 cui
1767 1523 1906 1562 subjecta

1136 1577 1184 1604 est
1202 1573 1314 1604 notitia
1337 1584 1477 1614 sequens,
1493 1576 1512 1590 ‘⁵
1525 1574 1638 1604 Grates
1653 1577 1720 1603 esto
1736 1584 1838 1603 reruni
1854 1573 1903 1613 qui

1136 1624 1218 1655 sistit
1241 1624 1411 1665 plasmator
1436 1628 1627 1662 cunctarum,
1648 1624 1786 1654 Jacobus
1810 1625 1905 1654 fra-ter

1137 1675 1236 1706 Rudel
1253 1675 1386 1712 nomine,
1402 1675 1575 1705 Almannus
1590 1675 1749 1706 natione.'’

1405 1769 1541 1802 LXXI.

1033 1830 1151 1864 Codex
1186 1831 1477 1870 membranaceus,
1509 1832 1543 1864 in
1572 1830 1662 1870 folio,
1688 1830 1720 1863 ff.
1741 1833 1820 1865 215.
1839 1842 1903 1863 see.

1055 1889 1124 1922 xiv.
1152 1889 1322 1930 exeuntis,
1350 1889 1438 1922 binis
1463 1888 1630 1922 columnis
1657 1893 1834 1923 exaratus:
1861 1899 1903 1920 ex

1057 1948 1146 1981 dono
1166 1947 1218 1980 M.
1233 1946 1402 1981 Johannis
1422 1946 1604 1991 Maderby,
1623 1946 1713 1979 socii.

1076 2011 1232 2042 Francisci
1259 2011 1429 2052 Mayronis,
1462 2012 1523 2042 sive
1552 2022 1571 2041 a
1601 2011 1811 2051 Mayronibns,
1840 2011 1904 2040 ord.

1096 2062 1180 2099 miu.,
1206 2062 1356 2093 conflatus
1380 2074 1433 2092 seu
1460 2061 1694 2093 commentarius
1721 2061 1749 2090 in
1775 2061 1905 2102 primum

1096 2113 1207 2144 librum
1232 2113 1268 2143 P.
1286 2113 1453 2144 Lombardi
1470 2112 1709 2148 Sententiarum,
1726 2112 1903 2153 posthabita

1097 2164 1204 2195 tabula
1219 2164 1424 2205 alphabetica.

1138 2215 1236 2257 Incip.
1254 2220 1273 2234 “
1291 2215 1381 2246 Circa
1396 2215 1554 2257 prologum
1576 2214 1663 2255 primi
1690 2213 1757 2243 libri
1769 2213 1794 2249 3'*
1818 2220 1848 2243 ut
1875 2213 1904 2242 111

1117 2267 1190 2297 edit.
1203 2267 1316 2297 Venet.
1332 2276 1418 2307 1504.

1160 2317 1197 2347 In
1213 2317 1305 2354 calce,
1332 2326 1349 2334 ⁸·
1366 2316 1501 2356 Explicit
1525 2315 1674 2346 conflatus
1697 2314 1849 2345 Francisei
1868 2314 1905 2343 de

1139 2369 1300 2405 Maronis;
1324 2368 1453 2399 Amen.”

1161 2420 1369 2450 Praemittitur
1391 2418 1520 2452 notitia;
1552 2424 1569 2434 '⁵
1588 2417 1678 2447 Liber
1701 2416 1816 2456 collegii
1836 2415 1905 2445 Liu-

1139 2470 1214 2501 coln.
1239 2481 1276 2500 ex
1299 2471 1379 2500 (10110
1403 2467 1541 2509 magistri
1565 2466 1719 2497 Johannis
1743 2466 1904 2506 Maderby.

1139 2519 1228 2549 unius
1244 2519 1410 2560 primorum
1427 2518 1577 2548 sociorum
1593 2516 1704 2557 prefati
1721 2516 1870 2557 collegii.’'

1162 2571 1199 2601 In
1225 2571 1307 2601 calce
1337 2570 1457 2603 tabulae,
1484 2574 1502 2586 ‘⁵
1528 2568 1662 2610 Explicit
1693 2568 1809 2603 tabula,
1836 2568 1905 2598 talis

1140 2622 1238 2662 qualis
1254 2626 1285 2652 et
1301 2621 1384 2652 utilis
1400 2620 1560 2651 multum.”

1388 2697 1543 2730 LXXII.

1038 2761 1334 2800 B'Iembranaceus,
1365 2760 1399 2793 in
1428 2759 1518 2799 folio,
1548 2758 1580 2792 ff.
1597 2760 1676 2797 219,
1703 2769 1767 2791 sec.
1784 2769 1836 2790 xv.
1858 2758 1907 2790 in-
