2254 3117
654 151 892 185 COLLEGII
920 152 1329 188 LINCOLNIENSIS.

132 246 418 288 Metaphysicorum
449 247 518 278 libri
545 248 697 284 undecim,
720 260 789 279 eum
819 261 970 281 commen-

149 298 239 328 tario.

193 348 291 389 Incip.
309 354 388 380 text.
412 354 431 365 ‘⁴
447 349 666 381 Consideraeio
690 351 814 391 quidem
841 351 871 381 in
896 352 970 382 veri-

171 404 239 430 tate
259 400 390 430 difficilis
406 404 454 431 est
470 412 531 431 uno
547 402 648 438 modo,
666 402 763 432 facilis
777 402 866 433 alios*

193 451 290 492 Incip.
303 456 469 482 comment.
486 456 505 469 “
520 452 600 491 Quia
615 452 676 483 ista
688 453 816 483 seientia
832 465 969 494 perseru-

170 507 256 534 tatur
271 503 452 544 simplieiter
468 504 584 544 incepit
600 504 786 535 declarare.u

192 554 298 585 Desin.
318 559 335 571 ⁴⁴
346 555 515 586 seeundum
532 555 614 596 quod
631 560 678 586 est
694 566 790 597 agens
805 558 954 587 motuni.”
989 556 990 559 ’

483 648 570 682 ΧΧ.

86 710 206 745 Codex
230 712 527 750 membranaceus,
545 712 580 744 in
601 714 672 751 4to,
695 712 727 745 ff.
749 716 805 751 83,
828 726 892 746 see.
913 725 967 746 xv.
989 712 990 727 *

109 768 217 801 nitide
235 772 406 801 exaratus.

136 828 291 858 Leonardi
307 827 403 858 Bruni
421 828 545 858 Aretini
561 839 656 868 opera
673 830 775 863 varia;
802 830 927 865 seilicet,

107 881 134 909 1.
152 879 201 910 De
218 879 317 920 primo
333 879 413 909 bello
432 879 550 910 Punico
576 879 645 910 libri
667 881 746 916 duo;
772 893 840 912 cum
862 883 967 922 praefa-

169 930 264 961 tione.
289 930 338 960 fol.
359 941 381 960 1.

105 983 135 1011 2.
152 982 200 1012 De
224 982 303 1012 bello
326 982 444 1018 Africo,
463 981 587 1023 Illyrico
611 987 642 1013 et
666 983 784 1014 Gallico
806 984 883 1015 liber
907 990 965 1015 ter-

169 1033 241 1063 tius.
264 1033 316 1063 fol.
333 1043 385 1073 45.

211 1085 249 1115 In
265 1084 358 1121 calce,
378 1090 395 1101 ⁴*
407 1084 563 1116 Leonardi
580 1086 703 1116 Aretini
720 1086 757 1116 (le
773 1087 872 1127 primo
889 1087 968 1117 bello

190 1135 317 1170 Punico,
332 1135 431 1176 (leque
453 1135 573 1172 Africo,
597 1136 709 1166 Illirico
726 1141 757 1167 et
774 1137 891 1168 Gallico
907 1142 967 1168 ter-

189 1186 251 1216 tius
270 1190 302 1216 et
318 1185 445 1217 ultimus
461 1187 538 1217 liber
554 1187 683 1218 feliciter
698 1187 797 1218 finit?q

103 1239 132 1268 3.
150 1237 198 1267 De
220 1237 331 1268 militia
355 1238 396 1268 ad
424 1238 620 1279 Raynaldum
652 1239 808 1269 Albieium
833 1240 967 1280 equitem

169 1288 395 1319 Florentinum.
420 1289 470 1319 fol.
486 1290 534 1330 69.

210 1339 309 1380 Incip.
328 1344 346 1357 “
362 1340 490 1377 Fateor,
503 1341 671 1371 clarissime
684 1341 738 1375 vir.
753 1345 783 1371 et
797 1341 870 1371 mihi
884 1341 968 1383 ipsis*

211 1391 248 1421 In
260 1391 352 1427 calce,
371 1400 388 1408 ⁸*
404 1391 586 1423 Leonardus
603 1392 770 1423 Arretinus
786 1393 882 1423 edidit
897 1393 966 1424 Flo-

189 1443 309 1479 rentiae,
326 1443 420 1484 xviiij.
437 1443 497 1474 kal.
516 1443 588 1474 Jan.
607 1443 817 1474 meccexxif*

471 1537 577 1571 XXI.

83 1598 386 1638 Membranacens,
405 1599 440 1632 in
453 1601 526 1639 4to,
546 1599 579 1632 ff.
601 1602 682 1638 134,
703 1611 768 1633 see.
784 1611 839 1632 xv.
859 1600 966 1632 nitide

106 1663 276 1691 exaratus.

125 1718 307 1749 Aristotelis
323 1718 508 1749 Ethieorum
526 1718 803 1748 Nieomacheorum
826 1717 895 1747 libri
917 1718 966 1748 de-

145 1780 221 1808 cem,
253 1769 366 1801 Latine
395 1770 475 1800 versi
513 1781 569 1810 per
603 1769 799 1800 Leonardum
829 1769 966 1799 Brunnm

145 1821 323 1857 Areffinum,
340 1833 409 1852 cum
434 1821 613 1862 interpretis
637 1820 818 1862 przrfatione
843 1820 965 1861 duplici,

144 1883 275 1913 quarum
291 1873 391 1903 altera
403 1873 443 1903 ad
462 1873 637 1903 Martinum
650 1883 763 1913 papam
779 1871 821 1901 V.

186 1923 285 1965 Incip.
303 1924 322 1955 i.
348 1930 365 1941 ‘⁸
380 1924 537 1955 Leonardi
562 1923 703 1954 Arretini
734 1923 867 1964 prefatio
895 1933 966 1963 que—

165 1975 237 2005 dam
253 1975 293 2006 ad
309 1975 497 2006 evidentiam
513 1986 591 2006 nove
607 1974 822 2006 translationis
840 1974 965 2004 Ethieo-

164 2036 233 2056 rum
250 2026 465 2057 Aristotelis.''

186 2077 285 2119 Incip.
302 2082 323 2096 ‘⁶
340 2078 509 2109 Aristotele
526 2078 708 2109 Ethieorum
725 2077 819 2107 libros
836 2077 965 2107 stneereff'

186 2129 285 2170 Incip.
303 2130 393 2171 epist.
411 2136 428 2147 ⁵*
442 2129 513 2160 Non
528 2140 641 2160 novum
659 2139 725 2159 esse
741 2129 897 2158 constat.”

185 2179 282 2220 Ineip.
298 2180 406 2216 versio,
421 2183 440 2197 ‘²
452 2180 560 2210 Omnis
572 2191 624 2210 ars
637 2179 794 2220 omnisque
811 2177 963 2214 doctrina,

163 2230 306 2261 similiter
326 2233 475 2265 auteu1;⁷'
498 2236 533 2261 ut
557 2231 587 2260 in
609 2231 683 2261 edit.
698 2229 842 2269 Friburg.
861 2229 961 2270 Brisg.

164 2280 216 2311 fol.
232 2290 293 2319 140
309 2281 338 2311 b.

183 2331 230 2362 Cf.
255 2332 401 2363 Bandinii
427 2333 520 2364 catal.
546 2333 634 2364 codd.
654 2332 802 2362 Laurent.
827 2336 901 2362 tom.
920 2331 962 2361 iii.

163 2383 219 2414 col.
238 2392 308 2423 172.

183 2434 221 2464 In
248 2435 341 2471 ealce,
373 2440 391 2453 ‘⁵
410 2435 594 2466 Ethieorum
622 2435 801 2466 Aristotelis
830 2434 907 2465 liber
931 2446 960 2464 x.

162 2485 318 2526 explicit.”

78 2612 377 2652 Membranaceus,
407 2614 442 2646 in
465 2615 536 2649 4t0,
565 2613 598 2646 ff.
618 2612 699 2651 265,
730 2624 796 2646 sec.
811 2624 867 2645 xv.
890 2612 961 2646 ine-

102 2672 212 2711 untis3
240 2682 283 2704 ex
303 2671 393 2705 dono
413 2671 441 2705 F
444 2672 630 2705 undatoris.

118 2730 241 2761 Alberti
274 2731 383 2772 Magni
414 2731 452 2762 de
480 2731 625 2762 meteoris
656 2730 725 2760 libri
756 2734 899 2771 quatuor,
928 2730 959 2760 in

138 2786 294 2813 tractatus
310 2782 413 2822 plures
431 2782 578 2813 distincti.

1863 163 1907 192 525

1127 251 1190 282 Tit.
1208 257 1229 269 ‘⁶
1242 252 1356 294 Incipit
1370 253 1446 283 liber
1459 253 1702 284 Metheorornm.
1737 254 1902 285 'Prae-tatus

1105 303 1221 343 primus
1241 304 1279 334 (le
1301 305 1400 334 causis
1417 305 1649 345 impressionum
1673 305 1808 335 omnium
1836 317 1897 336 ma-

1105 352 1204 383 teriali
1222 358 1253 383 et
1269 354 1450 384 efficiente.'’

1127 403 1223 444 Ineip.
1238 411 1255 420 ‘⁵
1269 405 1306 434 In
1323 405 1625 442 seientia11aturali,”
1638 406 1713 436 utin
1727 406 1800 436 edit.
1812 406 1898 435 Jam-

1107 465 1166 495 my,
1184 459 1257 485 tom.
1275 455 1304 485 ii.
1322 460 1401 496 part.
1419 456 1457 485 iv⁴
1474 467 1502 496 p.
1522 466 1544 486 ι.

1127 504 1163 534 111
1187 505 1280 541 calce,
1298 514 1314 522 ‘⁵
1332 506 1467 547 Explicit
1486 511 1616 547 quartus
1634 506 1711 537 liber
1726 512 1756 538 et
1773 507 1898 537 ultimus

1106 554 1340 586 Metheororum
1368 557 1534 587 secundum
1560 557 1762 588 venerabilem
1788 558 1896 587 Alber-

1105 611 1179 643 tum,
1198 607 1455 648 Ratisponensem
1472 608 1677 649 episeop1nn.''

1126 657 1371 695 Pramnittuntur,
1384 659 1498 689 Sednlii
1516 670 1618 689 versus
1634 660 1672 690 :ul
1690 660 1897 690 Theodosium

1105 706 1330 747 Imperatorem
1369 715 1400 740 et
1435 709 1571 750 epistolae
1606 711 1645 740 ad
1677 710 1895 741 Macedonium

1104 759 1317 799 presbyterinn
1345 761 1570 801 fragmentum:
1612 761 1706 791 desin.
1732 761 1761 791 in
1788 761 1895 791 verbis.

1669 814 1686 825 a,

1106 814 1123 826 ‘⁵
1136 809 1190 839 viri
1207 811 1432 852 quamplurimi,
1451 823 1526 852 quos
1542 812 1581 842 ad

989 902 991 915 ¹
1388 901 1534 935 XXIII.

989 968 991 1004 ζ
1021 961 1139 995 Codex
1158 963 1449 1002 membranaceus,
1464 965 1496 997 in
1517 965 1598 997 folio
1616 966 1749 1003 minori,
1769 965 1801 998 ff.
1815 968 1896 1003 554,

1045 1031 1111 1053 see.
1124 1020 1195 1053 xiii.
1211 1022 1380 1060 exeuntis,
1393 1022 1480 1055 binis
1494 1022 1662 1055 columnis
1677 1030 1846 1061 exaratus⁹
1861 1031 1894 1056 et

1044 1079 1154 1122 quoad
1176 1078 1291 1112 literas
1310 1079 1467 1118 initiales,
1487 1079 1541 1112 hic
1561 1080 1629 1113 illic
1654 1082 1786 1125 pictus;
1813 1081 1894 1114 olim

1045 1136 1190 1169 Arthuri
1212 1136 1375 1176 Yeldard,
1402 1149 1444 1170 ex
1473 1137 1561 1170 dono
1590 1137 1756 1171 Johannis
1792 1138 1894 1183 pope.

1045 1199 1163 1239 postea
1189 1195 1330 1240 Georgii
1350 1195 1508 1228 theleri
1533 1207 1576 1228 ex
1606 1196 1776 1240 legatione
1801 1197 1897 1230 Guli-

1044 1252 1125 1285 elmi
1147 1252 1314 1293 theleri,
1334 1265 1423 1286 anno
1441 1252 1544 1293 1666,
1559 1254 1706 1297 denique
1724 1254 1801 1287 coll.
1818 1255 1897 1287 Lin-

1044 1309 1130 1343 coln.
1152 1321 1195 1343 ex
1214 1310 1304 1342 dono
1324 1310 1464 1355 Georgii
1490 1310 1685 1354 supradicti,
1706 1322 1758 1344 an.
1776 1314 1879 1347 1723.

1062 1369 1163 1399 Biblia
1187 1370 1282 1400 Sacra
1299 1369 1463 1406 Universa,
1480 1370 1615 1412 prologis
1636 1371 1897 1412 Hieronymianis,

1082 1432 1200 1451 necnon
1230 1422 1331 1462 quoad
1370 1422 1619 1453 Maccahaeorum
1655 1423 1748 1453 libros
1778 1423 1898 1454 Rabani

1084 1473 1199 1508 Mauri,
1215 1473 1297 1503 haud
1314 1473 1444 1503 insolitis
1460 1473 1631 1507 instrueta2
1655 1474 1818 1515 subjuncta
1836 1475 1897 1505 He-

1082 1523 1256 1553 braieorum
1277 1524 1434 1553 nominum
1458 1524 1715 1565 interpretatione
1730 1526 1897 1555 seeundum

1083 1575 1256 1615 Remigium
1272 1575 1583 1605 Autissiodorensem.

1126 1625 1161 1655 In
1184 1626 1274 1662 ealce,
1299 1631 1315 1642 “⁶
1333 1626 1512 1667 Explieiunt
1537 1627 1810 1668 interpretationes
1834 1628 1897 1658 He-

1103 1677 1277 1708 braieorum
1292 1678 1449 1707 nominum
1466 1679 1633 1708 seeundum
1650 1679 1851 1720 Remigium.”

1125 1728 1304 1769 Sequuntur
1318 1740 1423 1759 versus
1444 1729 1534 1759 utiles
1554 1730 1594 1759 ad
1620 1730 1813 1760 retinendum
1834 1742 1895 1761 me-

1102 1779 1272 1810 morialiter
1284 1780 1409 1810 nomina
1421 1784 1453 1810 et
1464 1780 1603 1810 ordinem
1613 1778 1760 1811 librorum
1772 1781 1895 1817 Bibliae3

1101 1830 1190 1871 incip.

1124 1886 1141 1897 ‘²
1153 1881 1232 1911 Sunt
1247 1882 1356 1912 Genes.
1371 1881 1429 1912 Ex.
1444 1882 1496 1912 Le.
1511 1882 1568 1912 Nu.
1584 1882 1663 1912 Deu.
1680 1882 1730 1913 Jo.
1745 1883 1796 1913 Ju.
1810 1883 1895 1914 Ruth

1102 1933 1178 1964 Rex.
1196 1933 1298 1964 Paral.
1316 1933 1368 1964 Es.
1387 1934 1462 1965 N0.”

1382 2013 1527 2047 XXIV.

1018 2074 1318 2115 Membranaeeus,
1346 2076 1381 2108 in
1406 2075 1488 2108 folio
1515 2075 1646 2111 minori,
1674 2074 1802 2113 ffi404,
1827 2086 1892 2108 see.

1042 2133 1109 2165 xiv.
1132 2134 1294 2172 ineuntis,
1312 2133 1401 2166 binis
1419 2133 1585 2166 columnis
1604 2133 1711 2165 nitide
1733 2138 1892 2165 exaratus

1041 2195 1076 2223 et
1094 2190 1226 2234 pictus3
1245 2202 1288 2224 ex
1309 2191 1398 2223 dono
1414 2190 1466 2222 M.
1480 2190 1567 2222 Rob.
1583 2189 1759 2233 Flemyng,
1775 2190 1891 2223 decan.

1042 2247 1218 2287 Lincoln.;
1244 2249 1344 2281 initio
1363 2248 1474 2281 mntil.

1058 2308 1158 2338 Biblia
1181 2308 1276 2339 Sacra
1297 2308 1459 2345 Universa,
1478 2319 1545 2338 cum
1571 2307 1705 2348 prologis
1730 2308 1760 2337 S.
1782 2307 1891 2337 Hiero-

1078 2360 1160 2400 nymi
1183 2364 1223 2395 et,
1240 2361 1342 2401 quoad
1368 2359 1616 2390 Maccabaeorum
1642 2358 1745 2396 libros,
1771 2357 1891 2388 Rabani

1079 2410 1194 2447 Mauri,
1211 2410 1294 2440 haud
1311 2410 1449 2440 insolitis

1121 2459 1267 2501 Sequitur
1290 2459 1514 2500 Interpretatio
1539 2457 1695 2488 nominum
1720 2458 1890 2489 Hebraico-

1097 2523 1165 2542 rum
1181 2512 1347 2542 seeundum
1364 2510 1536 2551 Remigium
1555 2509 1867 2540 Autissiodorensem.

1119 2563 1267 2593 Evulsum
1284 2569 1329 2593 est
1346 2562 1451 2592 folium
1467 2561 1598 2602 primum
1614 2566 1645 2591 et
1662 2560 1798 2591 tertium.

1388 2643 1512 2677 XXV.

1011 2707 1311 2746 Membranaeeus,
1336 2707 1368 2739 in
1396 2706 1488 2745 folio,
1517 2706 1548 2738 ff.
1565 2708 1645 2745 313,
1672 2717 1737 2739 sec.
1754 2705 1820 2738 xiv.
1840 2705 1889 2738 in-

1034 2766 1159 2805 euntis,
1186 2766 1273 2799 binis
1304 2764 1471 2798 columnis
1500 2768 1679 2803 exaratus3
1718 2774 1761 2796 ex
1785 2762 1887 2796 colla-

1108 2833 1128 2856 Ε
