2254 3117
330 164 375 199 26
884 156 1185 194 CATALOGUS
1211 152 1445 190 CODICUM
1473 152 1582 188 MSS.

358 265 452 297 tione
473 263 525 296 M.
538 262 561 296 J
564 262 706 296 ohannis
726 259 873 298 Russell,
892 259 1067 304 quondam
1086 258 1213 292 artium

360 321 524 367 magistri.

379 382 410 413 S.
424 382 648 412 Bonaventurae
661 378 834 411 Cardinalis
849 378 879 408 in
895 377 990 408 libros
1006 377 1124 418 priores
1139 377 1216 407 duos

400 432 629 463 Sententiarum
646 429 894 466 commentarius,
913 428 1026 459 notulis
1042 427 1217 469 marginali-

400 484 455 514 bus
471 483 654 513 illustratus.

442 534 579 564 Exstant
594 533 731 575 impress.
749 533 829 563 inter
844 542 950 573 opera,
966 535 1041 562 tom.
1058 531 1097 561 iv.
1115 542 1142 571 p.
1160 540 1184 560 1.

705 632 851 668 XXVI.

336 698 455 731 Codex
481 696 773 733 membranaceus,
802 696 837 728 in
869 694 963 734 folio,
986 694 1020 728 ff.
1043 696 1122 735 141,
1150 705 1216 727 sec.

360 755 418 788 xii.
443 755 615 794 exeuntis,
644 754 733 787 binis
765 753 934 788 columnis
960 753 1070 787 nitide
1100 763 1218 786 exara-

360 819 434 852 tus;
463 824 507 846 ex
525 813 615 846 dono
633 810 655 845 J
659 812 802 846 ohannis
822 811 996 845 Duffelde.

377 874 408 904 S.
425 873 577 904 Bernardi
604 874 728 905 abbatis
758 872 1002 905 Claraevallensis
1029 872 1060 902 in
1086 871 1218 902 Cantica

397 922 601 954 Cantieorum
616 934 773 954 sermones
789 923 949 964 octoginta
966 933 1030 953 sex.

440 974 501 1005 Tit.
520 974 666 1014 “Incipit
688 978 845 1005 tractatus
866 973 1018 1004 Bernardi
1039 972 1164 1003 abbatis
1180 972 1218 1002 de

419 1025 603 1063 Claravalle,
624 1037 717 1067 super
739 1026 869 1058 Cantica
891 1025 1100 1060 Canticorum,
1117 1034 1217 1054 serino

418 1077 535 1118 primus
550 1077 688 1118 incipit.''

441 1128 579 1160 Exstant
603 1129 742 1170 impress.
764 1127 846 1158 inter
868 1138 974 1169 opera,
993 1128 1082 1167 1690,
1106 1130 1180 1157 tom.
1199 1127 1216 1156 i.

419 1179 475 1209 col.
494 1181 581 1219 1267.

442 1230 599 1261 Praecedit
623 1230 744 1267 notitia,
763 1234 780 1247 ‘⁶
799 1230 1050 1267 Memorandum,
1071 1229 1152 1270 quod
1180 1229 1217 1259 is-

419 1286 486 1312 tum
523 1281 635 1312 librum
671 1282 757 1312 dedit
788 1285 819 1312 et
857 1281 1026 1321 assignavit
1064 1281 1218 1311 Dominus

419 1333 577 1363 Johannes
608 1333 750 1364 Duffelde
791 1333 915 1363 librario
949 1333 1069 1373 collegii
1104 1333 1218 1363 Sancte

420 1383 525 1414 Marie
541 1383 679 1414 Lineoln.
696 1384 795 1414 Oxon.
812 1384 852 1414 ad
872 1384 1016 1414 effectum
1039 1385 1121 1425 quod
1144 1384 1217 1414 socii

420 1435 495 1466 dicti
519 1435 637 1476 collegii
662 1436 776 1466 ibidem
799 1436 961 1467 studentes
976 1440 1066 1467 orent
1082 1436 1218 1477 speciali—

419 1490 468 1516 ter
492 1497 548 1527 pro
568 1487 672 1517 anima
696 1487 742 1517 M.
760 1487 878 1517 Thome
895 1487 1038 1518 Duffelde
1058 1498 1156 1528 nuper
1171 1498 1218 1517 ec-

419 1537 509 1568 clesie
532 1538 720 1569 cathedralis
738 1537 878 1568 Lineoln.
895 1538 1080 1575 cancellarii,
1102 1538 1217 1569 intuitu

421 1589 593 1620 caritatis.”

670 1670 834 1705 XXVII.

338 1733 635 1771 Membranaeeus‚
665 1733 699 1765 in
727 1736 798 1772 4to,
824 1733 857 1766 ff.
877 1735 960 1773 207,
990 1744 1076 1767 secc.
1096 1733 1154 1766 xii.
1183 1737 1218 1765 et

361 1792 417 1830 xi.,
437 1791 591 1836 pluribus
613 1796 774 1824 exaratus
799 1791 964 1831 librariis;
991 1802 1036 1824 ex
1055 1791 1146 1824 dono
1166 1790 1218 1823 M.

361 1848 506 1882 Roberti
527 1849 742 1894 Flemmyng,
761 1849 880 1882 decani
902 1849 1059 1883 Lineoln.

378 1909 407 1939 1.
428 1908 474 1938 Μ.
492 1908 633 1949 Epistola
650 1909 691 1938 ad
715 1909 752 1938 G.
769 1909 937 1940 multorum
959 1909 1219 1940 monasteriorum

441 1960 640 1990 fundatorem
670 1960 802 2001 epistola
831 1961 870 1991 de
900 1960 931 1991 S.
955 1960 1088 1996 Salome,
1111 1965 1220 1991 contra

442 2022 503 2047 eos⁷
520 2011 572 2052 qui
595 2021 664 2041 eam
687 2011 719 2041 in
741 2022 848 2042 sexum
869 2012 1071 2043 masculinum
1095 2023 1220 2043 conver-

443 2068 510 2093 tere
526 2062 681 2093 volebant.
705 2062 734 2092 ff.
751 2072 846 2104 3—5,
866 2073 891 2093 1.

486 2113 585 2155 Incip.
611 2118 628 2130 ‘⁴
645 2113 725 2153 Quia
748 2118 840 2155 pater
865 2114 1067 2151 sanctissime,
1090 2113 1219 2144 nonnul-

464 2165 541 2195 los.'’

380 2217 408 2245 Q.
427 2215 545 2246 Versus
568 2216 734 2257 rhythmici
755 2217 793 2247 de
815 2216 846 2247 S.
865 2216 1021 2248 Brendani
1037 2218 1101 2249 vita
1117 2218 1221 2248 metri—

443 2276 490 2301 ca,
506 2266 617 2296 fabulis
633 2266 805 2307 pullulante
820 2266 962 2306 anilibus.
987 2268 1036 2299 fol.
1056 2278 1072 2299 2
1089 2269 1117 2299 b.

489 2316 585 2358 Incip.

384 2376 400 2384 ·*
414 2367 476 2398 Hie
492 2373 586 2408 poeta
601 2368 653 2409 qui
669 2368 827 2399 Brendani
843 2369 939 2400 vitam
956 2370 1020 2401 vult
1035 2371 1219 2408 describere,

415 2418 518 2449 Grave
534 2419 659 2457 crimen,
676 2420 741 2450 viro
757 2419 819 2450 Dei
835 2420 957 2451 videtur
971 2421 1125 2452 inurere.”

384 2476 411 2504 53.
430 2474 631 2505 Tractatulus
647 2476 684 2506 de
701 2475 845 2507 numeris.
869 2476 920 2506 fol.
939 2478 967 2507 6.

491 2525 586 2566 Incip.
615 2531 632 2543 ⁶*
649 2526 801 2565 Quoniam
827 2527 865 2557 de
896 2527 1031 2558 numeris
1055 2527 1139 2559 facta
1162 2528 1221 2559 erit

468 2576 611 2606 menti0.''
974 2571 979 2575 ⁴

386 2628 412 2656 4.
431 2626 460 2657 S.
476 2627 626 2657 Bernardi
647 2629 771 2659 abbatis
787 2640 943 2660 sermones
959 2629 996 2659 iv.
1012 2640 1104 2670 super
1121 2634 1127 2645 ‘
1146 2629 1221 2660 Mis-

448 2689 499 2708 sus
515 2679 585 2714 cst‚'
601 2689 669 2709 eum
686 2680 877 2720 praefatione.
901 2680 952 2710 fol.
970 2690 997 2720 7.

491 2728 628 2759 Exstant
654 2729 735 2761 inter
764 2742 834 2772 opp.
859 2731 960 2762 Paris.
985 2730 1075 2772 1690,
1101 2736 1175 2762 tom.
1199 2732 1220 2762 i.

470 2779 523 2809 col.
542 2789 614 2820 732.

1390 252 1429 283 In
1444 252 1538 289 calce,
1555 256 1573 269 “
1588 251 1726 294 Explicit
1743 255 1900 283 tractatus
1920 250 2071 285 Bernardi
2093 255 2146 286 ab-

1368 304 1451 335 batis
1477 304 1515 334 de
1543 303 1701 344 evangelio
1729 303 1845 334 Missus
1874 308 1923 335 est
1953 305 2089 343 Gabriel,
2116 307 2146 337 in

1368 356 1486 386 honore
1500 355 1634 396 gloriose
1646 354 1707 385 Dei
1723 354 1881 396 genitricis
1898 355 2030 387 Marie.”

1284 414 1313 443 5.
1331 412 1480 453 Ejusdem
1504 410 1655 441 Bernardi
1679 410 1810 451 epistola
1836 411 1876 441 ad
1902 411 2083 449 Henricum‚
2100 424 2146 444 ar-

1349 463 1447 504 chiep.
1462 463 1680 498 senonensem,
1698 462 1736 492 de
1758 462 1895 493 moribus
1918 468 1950 494 et
1974 463 2073 494 officio
2088 465 2148 506 epi-

1353 524 1527 554 scoporum.
1545 513 1595 543 fol.
1609 523 1650 553 30
1666 513 1696 543 b.

1393 566 1491 607 Incip.
1509 569 1527 583 “
1541 564 1667 596 Placuit
1690 565 1899 606 prestanties'
1931 566 2005 597 ibid.
2032 571 2108 598 tom.
2129 568 2148 599 i.

1372 617 1427 647 col.
1441 617 1482 654 46
1492 627 1498 646 ι
1508 640 1514 646 .

1286 667 1316 698 6.
1337 667 1485 709 Ejusdem
1501 667 1541 698 ad
1559 666 1688 698 Petrum
1705 667 1913 698 Cardinalem.
1937 668 1988 699 fol.
2007 679 2058 709 51.

1394 718 1493 760 Incip.
1511 722 1531 737 ‘⁴
1547 720 1625 749 Cum
1641 722 1743 750 totum
1766 729 1815 748 me
1827 719 1854 756 ;”
1877 719 1949 750 ibid.
1966 723 2041 750 tom.
2058 720 2077 751 i.
2095 721 2149 751 col.

1372 780 1425 811 35,
1442 781 1488 811 ep.
1507 769 1590 800 xviii.

1288 828 1315 858 7.
1334 826 1478 862 Martini,
1506 836 1554 866 ep.
1587 824 1765 855 Dumiensis
1795 830 1906 866 postea
1935 825 2151 857 Braccarensis

1354 875 1502 906 Formula
1520 875 1657 905 honestae
1674 875 1758 912 vitaz,
1775 875 1838 906 sive
1853 876 1891 907 de
1907 880 2042 918 quatuor
2057 877 2151 908 virtu-

1353 927 1445 963 tibus,
1458 926 1498 957 ad
1515 925 1681 963 Mironem,
1695 937 1799 967 regem
1816 926 2040 958 Gallitiensem.
2068 928 2088 958 f.
2101 938 2150 969 54.

1395 977 1522 1015 Exstat,
1545 977 1659 1008 omissa
1686 977 1870 1018 praefatione
1900 979 1930 1009 in
1958 979 2037 1010 Bibl.
2062 980 2149 1012 Patr.

1374 1029 1475 1060 Paris.
1498 1030 1586 1067 1644,
1603 1032 1680 1059 tom.
1696 1040 1722 1059 v.
1740 1040 1768 1070 p.
1783 1031 1854 1070 689.
1900 1030 2054 1061 Adfertur
2076 1041 2152 1072 prae-

1373 1081 1450 1111 fatio
1467 1080 1498 1110 in
1515 1079 1661 1111 Dacherii
1678 1079 1821 1122 Spieileg.
1838 1085 1911 1112 tom.
1930 1092 1959 1111 x.
1975 1092 2005 1122 p.
2018 1082 2088 1112 626.

1289 1138 1319 1168 8.
1336 1136 1431 1167 Statii
1447 1134 1637 1166 Achilleidos
1658 1135 1727 1165 libri
1753 1136 1899 1176 quinque,
1917 1146 1986 1166 cum
2011 1135 2152 1176 glossulis

1352 1186 1584 1228 marginalibus.
1608 1185 1660 1216 fol.
1679 1188 1729 1217 62.

1396 1237 1565 1268 Praemissa
1580 1241 1662 1272 sunt.

1332 1300 1360 1319 a.
1377 1288 1556 1319 Materialis
1583 1287 1750 1329 prelibaeio
1780 1288 1811 1318 in
1836 1287 2010 1319 Achilleida
2040 1289 2153 1326 Statii3

1395 1338 1485 1379 incip.
1504 1342 1521 1354 ⁴⁶
1535 1338 1610 1377 Quis
1626 1338 1666 1368 sit
1682 1342 1774 1369 autor
1790 1338 1881 1379 hujus
1897 1338 1997 1369 libri.''

1333 1390 1361 1420 b.
1378 1389 1586 1431 Argumenta,
1611 1389 1750 1420 versibus
1773 1389 1919 1430 quinque,
1944 1389 2035 1431 incip.
2053 1394 2070 1406 “
2087 1390 2152 1420 Pri-

1396 1452 1464 1472 mus
1480 1441 1606 1473 deducit
1623 1441 1816 1472 Tlletiden1.”

1334 1504 1359 1524 c.
1376 1492 1511 1523 Nomina
1528 1492 1692 1523 Musarum
1715 1499 1747 1523 et
1768 1492 1885 1523 Earum
1906 1491 2024 1527 officim
2049 1497 2069 1510 “
2087 1493 2153 1524 Clio

1396 1549 1485 1585 gesta
1501 1545 1645 1575 canens.''

1333 1595 1427 1625 d.·De
1457 1594 1634 1625 differentia
1664 1594 1879 1636 nympharum,
1910 1599 1988 1631 etc.;
2021 1599 2038 1611 “
2049 1595 2153 1626 Arbor

1396 1646 1634 1677 Amadriades.'''

1333 1708 1358 1726 e.
1377 1696 1534 1727 Fabulosa
1556 1696 1737 1737 genealogia
1764 1696 1944 1731 Pleiadumt,
1980 1702 1997 1713 ⁴⁴
2011 1696 2151 1727 Pleiades

1395 1747 1542 1789 incipient
1559 1747 1733 1778 humero&

1290 1805 1320 1836 9.
1339 1803 1491 1834 Macrobii
1508 1803 1538 1833 in
1555 1803 1715 1833 Somnium
1732 1803 1885 1844 Scipionis
1902 1804 2150 1841 commentarius,

1354 1855 1469 1896 praevio
1485 1854 1602 1885 Somnii
1619 1858 1718 1891 textu,
1736 1865 1805 1885 cum
1820 1854 1962 1896 glossulis
1978 1855 2151 1896 marginali-

1355 1906 1421 1936 bus.
1443 1906 1494 1936 fol.
1510 1906 1558 1946 85.

1398 1957 1460 1988 Tit.
1487 1962 1505 1975 ‘⁴
1524 1957 1640 1998 Incipit
1670 1957 1849 1987 Macrobius
1880 1968 1972 1998 super
2000 1957 2150 1988 somnium

1378 2007 1558 2048 Scipionis.”

1399 2058 1580 2099 Sequuntur
1605 2057 1725 2088 notitiae
1752 2057 1790 2087 de
1814 2056 2023 2087 schematibus
2048 2056 2152 2086 verbo—

1377 2120 1456 2146 rum,
1473 2109 1588 2151 praevia
1604 2108 1785 2150 praefatione
1800 2108 1950 2144 metrica;
1973 2107 2063 2149 incip.

1337 2166 1355 2178 ‘⁴
1369 2160 1594 2191 Versificaturo
1611 2183 1618 2190 .
1635 2159 1768 2200 quedam
1784 2159 1840 2190 tibi
1857 2159 1981 2190 tradere
1995 2158 2100 2190 ειη-ο.ῃ

1272 2216 1321 2246 10.
1338 2215 1562 2256 Fragmentum
1578 2225 1735 2245 sermonis.
1761 2213 1812 2243 fol.
1831 2214 1898 2244 180.

1398 2266 1497 2307 Incip.
1515 2270 1534 2283 ‘⁶
1548 2265 1619 2295 Sine
1635 2265 1697 2295 ulla
1713 2264 1908 2295 dubitatione
1921 2269 1953 2295 et
1967 2264 2069 2295 anime
2084 2275 2151 2306 pec*

1358 2349 1365 2356 ⁴
1378 2317 1508 2348 catrices
1524 2317 1742 2357 unaquaque.”

1272 2373 1320 2401 11.
1345 2371 1569 2402 Testimonium
1598 2371 1637 2401 de
1663 2371 1763 2402 tribus
1794 2371 1916 2408 Mariis,
1942 2382 1981 2402 ex
2011 2371 2150 2413 Evange⁴

1377 2423 1456 2454 listis
1472 2427 1503 2454 et
1521 2422 1551 2453 S.
1567 2422 1769 2464 Hieronymo.
1793 2422 1844 2453 fol.
1862 2422 1928 2453 182.

1272 2480 1321 2510 12.
1340 2479 1499 2520 Excerpta
1515 2489 1552 2509 ex
1570 2478 1695 2509 Merlini
1712 2477 1884 2519 prophetia.
1909 2477 1960 2509 fol.
1974 2478 2031 2509 182
2049 2479 2076 2509 b.

1399 2530 1462 2560 Tit.
1480 2529 1627 2570 “Incipit
1645 2528 1770 2559 Merlini
1789 2528 1984 2570 prophetia?

1398 2580 1496 2621 Incip.
1515 2584 1532 2596 “
1545 2580 1680 2611 Sedente
1696 2580 1802 2621 itaque
1816 2578 2037 2621 Vortegirn0.”

1400 2633 1439 2662 In
1455 2631 1546 2668 calce,
1563 2635 1583 2648 “
1599 2630 1758 2662 Ambrosii
1778 2630 1903 2661 Merlini
1924 2630 2087 2672 prophetia
2103 2641 2152 2661 ex-

1378 2682 1492 2724 plicit.”

1273 2735 1321 2765 13.
1336 2734 1383 2765 De
1396 2733 1606 2775 Rogationum
1618 2733 1735 2770 diebus,
1749 2737 1780 2764 et
1794 2733 2004 2764 Pentecostes.
2019 2732 2040 2763 f.
2053 2733 2109 2774 185
2121 2733 2150 2763 b.

1400 2784 1497 2826 Incip.
1522 2784 1606 2815 “Ex
1630 2783 1758 2815 concilio
1785 2783 2012 2821 Aurelianensi‚
2035 2783 2152 2825 capitu-
