2254 3117
366 141 410 172 14
922 138 1223 175 CATALOGUS
1248 139 1483 176 CODICUM
1509 141 1619 176 MSS.

491 236 650 268 Incarnati
661 237 689 271 ;''
709 240 741 267 et
756 236 796 266 ad
812 235 935 273 calcem,
950 241 968 253 “
978 237 1159 278 Expliciunt
1170 249 1242 280 que—

489 288 605 318 stiones
620 288 658 317 de
674 287 832 318 Christo.”

404 338 433 368 6.
450 338 597 378 Ejusdem
614 338 741 368 Thomae
763 337 947 378 quaestiones
970 339 1008 369 de
1031 339 1243 380 spiritualibus

468 390 627 420 creaturis.
650 389 700 418 fol.
714 398 784 429 310.

510 440 605 481 Incip.
625 444 642 456 ‘⁴
654 440 782 478 Questio
797 444 845 470 est
860 441 898 470 de
914 440 1153 481 spiritualibus*

510 491 546 521 In
558 491 650 526 calce,
659 490 861 531 “Expliciunt
871 492 1048 533 questiones
1057 493 1082 529 3⁵³
1092 498 1127 524 ut
1138 504 1240 534 supra.

510 542 663 572 Prreniisit
679 542 776 574 codici
798 554 907 574 manus
927 544 1081 575 recentior
1097 545 1241 585 quaestio-

486 604 559 623 num
572 593 710 624 tabulam
727 594 999 636 materiarumque,
1013 607 1079 637 quae
1093 596 1123 626 in
1137 596 1241 627 codice

486 644 692 674 continentur.

778 739 818 772 L.

360 801 480 835 Codex
506 802 799 841 membranaceus,
826 803 860 835 in
889 802 982 843 folio,
1011 803 1044 837 ff.
1066 806 1145 838 110.
1173 815 1238 837 sec.

383 861 462 895 xiv..
481 860 570 893 binis
596 859 766 893 columnis
790 865 970 899 exaratus:
997 872 1041 894 ex
1060 861 1150 894 dono
1170 861 1239 894 Ro-

382 919 471 951 berti
494 917 614 956 Polan,
634 918 748 951 vicarii
773 918 816 951 de
842 918 1046 963 Penystane,
1065 920 1238 963 quondam

381 976 458 1010 coll.
477 975 566 1009 Ball.
585 976 677 1009 socii.

400 1038 428 1067 1.
445 1036 670 1077 Conipendium
691 1036 786 1066 totius
804 1036 989 1078 Theologiae,
1007 1037 1068 1068 sive
1085 1038 1123 1068 de
1140 1037 1238 1068 Theo-

462 1087 551 1128 logiae
564 1087 748 1118 veritatibus
759 1087 827 1118 libri
841 1092 970 1129 septem,
988 1089 1129 1129 [auctore
1143 1089 1238 1119 Petro

463 1139 593 1173 Thoma,
613 1139 675 1169 sive
693 1138 826 1169 Alberto
844 1139 973 1180 Magno,
993 1140 1055 1170 sive
1079 1140 1238 1181 cujuscun-

463 1201 522 1231 que
545 1190 609 1230 sit‚]
634 1190 747 1231 praevio
769 1190 896 1231 prologo
915 1196 947 1222 et
962 1191 1070 1222 tabula
1091 1191 1238 1232 capitulo-

462 1253 539 1272 rum.
563 1241 614 1271 fol.
627 1254 656 1280 4.

506 1293 567 1324 Tit.
601 1302 618 1309 *⁵
632 1293 746 1334 Incipit
776 1293 991 1334 compendium
1022 1295 1121 1324 tocius
1152 1295 1237 1325 theo-

483 1345 592 1385 logie.''

506 1396 623 1426 Exstat
633 1396 771 1437 impress.
785 1396 866 1427 inter
878 1396 999 1428 Alberti
1012 1397 1119 1438 Magni
1135 1408 1235 1438 opera,

483 1447 530 1477 ed.
544 1447 680 1487 Jammy,
697 1447 754 1477 vol.
769 1447 832 1477 xiii.
849 1452 881 1478 et
896 1447 979 1478 alibi.

506 1498 542 1527 In
558 1498 649 1533 calce,
668 1503 685 1515 “
697 1498 833 1538 Explicit
849 1499 1093 1539 cmnpendium,”
1110 1504 1169 1529 etc.
1186 1499 1236 1529 de-

482 1550 563 1583 inde,

424 1606 441 1618 “
454 1601 596 1632 Christus
612 1600 764 1635 laudetur,
782 1601 855 1641 quia
870 1601 938 1631 libri
954 1601 1021 1631 finis
1036 1601 1200 1631 habetur.''

397 1654 425 1681 Ω.
446 1652 477 1682 S.
495 1651 623 1681 Thomae
650 1651 818 1692 Aquinatis
843 1651 971 1682 Summa
997 1651 1035 1681 de
1058 1651 1234 1688 virtutibus,

409 1719 412 1722 ⁴
460 1703 613 1744 capitibus
629 1703 699 1733 xvii.
716 1714 873 1745 expressa.
899 1703 950 1733 fol.
966 1713 1013 1744 79.

502 1754 599 1795 Incip.
618 1758 635 1771 “
648 1754 710 1785 Hic
733 1755 838 1795 agitur
859 1755 896 1784 de
915 1754 1100 1787 virtutibus:
1123 1754 1236 1785 Virtus

480 1805 523 1835 sic
539 1804 689 1835 diffinitur
703 1805 733 1834 in
750 1805 829 1835 libro
845 1805 883 1835 de
900 1804 1017 1846 Spiritu
1034 1810 1065 1835 et
1081 1804 1213 1834 aninia.”

396 1858 424 1887 3.
442 1856 589 1897 Ejusdem
622 1856 749 1886 Summa
780 1856 818 1886 de
847 1856 938 1891 vitiis,
969 1855 1124 1897 capitibus
1153 1859 1233 1886 octo.

459 1907 509 1937 fol.
523 1908 562 1947 96
576 1907 605 1937 b.

502 1958 598 1999 Incip.
617 1962 634 1974 ζ’
647 1957 697 1987 De
718 1962 845 1998 peccato
866 1957 897 1987 in
918 1958 1081 1988 communi.
1123 1957 1235 1988 Pecca-

479 2013 546 2039 tum
562 2013 609 2039 est
625 2008 741 2038 dictum
755 2008 800 2038 vel
816 2010 933 2039 factum
946 2009 991 2039 vel
1009 2008 1234 2050 concupitun1.”

395 2061 422 2089 4.
441 2059 567 2090 Summa
587 2060 625 2089 de
648 2059 903 2096 beatitudinibus,
927 2060 1080 2101 capitibus
1104 2067 1233 2101 septem.

457 2110 507 2140 fol.
526 2120 592 2140 102.

500 2161 595 2202 Incip.
615 2166 632 2177 “
647 2161 752 2191 Primo
774 2162 811 2192 de
833 2162 1018 2193 humilitate.
1058 2162 1095 2192 In
1111 2162 1233 2192 nomine

478 2212 605 2243 Domini
622 2218 697 2243 nota
714 2213 1018 2249 de.beatitudinibus,
1033 2218 1065 2243 ct
1080 2212 1179 2254 primo
1195 2213 1233 2243 de

478 2264 686 2294 humilitate.'’

500 2315 537 2345 In
548 2315 641 2351 calce,
651 2319 669 2331 ‘⁴
677 2314 813 2354 Explicit
823 2315 900 2345 liber
910 2315 947 2345 de
959 2314 1233 2346 beatitudinibus.”

763 2407 823 2441 LI.

351 2460 651 2508 Membranaceus,
671 2470 703 2501 in
729 2468 820 2507 folio,
840 2468 872 2502 ff.
889 2468 967 2506 161,
987 2480 1052 2502 sec.
1072 2470 1141 2503 xiv.
1160 2470 1231 2503 ine-

372 2528 474 2566 untis,
494 2528 583 2561 binis
607 2527 774 2560 columnis
801 2531 981 2565 exaratum
1010 2527 1093 2560 olim
1117 2527 1231 2560 fratris

373 2585 500 2630 Rogeri
528 2586 571 2618 (10
598 2584 788 2629 Bredbury.
816 2589 935 2628 postea
965 2584 1041 2618 coll.
1070 2584 1158 2618 Ball.
1185 2597 1229 2619 ex

372 2643 463 2676 dono
483 2643 581 2677 Will.
601 2643 704 2688 Gray.

390 2702 421 2732 S.
433 2702 562 2734 Γ[11011130
577 2703 746 2744 Aquinatis
762 2702 925 2744 Expositio
942 2713 1033 2744 super
1048 2702 1181 2743 primum
1197 2702 1229 2732 11-

410 2753 499 2784 brum
510 2754 752 2791 Sententiarum,
762 2765 884 2785 annexa
894 2753 1099 2795 quaestionum
1112 2753 1228 2784 tabula.

1401 238 1464 269 Tit.
1481 242 1499 255 ‘⁶
1510 237 1702 280 Principium
1717 249 1810 279 super
1824 239 1957 280 primum
1972 239 2083 270 librum
2100 241 2175 272 Sen-

1380 289 1582 320 tentiarum.’'

1402 340 1568 370 Praemissa
1579 344 1627 370 est
1641 350 1734 370 manu
1751 343 1863 370 recent.
1878 340 2008 381 quaestio
2019 341 2072 371 An
2085 341 2176 372 Eter-

1380 391 1462 422 nitas
1478 391 1537 422 Dei
1552 392 1593 422 sit
1608 391 1673 432 ipse
1688 391 1792 427 Deus;
1815 391 1906 432 incip.
1920 396 1937 408 “
1948 392 2037 431 Quod
2053 392 2176 424 videtur

1379 442 1432 478 sic,
1448 442 1533 473 Deus
1549 448 1676 483 propter
1692 453 1843 473 summam
1859 442 2118 484 simplicitatem.”

1692 537 1772 570 LII.

1293 598 1413 632 Codex
1439 599 1732 639 membranaceus5
1758 600 1792 632 in
1824 599 1916 640 folio,
1943 599 1977 633 ff.
1998 599 2077 639 164,
2106 611 2171 634 sec.

1317 657 1385 690 xiv.
1412 657 1571 695 ineuntis,
1601 657 1689 691 binis
1719 657 1887 692 columnis
1916 663 2096 699 exaratus3
2129 671 2172 692 ex

1317 715 1407 747 dono
1426 714 1579 759 ejusdem
1596 713 1780 748 Willehni.

1335 779 1364 809 S.
1380 778 1508 809 Thomae
1530 778 1698 819 Aquinatis
1720 779 1873 820 expositio
1893 791 1985 821 super
2005 780 2172 810 secundum

1354 829 1466 860 librum
1483 829 1726 866 Sententiarum,
1744 841 1812 860 cum
1829 830 1936 861 tabula
1951 841 2083 861 annexa.

1398 880 1435 910 In
1463 880 1556 917 calce,
1584 881 1752 920 “Explicit
1782 881 1934 912 secundus
1964 881 2041 912 liber
2067 881 2172 912 fratris

1376 931 1494 961 Thome
1519 931 1556 962 dc
1580 931 1706 972 Aquino
1733 932 1848 962 ordinis
1874 932 2005 963 fratrum
2028 932 2172 963 Predica-

1376 987 1479 1013 torum
1491 983 1518 1019 ;”
1541 982 1590 1013 cui
1613 982 1750 1013 succedit
1771 983 1886 1019 tabula,
1906 986 1938 1013 et
1956 983 2018 1019 isti,
2036 987 2054 999 “
2068 983 2173 1024 Expli-

1375 1034 1460 1064 ciunt
1476 1034 1612 1075 capitula
1632 1034 1766 1064 secunda
1784 1034 1853 1064 libri
1870 1033 2095 1064 sentenciarum
2111 1035 2171 1065 fra-

1376 1084 1433 1115 tris
1450 1085 1568 1116 Thome
1583 1085 1621 1116 de
1638 1085 1795 1126 Aquino.'’

1397 1136 1576 1177 Sequuntur
1591 1136 1801 1167 conclusiones
1822 1142 1892 1166 octo
1908 1135 2019 1177 quibus
2036 1136 2170 1168 Thomas

1376 1187 1432 1217 sibi
1449 1186 1506 1227 ipsi
1528 1187 1557 1217 in
1579 1187 1636 1217 hoc
1657 1187 1773 1228 scripto
1790 1187 1946 1218 contraria
1961 1187 2051 1218 (locet
2067 1188 2106 1218 ab
2122 1188 2170 1225 iis,

1376 1248 1443 1278 quae
1460 1238 1490 1267 in
1508 1238 1635 1268 Summa
1651 1238 1776 1269 tradit.”

1682 1332 1782 1365 LIII.

1291 1394 1590 1431 Mcmbranaceus.
1606 1396 1639 1427 111
1660 1395 1750 1433 folio,
1766 1395 1799 1428 ff.
1813 1398 1894 1435 202,
1909 1407 1974 1429 sec.
1988 1397 2064 1434 xiv„
2081 1396 2169 1429 binis

1314 1453 1482 1486 columnis
1501 1459 1670 1486 exaratus.

1332 1514 1363 1544 S.
1377 1514 1504 1544 Thomae
1521 1513 1689 1554 Aquinatis
1710 1525 1802 1554 super
1818 1513 1944 1544 tertium
1964 1513 2074 1544 librum
2094 1514 2167 1545 Sen-

1351 1565 1521 1595 tentiarum
1536 1564 1701 1605 expositio,
1717 1576 1786 1595 cum
1803 1565 1909 1596 tabula
1926 1576 2056 1596 annexa.

1396 1614 1432 1644 In
1449 1614 1530 1645 calce
1546 1614 1670 1652 tabulae,
1689 1620 1706 1631 *⁴
1720 1615 1856 1656 Explicit
1873 1615 1949 1646 liber
1964 1615 2056 1646 iste.⁷’

1681 1711 1779 1746 LIV.

1289 1774 1586 1813 Membranaceus,
1605 1775 1638 1806 in
1663 1773 1756 1814 folio,
1778 1773 1811 1807 ff.
1829 1776 1912 1812 253,
1934 1785 1999 1807 sec.
2019 1774 2099 1812 xiv„
2117 1774 2167 1807 bi-

1311 1832 1363 1865 nis
1393 1832 1562 1865 columnis
1592 1836 1773 1870 exaratus3
1808 1842 1852 1864 ex
1881 1831 1995 1876 legato
2022 1831 2165 1864 Roberti

1311 1889 1492 1929 Thwaites‚
1520 1889 1693 1934 quondam
1720 1888 1797 1922 coll.
1821 1888 1908 1922 Ball.
1935 1889 2099 1934 magistri,
2126 1901 2164 1922 ac

1311 1947 1431 1981 decani
1450 1947 1637 1987 Aukland;
1665 1947 1699 1980 in
1719 1946 1812 1980 calce
1830 1946 1983 1980 mutilus.

1330 2012 1359 2042 S.
1377 2011 1504 2042 Thomae
1529 2011 1696 2052 Aquinatis
1722 2010 1876 2052 expositio
1902 2021 1994 2051 super
2019 2015 2165 2050 quartum

1339 2062 1460 2092 'librum
1477 2062 1717 2093 Sententiarum.

1392 2113 1488 2144 Defic.
1521 2114 1551 2144 in
1580 2113 1680 2144 verbis
1710 2113 1858 2144 Distinet.
1886 2113 1960 2144 xlix.
1993 2113 2095 2154 “quia
2124 2114 2164 2144 ad

1370 2165 1599 2196 similitudinem
1624 2164 1746 2195 visionis
1769 2165 1971 2206 corporaliter
1996 2164 2162 2206 cognoscit.

1370 2227 1406 2247 ea
1422 2216 1508 2258 quasi
1524 2215 1701 2257 presencia*

1692 2309 1771 2343 LV.

1287 2371 1583 2410 Membranaceus,
1610 2372 1644 2404 in
1671 2371 1753 2405 folio
1778 2372 1908 2416 majori,
1935 2371 1968 2405 ff.
1988 2374 2068 2411 343,
2095 2383 2161 2405 sec.

1307 2441 1374 2469 xv„
1389 2429 1478 2463 binis
1496 2428 1664 2462 columnis
1682 2429 1791 2463 nitide
1809 2434 1988 2468 exaratus;
2009 2441 2052 2462 ex
2071 2430 2161 2462 dono

1309 2487 1407 2520 Will.
1428 2488 1529 2532 episc.
1550 2486 1707 2521 Eliensis.

1325 2548 1456 2579 Gerardi
1479 2547 1632 2583 Senensis,
1654 2547 1719 2577 ord.
1742 2546 1771 2577 S.
1790 2546 1966 2588 Augustini,
1987 2557 2079 2587 super
2101 2547 2160 2588 pri-

1346 2609 1429 2628 mum
1452 2599 1562 2629 librum
1585 2598 1816 2629 Sententiarum
1839 2597 1980 2633 Lectura,
2001 2608 2069 2627 cum
2093 2608 2162 2638 pro-

1345 2650 1425 2690 logo.

1388 2701 1504 2732 Exstat
1520 2701 1657 2742 impress.
1674 2701 1704 2730 in
1720 2700 1769 2730 fol.
1794 2699 1902 2730 Patav.
1920 2700 2008 2739 1598.

1387 2753 1424 2783 In
1451 2753 1541 2791 calce,
1570 2759 1587 2770 ⁴·
1601 2752 1739 2794 Explicit
1765 2752 1884 2783 lectura
1909 2761 2001 2792 super
2026 2751 2159 2792 primum
