2254 3117
667 162 907 198 COLLEGII
934 163 1309 206 MERTONENSIS.
1853 181 1899 217 59

99 258 127 288 l.
145 256 239 288 Liber
254 257 365 294 dictus.
383 259 447 290 Cur
460 259 546 290 Deus
562 259 663 291 homo.
687 260 739 291 sol.
753 270 781 292 2.

202 309 266 340 Tit.
296 314 314 327 “
329 310 391 341 Hic
414 311 523 353 incipit
545 315 703 343 tractatus
725 313 864 354 ejusdem
881 312 962 344 Wil-

179 359 271 396 lelmi.
289 360 352 392 Cur
368 361 456 392 Deus
472 363 598 393 homo.’'

202 412 241 442 In
257 412 350 449 calce.
369 419 387 430 ‘⁸
400 413 540 455 Explicit
561 417 716 445 tractatus
739 414 857 445 domini
873 415 961 446 Pari-

178 463 296 501 siensis,
313 464 380 495 Cur
394 464 480 495 Deus
495 465 616 495 hom0.”

93 527 122 557 2.
141 525 236 557 Liber
250 527 289 557 de
304 531 425 569 septem
440 527 654 559 sacramentis.
679 528 732 559 fol.
748 538 796 560 12.

200 579 239 609 In
269 579 362 617 calce,
395 584 414 596 ‘²
430 579 569 621 Explicit
598 583 755 611 tractatus
785 581 824 612 de
854 592 956 613 sacra-

176 630 320 661 mentisff'

91 693 120 723 3.
138 691 235 723 Liber
249 692 288 723 de
303 692 481 724 virtutibus.
505 693 556 724 fol.
572 704 642 724 101.

196 744 235 775 In
251 744 343 781 calce,
356 749 374 762 ‘⁴
385 745 525 786 Explicit
538 750 697 778 tractatus
709 747 748 778 de
759 747 957 779 virtutibus.”

91 801 118 831 4.
136 800 184 831 De
200 800 283 832 vitiis
298 804 330 832 et
345 801 493 842 peccatis.
517 802 568 833 fol.
584 804 654 834 162.

89 858 117 887 5.
135 856 184 887 De
199 857 460 898 temptationibus
476 861 508 889 et
524 858 720 891 resistentiis.
744 860 795 891 fol.
812 861 881 903 185.

89 911 118 944 6.
134 912 183 943 De
198 912 328 943 meritis.
351 913 403 944 fol.
420 914 489 954 196.

88 969 116 1000 7.
133 968 182 999 De
197 967 305 1009 gloria.
329 968 379 999 fol.
395 977 464 999 202.

194 1020 233 1050 In
249 1019 340 1057 calce,
355 1024 373 1037 “
388 1019 527 1061 Explicit
544 1024 700 1053 tractatus
715 1023 754 1054 de
769 1025 907 1065 peccatis
922 1030 954 1057 et

171 1071 257 1102 viciis
279 1072 449 1102 secundum
474 1072 520 1104 M.
538 1072 625 1104 Will.
650 1074 689 1105 de
712 1075 872 1113 Alvernia.
890 1081 948 1109 etc.

170 1123 303 1154 Amen.”

88 1179 116 1209 8.
133 1177 184 1209 De
198 1178 311 1220 gratia.
334 1178 386 1210 fol.
401 1188 459 1220 205
473 1179 501 1211 b.

193 1229 230 1260 In
246 1229 340 1268 calce,
357 1234 375 1247 “
389 1230 528 1272 Explicit
544 1233 580 1262 de
594 1232 720 1273 gracia;
745 1233 878 1265 Amen.”

85 1286 115 1319 9.
132 1284 182 1316 De
197 1285 436 1317 immortalitate
452 1286 573 1317 animae.
598 1287 648 1318 fol.
664 1297 722 1328 207
738 1288 769 1319 b.

65 1340 114 1372 10.
130 1340 178 1372 De
194 1340 331 1371 faciebus
346 1340 464 1372 mundi.
487 1342 540 1372 fol.
555 1351 613 1383 213
628 1342 658 1374 b.

190 1392 252 1423 Tit.
271 1397 288 1409 ‘⁴
302 1392 415 1434 Incipit
430 1393 577 1435 prologus
598 1393 629 1424 in
649 1394 744 1425 libros
760 1395 798 1426 de
814 1395 951 1428 faciebus

167 1444 279 1475 mundi
293 1455 313 1475 a
328 1444 488 1476 Willelmo
503 1445 542 1476 de
557 1445 716 1484 Alvernia,
727 1447 872 1489 episcopo
890 1448 950 1480 Pa-

166 1495 298 1533 risiensi,
315 1496 430 1527 edita.”

188 1547 328 1579 Exstant
340 1548 444 1579 omnia
456 1548 637 1591 supradicta
653 1549 735 1581 inter
747 1561 842 1592 opera
853 1552 948 1590 edita,

167 1598 278 1630 Venet.
293 1608 383 1640 1591.

382 1715 623 1752 CXXXVII.

63 1778 184 1813 Codex
213 1778 510 1822 membranaceus,
537 1782 573 1815 in
600 1782 692 1823 folio,
720 1782 754 1817 ff.
771 1786 851 1825 183,
877 1797 946 1820 sec.

82 1837 163 1878 xiv„
181 1837 270 1872 binis
296 1838 467 1873 columnis
493 1839 585 1874 haud
613 1841 736 1875 eadem
762 1853 869 1877 manu
887 1855 947 1877 ex—

83 1900 218 1937 aratus3
258 1908 302 1930 ex
337 1896 427 1931 dono
462 1897 560 1932 Will.
597 1899 705 1939 Reed,
741 1912 794 1946 ep.
831 1902 947 1936 Cices-

83 1954 217 1988 trensis.

101 2015 130 2045 1.
147 2014 294 2046 Gulielmi
324 2016 455 2048 Ochami
484 2017 563 2049 liber
592 2019 631 2050 de
661 2031 791 2062 corpore
816 2021 943 2059 Christi,

162 2066 225 2098 sive
241 2072 438 2099 sacramento
453 2069 580 2106 altaris;
599 2070 630 2101 in
646 2070 707 2102 fine
722 2072 821 2103 mutil.
847 2073 897 2104 fol.
913 2083 942 2105 2.

204 2118 321 2151 Exstat
337 2120 476 2162 impress.
494 2121 595 2153 Paris.
616 2123 693 2163 1487
711 2127 744 2155 et
760 2124 842 2155 alibi.

203 2169 302 2201 Defic.
318 2170 349 2201 in
364 2171 478 2209 verbis,
495 2177 514 2189 “
526 2176 558 2204 et
574 2184 630 2214 per
645 2174 774 2205 concilia
789 2174 880 2206 licere
895 2186 943 2206 re-

181 2220 332 2261 prehendi
421 2223 450 2252 .’'

97 2280 126 2309 2.
144 2280 263 2321 AEgidii
285 2281 324 2312 de
344 2281 496 2313 Columna
512 2282 657 2321 Romani,
673 2284 809 2326 archiep.
825 2284 942 2317 Bituri-

156 2331 267 2368 censis.
283 2332 361 2364 liber
376 2333 415 2364 de
429 2345 496 2365 esse
512 2338 544 2366 et
560 2335 705 2373 essentia,
717 2337 942 2377 quaestionibus

160 2383 319 2414 tredecim.
344 2384 395 2414 fol.
412 2395 461 2423 14.

201 2434 301 2475 Incip.
318 2439 336 2452 “
350 2436 479 2475 Questio
499 2444 548 2468 est
569 2441 676 2468 utrum
697 2439 738 2470 sit
760 2439 836 2470 dare
850 2439 940 2481 plura

179 2485 362 2527 principia‚”
379 2492 414 2518 ut
429 2487 460 2518 in
476 2488 550 2519 edit.
569 2489 682 2520 Venet.
703 2500 792 2531 1503.

95 2543 124 2574 3.
141 2542 290 2584 Ejusdem
305 2545 430 2586 AEgidii
443 2545 654 2579 Theoremata
669 2549 708 2579 de
723 2550 832 2580 eodem
847 2561 938 2593 argu-

157 2599 273 2626 mento.
297 2595 412 2634 fol.42.

200 2645 298 2688 Incip.
324 2651 342 2664 “
355 2647 455 2678 Omne
479 2659 546 2679 esse
570 2649 617 2680 vel
643 2654 691 2681 est
717 2663 847 2692 purum;
877 2658 936 2686 etc.

177 2696 331 2728 Volentes
347 2698 386 2728 de
410 2709 477 2729 esse
496 2703 669 2731 tractatum
692 2713 876 2744 componere
898 2716 937 2737 ne

177 2746 353 2779 laboremus
368 2748 399 2778 in
415 2749 594 2790 equivoco.”

199 2799 238 2829 In
254 2800 346 2837 calce,
365 2804 383 2817 “
397 2800 579 2843 Expliciunt
594 2803 792 2836 theoremata
810 2806 848 2837 de
869 2818 936 2839 esse

1123 269 1155 297 et
1168 268 1302 299 essentia
1314 269 1399 301 edita
1411 281 1431 301 a
1446 270 1544 302 fratre
1557 271 1670 313 Egidio
1683 273 1825 305 Romano
1840 275 1901 307 fra—

1122 320 1207 348 trum
1223 319 1446 352 heremitarum
1462 322 1579 353 ordinis
1595 323 1703 355 Sancti
1718 325 1899 367 Augustini,

1122 368 1191 399 Dco
1205 371 1333 410 gratias,
1350 372 1483 404 Amen.”

1037 435 1064 465 4.
1084 434 1233 475 Ejusdem
1254 441 1410 470 tractatus
1431 440 1469 471 dc
1490 441 1676 473 formatione
1692 443 1819 474 humani
1834 455 1899 475 cor—

1098 486 1182 527 poris
1195 487 1226 518 in
1238 492 1337 525 utero,
1348 491 1465 531 praevia
1475 493 1583 524 tabula
1598 494 1804 535 capitulorum
1817 495 1899 526 xxiv.

1098 537 1151 568 fol.
1162 549 1180 578 5
1185 547 1202 579 3
1216 539 1245 570 b.

1142 588 1240 631 Incip.
1258 596 1275 607 ‘⁵
1289 592 1368 622 Post
1382 596 1555 625 tractatum
1571 596 1610 626 dc
1632 597 1899 638 predestinacione

1117 642 1150 669 et
1166 640 1352 680 prescientia
1367 647 1399 673 et
1415 644 1453 673 de
1470 646 1652 686 paradyso.”

1140 690 1179 720 In
1195 691 1287 729 calce,
1301 698 1318 708 “
1330 692 1468 734 Explicit
1484 699 1639 727 tractatus
1655 698 1694 728 de
1710 698 1898 730 sormacione

1117 740 1245 773 humani
1262 745 1400 785 corporis
1415 756 1435 776 a
1450 746 1548 777 fratre
1564 747 1678 789 Egidio
1691 750 1716 785 ξ’
1730 755 1791 781 etc.

1034 808 1063 838 5.
1081 807 1232 849 Ejusdem
1256 810 1295 840 de
1321 810 1464 842 laudibus
1487 813 1599 846 divinae
1622 817 1783 858 sapientiae
1809 819 1894 857 liber,

1097 859 1218 901 praeviis
1234 861 1377 902 capitulis
1393 863 1465 894 xvii.
1488 864 1538 895 fol.
1553 867 1601 896 80.

1137 910 1238 953 Incip.
1256 912 1453 945 “Eructavit
1476 926 1530 946 cor
1556 928 1676 956 mcum;
1701 924 1759 951 etc.
1807 922 1896 953 Inter

1115 962 1230 994 multas
1245 967 1278 995 et
1293 965 1396 996 varias
1411 968 1659 1008 occupationes.''

1137 1013 1175 1044 In
1201 1015 1293 1053 calce,
1312 1016 1480 1058 “Explicit
1503 1023 1660 1052 tractatus
1687 1022 1726 1052 de
1752 1023 1894 1070 laudibus

1114 1064 1216 1096 divine
1232 1066 1384 1108 sapientie
1399 1079 1426 1099 e.
1442 1080 1472 1100 a.
1489 1069 1526 1101 F.
1541 1071 1598 1101 E?

1028 1131 1057 1163 6.
1075 1132 1225 1175 Ejusdem
1240 1139 1398 1168 tractatus
1414 1137 1453 1168 de
1473 1139 1749 1179 praedestinationc
1771 1146 1803 1173 et
1825 1154 1894 1184 pre-

1093 1184 1224 1216 scientia
1243 1190 1276 1217 et
1296 1186 1335 1217 de
1354 1188 1500 1228 paradiso
1516 1194 1547 1220 et
1564 1190 1692 1227 inferno.
1708 1192 1761 1222 ubi
1777 1193 1894 1233 praede-

1092 1235 1202 1267 stinati
1225 1241 1257 1268 et
1283 1239 1420 1279 praesciti
1450 1245 1523 1272 sunt
1549 1241 1684 1273 finaliter
1712 1243 1890 1282 collocandi,

1092 1287 1208 1327 praevia
1231 1289 1362 1330 epistola
1391 1291 1432 1321 ad
1462 1292 1621 1324 dominum
1646 1294 1825 1326 Thavenam
1853 1297 1891 1327 de

1093 1338 1281 1371 Thalomeis.
1305 1342 1357 1373 fol.
1372 1343 1421 1383 87.

1135 1391 1233 1433 Incip.
1250 1394 1337 1434 praef.
1356 1400 1374 1411 ‘⁴
1387 1395 1466 1426 Cum
1486 1395 1517 1425 in
1538 1401 1648 1428 nostro
1670 1398 1773 1430 reditu
1788 1410 1893 1431 versus

1110 1442 1296 1485 Pal-ysiense
1312 1446 1482 1477 studium.”

1134 1495 1233 1537 Incip.
1251 1508 1338 1538 opus,
1356 1502 1374 1515 “
1389 1498 1468 1529 Post
1491 1499 1721 1532 distinctionem
1745 1503 1893 1545 capitulo-

1110 1557 1180 1577 rum
1195 1551 1295 1579 restat
1310 1551 1516 1581 tractatun1.”

1134 1598 1173 1628 In
1188 1599 1280 1637 calce,
1299 1605 1317 1617 ‘⁶
1330 1600 1469 1643 Explicit
1490 1606 1648 1635 tractatus
1670 1605 1709 1636 de
1731 1607 1891 1647 praedesti-

1109 1650 1270 1688 natione,”
1286 1655 1345 1683 etc.
1361 1657 1397 1684 ut
1413 1665 1518 1695 supra.

1024 1708 1053 1740 7.
1070 1707 1221 1749 Ejusdem
1237 1712 1425 1752 quaestiones
1441 1714 1480 1745 de
1496 1716 1671 1757 cognitione
1688 1717 1888 1759 Angelorum.

1086 1760 1137 1792 fol.
1156 1772 1206 1803 99.

1130 1812 1227 1855 Incip.
1246 1817 1265 1831 “
1277 1814 1407 1854 Questio
1429 1821 1478 1848 est
1500 1822 1607 1849 utrum
1629 1820 1757 1862 angelus
1777 1821 1888 1852 intelli-

1107 1864 1193 1905 gat‚”
1209 1869 1245 1896 ut
1260 1865 1292 1896 in
1308 1867 1383 1898 edit.
1400 1878 1492 1910 1503,
1508 1869 1559 1901 fol.
1573 1872 1624 1911 76.

1128 1915 1167 1946 In
1183 1916 1277 1954 calce,
1295 1922 1312 1934 “
1326 1918 1509 1960 Expliciunt
1528 1922 1706 1963 questiones
1729 1923 1888 1965 disputate

1106 1967 1145 1998 de
1168 1969 1345 2010 cognicione
1368 1972 1550 2013 angelorum
1566 1974 1650 2005 edite
1666 1986 1685 2006 a
1700 1975 1798 2006 fratre
1813 1975 1887 2017 Egi-

1107 2019 1158 2050 dio
1173 2020 1211 2051 de
1228 2021 1329 2053 Roma
1339 2022 1369 2058 3³³
1384 2028 1444 2054 etc.

1019 2079 1049 2108 8.
1067 2077 1217 2119 Ejusdem
1247 2081 1433 2121 quaestiones
1459 2083 1498 2114 de
1525 2095 1671 2116 mensura
1694 2086 1884 2127 angelorum.

1083 2130 1134 2162 fol.
1154 2141 1222 2175 135.

1127 2182 1226 2224 Incip.
1239 2188 1256 2200 “
1267 2184 1397 2224 Questio
1410 2190 1459 2218 est
1471 2187 1509 2218 de
1520 2198 1665 2220 mensura
1677 2189 1884 2231 angelorum.”

1102 2237 1139 2264 ut
1155 2233 1228 2265 ibid.
1245 2235 1297 2266 sol.
1311 2246 1351 2277 35
1365 2237 1394 2267 b.

1126 2285 1165 2314 In
1181 2285 1275 2324 calce,
1293 2287 1506 2329 “Expliciunt
1533 2290 1710 2331 questiones
1733 2291 1772 2322 de
1796 2302 1880 2322 men-

1103 2345 1176 2366 sura
1191 2336 1405 2377 angelorum.”

1017 2394 1047 2426 9.
1065 2392 1214 2435 Ejusdem
1231 2397 1418 2437 quaestiones
1441 2402 1560 2439 septem
1583 2399 1622 2429 de
1644 2398 1877 2429 resurrectione.

1080 2445 1131 2476 fol.
1151 2447 1209 2487 169
1222 2447 1252 2478 b.

1122 2494 1219 2537 Incip.
1238 2501 1255 2513 ‘²
1269 2496 1402 2530 Questio
1417 2502 1466 2530 est
1480 2503 1586 2530 utrum
1609 2499 1650 2530 sit
1672 2499 1816 2540 possibile
1831 2511 1876 2530 re-

1100 2547 1251 2578 surrectio
1267 2550 1491 2581 mortuorum?

994 2605 1044 2635 10.
1061 2604 1212 2646 Ejusdem
1246 2607 1424 2647 questiones
1460 2607 1529 2638 duae
1565 2608 1603 2638 de
1639 2607 1772 2639 materia
1800 2608 1876 2640 caeli.

1076 2656 1130 2686 fol.
1152 2658 1208 2697 176
1225 2657 1254 2689 b.

1121 2708 1219 2750 Incip.
1239 2709 1397 2749 “Questio
1412 2713 1461 2740 est
1480 2713 1584 2740 utrum
1607 2710 1638 2740 in
1661 2710 1726 2741 celo
1749 2712 1790 2742 sit
1812 2722 1875 2743 ma-

1098 2759 1179 2789 teria
1194 2759 1241 2790 vel
1258 2760 1299 2791 sit
1315 2760 1413 2791 celum
1429 2761 1568 2801 corpus.”

1118 2810 1268 2851 Sequitur
1284 2811 1392 2842 tabula
1408 2815 1626 2842 contentorum
1642 2812 1765 2844 codicis.

1136 2865 1148 2888 1
1167 2858 1188 2888 2
