2254 3117
348 175 394 209 92
904 166 1202 201 CATALOGUS
1228 166 1460 201 CODICUM
1489 166 1597 199 MSS.

391 272 420 299 ὅ.
439 267 690 303 Vocabularium,
705 266 768 295 sive
791 265 828 295 de
852 265 1043 306 expositione
1064 265 1225 295 verborum

458 319 599 360 eleganti,
611 317 717 347 ordine
732 315 947 356 alpliabetico;
971 315 1086 355 praevia
1098 315 1137 345 ad
1152 315 1226 346 Bar·
1257 318 1258 324 ¹

457 370 654 400 tholomaeum
673 367 886 407 [Senenseml]
905 365 1046 406 epistola.
1069 365 1120 396 fol.
1137 375 1183 396 10.

500 420 596 460 Incip.
614 418 701 459 epist.
720 423 737 432 “
752 417 821 447 Etsi
837 416 929 446 michi
945 416 975 446 id
992 416 1049 446 ocii
1068 416 1150 447 absit
1165 416 1227 447 tuis

478 470 558 511 quod
575 480 645 510 sepe
661 468 796 498 verbis.’'

500 519 596 560 Incip.
614 531 699 560 opus,
719 524 735 534 “
752 518 908 548 Abdicare
923 529 984 548 non
1007 518 1104 548 solum
1120 519 1159 548 de
1175 528 1226 559 pa-

478 571 535 601 tris
551 570 634 600 facto
650 573 753 610 potest
769 569 861 599 dici.'’

395 635 422 664 4.
442 633 533 663 Liber
555 633 811 673 Synonymorum,
832 642 960 662 numero
983 632 1152 674 nonaginta
1174 642 1227 661 no-

457 694 533 713 vem.
556 682 606 713 fol.
626 684 691 712 160.

500 733 600 774 Incip.
619 733 768 774 “Cupido
791 736 822 763 et
845 744 933 763 amor
955 733 1035 764 idem
1057 733 1229 774 significare

478 785 622 814 videntur
637 784 689 814 sed
707 788 754 814 est
770 784 964 814 diversitas.”

395 846 422 874 5.
441 843 487 874 De
498 854 553 873 usu
564 854 689 873 casuum
700 843 873 883 promiscuo
885 843 1082 874 tractatulus.
1096 843 1147 873 fol.
1161 843 1228 882 167.

502 894 599 935 Incip.
619 900 635 909 ‘¹
650 894 857 924 Accusativus
871 894 987 924 numeri
1005 893 1166 934 singularis
1178 904 1229 933 po-

480 945 558 975 situs
587 956 643 986 pro
671 945 807 985 genitivo
835 945 957 986 plurali,
988 944 1059 974 Ter.
1087 945 1117 974 in
1140 943 1228 974 Echi.

481 996 583 1037 Prope
595 996 659 1037 jam
675 1000 829 1026 remotum
844 997 883 1026 ab
900 995 1039 1036 injuria.”

703 1121 884 1156 CCLVII.

356 1185 475 1219 Codex
507 1184 717 1222 chartaceus,
753 1184 787 1216 in
824 1185 884 1216 4to
919 1184 1053 1222 minori,
1089 1183 1121 1216 ff.
1151 1185 1230 1222 183,

381 1254 446 1275 SGC.
465 1253 522 1274 XV.

398 1306 425 1335 l.
444 1304 648 1344 Hermogenis
678 1303 838 1334 Tarsensis
873 1303 1110 1334 Rhetoricorum
1147 1303 1227 1337 libri.

463 1354 586 1390 scilicet,
617 1355 666 1384 De
692 1354 859 1395 partitione
886 1360 1034 1391 statuum,
1066 1355 1104 1385 de
1130 1355 1231 1385 inven-

464 1404 557 1440 tione,
575 1408 606 1434 et
622 1405 659 1434 de
675 1404 780 1433 formis
796 1403 948 1433 oratoriis.
972 1404 1022 1433 fol.
1037 1413 1062 1434 z.

505 1455 566 1485 Tit.
582 1454 776 1493 Ἑρμογένους
791 1454 879 1494 τέχνη
894 1455 1035 1493 ῥητορική.

402 1521 430 1548 2.
448 1517 594 1558 Ejusdem
610 1517 647 1547 dc
663 1517 809 1547 methodo
822 1516 941 1547 dicendi
957 1517 1083 1548 libellus.
1100 1518 1150 1548 fol.
1166 1521 1231 1560 163.

505 1567 569 1598 Tit.
585 1567 779 1606 Ἑρμογένους
795 1569 859 1606 περὶ
873 1570 995 1606 μεθόδου
1011 1569 1180 1606 δεινότητος.

510 1617 547 1647 In
563 1617 654 1653 calce,
670 1616 763 1649 τέλος·

464 1669 595 1707 ῥητορικὴ
611 1667 740 1697 τελέσθω
757 1669 968 1700 πολυδαίδαλος
982 1667 1171 1708 Ἑρμογειέιή

469 1719 599 1757 ἁγρώτην
616 1718 765 1757 ἐσάγουσα
779 1719 835 1748 ἀπὸ
850 1719 956 1758 χθονὸς
973 1720 1001 1751 ἐς
1017 1721 1086 1750 νόον
1101 1721 1219 1751 ἐσθλόν.

508 1768 655 1809 Sequitur
667 1769 806 1810 synopsis
818 1770 1018 1806 schematum,
1033 1782 1162 1811 quorum
1174 1783 1234 1803 me-

487 1819 577 1849 minit
593 1819 806 1860 Hermogenes
822 1820 852 1850 in
868 1821 953 1851 libris
968 1822 1006 1852 de
1018 1822 1192 1853 inventione
1204 1828 1235 1854 et

488 1871 526 1901 de
542 1871 656 1906 formis,
674 1872 730 1901 sub
748 1872 848 1909 titulo,
864 1874 928 1911 περὶ
945 1874 1101 1913 σχημάτων
1116 1876 1156 1905 ὧν
1170 1874 1236 1914 Ἑρ-

488 1921 611 1960 μογένης
634 1923 848 1961 ἐμνημόνευσεν
871 1925 902 1953 ἐν
925 1928 984 1956 τοῖς
1006 1926 1070 1963 περὶ
1093 1925 1236 1964 εὑρέσεων

489 1974 535 2003 καὶ
550 1975 614 2012 περὶ
631 1973 714 2003 ἰδέων
729 1975 849 2011 βίβλοις
865 1976 1000 2014 σύνοψις.

511 2023 718 2055 Praemittitur
734 2025 829 2055 codici
846 2025 1058 2064 hexastichon,
1074 2027 1165 2068 incip.

469 2075 520 2112 τὴν
536 2075 668 2114 κεφαλὴν
680 2075 801 2113 βάπτεις
813 2076 844 2106 τὸ
858 2078 887 2106 δὲ
900 2079 988 2116 γῆρας
1003 2079 1106 2108 οὔποτε
1117 2079 1240 2117 βάπτεις

510 2127 574 2156 οὐδὲ
591 2126 719 2164 παριάων
734 2128 848 2165 ῥυτίδας
864 2128 1039 2160 ἐκτανύσεις.

706 2251 903 2285 CCLVIII.

366 2312 663 2351 Membranaceus,
694 2313 728 2345 in
760 2306 837 2352 4to,
861 2313 893 2346 ff.
919 2316 998 2353 249,
1029 2326 1117 2348 auno
1146 2317 1239 2353 1298

391 2382 493 2403 manu
513 2369 681 2403 Demetrii
699 2370 849 2404 Triclinii
873 2373 1002 2416 optime
1026 2377 1187 2406 exaratus
1204 2377 1240 2406 et

390 2431 553 2460 servatus.

410 2493 436 2520 1.
455 2491 625 2531 Aphthonii
643 2492 922 2533 progymnasmata
936 2492 1112 2523 Rhetorica.
1136 2493 1186 2523 fol.
1203 2503 1226 2523 1.

515 2541 575 2571 Tit.
593 2542 752 2581 Ἀφθονίου
768 2547 912 2583 σοφιστοῦ
928 2544 1185 2583 προγυμνάσματα.

411 2605 439 2633 93,
458 2604 661 2643 Hermogenis
674 2605 834 2636 Tarsensis
847 2607 1083 2638 Rhetoricorum
1096 2607 1164 2637 libri
1180 2617 1242 2636 om-

474 2664 537 2690 nes,
562 2655 611 2694 qui
639 2655 668 2685 in
692 2656 795 2687 codice
818 2658 997 2698 supradicto
1020 2663 1241 2689 memorantur.

473 2703 524 2734 fol.
544 2714 591 2742 27.

516 2754 577 2784 Tit.
593 2754 786 2795 Ἑρμογένους
801 2758 889 2797 τεχνῆ
904 2758 1045 2797 ῥητορική.

1427 264 1612 294 Praecedunt
1629 262 1764 303 capitula
1779 262 1926 292 librorum
1943 262 1981 292 de
1997 262 2138 293 statibus.

1427 315 1466 344 In
1482 314 1574 349 calce,
1590 312 1675 344 τέλος
1691 315 1741 342 τοῦ
1755 313 1820 351 περὶ
1834 314 1956 350 μεθόδου
1972 313 2140 351 δεινότητος.

1427 364 1574 405 Sequitur
1595 363 1716 400 notitia,
1741 364 1895 401 ἐτελειώθη
1914 364 1930 401 ἡ
1952 366 2086 402 παροῦσα
2107 365 2152 401 βί-

1406 420 1480 454 βλος
1492 417 1538 445 διὰ
1550 415 1646 454 χειρὸς
1659 415 1821 453 Δημητρίου
1834 417 1884 444 τοῦ
1892 415 2031 453 Τρικλίνη
2044 415 2076 444 ἓν
2087 416 2154 452 μηνὶ

1407 468 1564 507 Αὐγούστῳ
1581 467 1753 497 ἰνδικτιῶνος
1768 464 1792 499 ς’
1807 467 1865 495 τοδ
1882 478 1933 507 Ιςω
1950 464 1975 499 ς’
1993 465 2083 497 ἔτους.

1633 572 1796 606 CCLIX.

1281 631 1400 664 Codex
1431 630 1640 669 chartaceus,
1672 631 1706 663 in
1738 631 1807 669 4to,
1838 629 1871 663 ff.
1892 632 1972 669 254«,
2001 642 2066 664 sec.
2088 643 2155 671 xv.,

1304 688 1395 721 haud
1411 699 1478 721 una
1492 699 1596 720 manu
1609 699 1672 721 nee
1687 688 1808 721 eodem
1824 692 1980 733 tempore
1998 689 2154 734 scriptus.

1324 755 1473 787 Aristidis
1500 755 1667 786 Orationes
1696 756 1849 792 undecim,
1880 756 2000 797 praeviis
2030 758 2154 798 Sopatri

1344 806 1576 848 prolegomenis,
1594 807 1647 837 sed
1663 807 1797 842 mutilis,
1823 807 1948 844 scilicet,

1324 859 1353 889 1.
1371 858 1481 889 Oratio
1498 858 1738 888 Panathenaica.
1763 857 1814 888 sol.
1829 858 1857 888 8.

1410 908 1472 939 Tit.
1487 907 1668 947 Ἀριστείδου
1685 908 1904 946 Παναθηναικὰ.

1324 966 1352 995 2.
1370 965 1421 995 Ad
1439 964 1601 995 Platonem
1616 976 1672 1006 pro
1688 970 1821 1006 quatuor
1837 965 1918 995 viris.
1945 965 1994 996 fol.
2011 976 2059 1008 75.

1409 1016 1470 1047 Tit.
1507 1016 1578 1055 πρὸς
1616 1016 1763 1047 Πλάτωνα
1799 1017 1869 1054 ὑπὲρ
1906 1020 1964 1048 τῶν
1997 1018 2156 1057 τεσσάρων,

1388 1069 1540 1106 Περικλῆς.

1325 1128 1354 1157 3.
1372 1127 1489 1157 Cimon.
1513 1127 1562 1157 fol.
1576 1136 1615 1166 92
1631 1126 1659 1157 b.

1411 1178 1472 1208 Tit.
1488 1177 1666 1216 Ἀριστείδου
1683 1179 1791 1215 Κίμων.

1327 1239 1355 1268 4.
1375 1237 1543 1271 Miltiades,
1561 1248 1629 1267 cum
1645 1241 1839 1278 argumenta
1863 1237 1914 1268 fol.
1928 1247 1977 1278 97.

1411 1287 1472 1318 Tit.
1488 1287 1667 1327 Ἀριστείδου
1684 1288 1854 1326 Μιλτιαδής.

1326 1345 1355 1374 5.
1373 1343 1604 1374 Themistocles.
1629 1344 1679 1375 fol.
1696 1353 1752 1384 105
1769 1344 1798 1375 b.

1411 1394 1473 1425 Tit.
1490 1397 1700 1433 Θεμιστοκλῆς.

1327 1449 1355 1480 6.
1373 1449 1550 1480 Communis
1565 1449 1715 1490 apologia.
1739 1449 1791 1479 fol.
1810 1459 1865 1489 129
1879 1450 1907 1480 b.

1412 1499 1473 1530 Tit.
1490 1500 1570 1537 κοινὴ
1586 1500 1742 1538 ἀπολογία·
1767 1501 1857 1539 λόγος
1873 1501 1962 1532 ἕκτος.

1328 1555 1357 1586 7.
1375 1554 1436 1584 Pro
1452 1553 1621 1584 Rhetorica
1637 1554 1707 1590 duo,
1725 1565 1793 1584 cum
1809 1554 1968 1595 prooemio.
1993 1555 2045 1585 fol.
2062 1558 2128 1596 176.

1369 1605 1373 1608 ”
1413 1605 1475 1636 Tit.
1511 1605 1580 1644 πρὸς
1616 1605 1764 1636 Πλάτωνα
1793 1607 1865 1645 ὑπὲρ
1895 1607 2042 1645 ῥητορικῆς
2075 1608 2162 1647 λόγος

1391 1659 1508 1694 πρῶτος.

1328 1712 1357 1742 8.
1374 1711 1424 1741 De
1440 1711 1572 1752 Smyrna
1587 1711 1743 1741 monodia.
1769 1711 1820 1741 fol.
1836 1721 1904 1749 244.

1413 1762 1476 1793 Tit.
1493 1762 1540 1792 ἐπὶ
1555 1763 1669 1801 Σμύρνῃ
1684 1762 1815 1800 μονοδία.

1328 1819 1358 1851 9.
1374 1817 1517 1859 Epistola
1532 1818 1570 1848 dc
1587 1817 1719 1858 Smyrna
1734 1818 1775 1848 ad
1793 1818 2011 1858 Imperatores.
2028 1819 2078 1850 fol.
2093 1821 2162 1858 246.

1414 1868 1475 1899 Tit.
1492 1868 1672 1908 Ἀριστείδου
1695 1869 1836 1906 ἐπιστολὴ
1858 1870 1923 1908 περὶ
1943 1871 2073 1909 Σμύρνης
2095 1870 2163 1910 πρὸς

1394 1920 1459 1951 τοὺς
1473 1923 1610 1958 βασιλεῖς
1624 1923 1681 1950 τῶν
1695 1919 1853 1958 Ῥωμαίων.

1312 1975 1360 2005 10.
1378 1974 1541 2005 Palinodia
1557 1975 1594 2005 de
1613 1974 1754 2015 Smyrna.
1778 1974 1828 2005 fol.
1844 1984 1902 2015 249
1916 1974 1948 2005 b.

1416 2027 1478 2057 Tit.
1495 2028 1665 2057 Παλινωδία
1681 2027 1728 2057 ἐπὶ
1744 2027 1868 2067 Σμύρνῃ.

1416 2077 1455 2107 In
1468 2076 1558 2113 calce,
1573 2076 1729 2109 Ἀντώνιος
1742 2079 1876 2115 Δαμιλὰς
1888 2077 2028 2108 καὶτοῦτο
2041 2078 2164 2117 ἀνεπλή-

1394 2141 1470 2167 ρωσε
1486 2128 1518 2158 τὸ
1533 2129 1667 2166 βιβλίον.

1658 2220 1800 2255 CCLX.

1267 2281 1511 2323 'Chartaceua
1542 2283 1576 2316 in
1607 2285 1678 2322 4to,
1705 2282 1738 2316 ff.
1761 2285 1839 2321 195,
1868 2293 1934 2316 sec.
1962 2293 2029 2322 xv„
2058 2284 2166 2317 nitide

1316 2343 1469 2386 scriptus.

1335 2405 1491 2436 Manuelis
1529 2405 1735 2446 Moschopuli,
1767 2405 1870 2446 potius
1902 2405 1948 2435 M.
1972 2404 2165 2446 Moschopuli

1356 2457 1470 2497 partim
1493 2460 1525 2487 et
1547 2456 1662 2497 partim
1685 2456 1811 2486 Thomae
1837 2455 1996 2496 Magistri,
2022 2456 2167 2487 Collectio

1356 2518 1464 2537 vocum
1481 2507 1679 2543 Atticarum3
1702 2506 1809 2537 ordine
1822 2506 2025 2547 alphabetico.

1399 2558 1463 2588 Tit.
1485 2558 1635 2596 ὀνομάτων
1649 2557 1786 2588 Ἀττικῶν
1810 2558 1916 2597 ἐκλογὴ
1934 2559 2089 2597 ἐκλεγεῖσα
2111 2558 2167 2588 ἀπὸ

1378 2610 1426 2645 τῆς
1451 2609 1643 2648 τεχνολογίας
1667 2611 1723 2638 τῶν
1746 2609 1864 2638 εἰκόνων
1886 2609 1936 2637 τοῦ
1957 2608 2166 2646 Φιλοστράτου,

1378 2657 1414 2695 ἣν
1444 2657 1597 2696 ἐξελέξατο
1627 2659 1642 2688 ὁ
1672 2659 1841 2697 σοφώτατος
1872 2658 1953 2696 κυρὸς
1982 2659 2123 2695 Μανουὴλ
2153 2659 2167 2687 ὁ

1381 2710 1600 2748 Μοσχόπουλος
1615 2710 1661 2739 καὶ
1676 2709 1732 2739 ἀπὸ
1749 2711 1805 2738 τῶν
1819 2709 1949 2746 βιβλίων
1964 2711 2020 2739 τῶν
2035 2711 2166 2745 ποιητῶν·

1380 2760 1519 2797 συνετέθη
1535 2761 1565 2789 δὲ
1582 2760 1704 2789 ἐνταῦθα
1721 2761 1791 2789 κατὰ
1807 2761 1963 2798 στοιχεῖον.
