2254 3117
273 149 317 179 42
834 135 1138 175 CATALOGUS
1164 133 1398 172 CODICUM
1426 132 1535 167 MSS.

405 248 472 276 tate
495 243 600 275 mundi
624 242 725 273 editus
745 252 764 271 a
779 240 876 271 fratre
898 239 1031 280 Symone
1047 238 1084 268 de
1100 237 1158 267 Bo»
1187 238 1191 289 l
1235 242 1313 275 tus;
1343 247 1387 268 ex
1412 235 1502 267 dono
1530 235 1684 279 magistri
1704 234 1849 267 Roberti
1878 233 2092 279 Flemmyng,

407 300 524 330 raston,
539 292 655 324 ordinis
671 292 802 322 fratrum
822 289 1057 320 Predicatorum
1078 297 1160 317 anno
1189 293 1192 324 ξ

410 345 533 376 Domini
550 342 790 382 n1.ccc.xxxvij.”

305 401 334 431 6.
352 399 566 431 Auctoritatcs
588 402 620 428 et
636 397 772 427 rationes
788 400 918 436 sumptae
932 395 970 425 de
986 404 1074 424 sacra
1089 392 1162 423 scri-

368 456 472 492 ptura,
494 461 562 490 quae
582 449 726 479 videntur
749 446 930 488 impugnare
951 449 1163 485 contemptum

368 501 594 543 temporalium,
609 504 641 530 et
662 503 771 529 contra
794 497 962 528 solutiones
984 495 1161 526 earundem.

371 553 422 584 fol.
437 562 475 593 29
492 553 521 582 b.

412 603 508 643 Incip.
526 606 544 619 “
556 602 675 632 Contra
691 604 903 641 contemptum
920 596 1164 638 teniporalium.”
1194 608 1195 636 1

308 661 334 690 7.
353 657 579 689 Determinatio
595 656 701 687 fratris
718 656 844 686 Thomoe
860 655 897 685 de
919 654 1034 684 Sutton
1056 656 1166 682 contra
1195 679 1196 684 ,

369 708 495 740 aemulos
510 713 542 739 et
557 708 751 739 detractores
762 707 893 737 fratrum
911 704 1164 735 Praedicatorum.

370 760 421 792 fol.
437 770 487 801 32.

413 811 509 852 Incip.
529 816 548 829 ‘⁶
563 811 642 850 Quia
658 810 782 851 quidem
798 809 920 839 emuli.'’

308 870 335 897 8.
360 867 528 897 Tractatus
557 866 609 907 qui
640 865 754 896 dicitur
793 864 911 905 Regula
943 863 1165 897 Mercatorum,

373 928 464 959 quem
495 917 668 958 composuit
692 921 699 933 ⁴
715 917 813 947 frater
839 914 1001 955 Guydonis
1031 913 1068 943 sle
1100 913 1165 942 ord.

373 968 485 999 Praeds
501 968 553 998 fol.
568 978 619 1009 33.

416 1020 478 1049 Inc.
497 1023 514 1036 “
526 1018 687 1049 Universis
703 1016 927 1048 mercatoribus
943 1014 1154 1045 Tllolosanis.''

309 1074 337 1104 9.
355 1070 506 1101 Johannis
528 1070 696 1105 Peckham,
719 1068 854 1109 archiep.
872 1068 1029 1101 Oantuar..
1053 1070 1169 1096 tracta-

372 1127 423 1153 tus
439 1122 476 1152 de
492 1121 640 1162 mysterio
661 1130 857 1151 numerorum
874 1119 903 1149 in
921 1118 1016 1148 Sacra
1033 1117 1168 1157 Scriptu-

372 1184 415 1204 ra.
440 1173 490 1203 fol.
503 1183 554 1212 40.

417 1224 514 1265 Incip.
532 1228 552 1241 “
570 1223 682 1254 Omnia
699 1222 831 1252 Domine
848 1221 945 1251 Jhesu
963 1219 1117 1251 Christe.”

292 1281 338 1310 10.
357 1280 387 1309 S.
401 1278 570 1320 Augustini
586 1278 626 1308 ad
644 1276 791 1318 Cyrillum
812 1275 943 1317 epistola
963 1275 994 1305 in
1016 1274 1045 1305 S.
1061 1274 1170 1305 Hiero-

373 1330 456 1371 nymi
472 1329 606 1360 laudem.
632 1328 683 1359 fol.
696 1329 746 1366 48.

417 1380 455 1410 In
471 1380 545 1411 edit.
558 1379 693 1416 Vallars,
710 1383 786 1409 tom.
799 1378 838 1408 xi.
855 1377 911 1407 col.
927 1386 1000 1418 325.

294 1443 340 1473 11.
358 1442 390 1472 S.
405 1441 510 1482 Cyrilli
525 1441 565 1471 ad
582 1440 613 1471 S.
626 1439 837 1481 Augustinum
853 1437 983 1479 epistola
998 1437 1036 1467 de
1052 1437 1166 1467 eodem.

375 1493 426 1524 fol.
443 1502 493 1533 50.

418 1543 499 1573 Ibid.
516 1546 590 1573 tom.
608 1542 649 1572 xi.
665 1541 722 1572 col.
739 1551 811 1583 332.

293 1600 342 1629 12.
359 1599 389 1629 S.
407 1598 534 1629 Thomae
548 1597 717 1640 Aquinatis
733 1597 771 1627 de
787 1597 893 1627 decem
908 1596 1071 1637 praeceptis
1087 1595 1171 1625 liber.

377 1649 429 1679 fol.
446 1659 497 1690 57.

421 1701 509 1732 Inter
525 1701 671 1740 opuscula
687 1699 762 1731 edit.
775 1700 891 1730 Venet.
908 1710 937 1740 p.
955 1708 1004 1739 95.

295 1759 343 1788 155.
368 1757 516 1798 Ejusdem
532 1756 659 1786 Thomae
681 1756 832 1797 expositio
848 1755 878 1785 in
895 1754 1075 1795 Symbolum
1088 1755 1173 1795 Apo-

379 1808 537 1839 stolorum.
562 1807 612 1837 fol.
629 1809 678 1847 65.

421 1865 501 1895 Ibid.
518 1876 547 1905 p.
567 1874 575 1893 Ι
590 1874 632 1902 14.

298 1919 346 1948 14.
364 1917 513 1958 Ejusdem
529 1916 682 1958 expositio
698 1917 847 1947 orationis
864 1916 1046 1948 Dominicae.
1063 1917 1113 1947 fol.
1126 1926 1174 1957 73.

424 1968 502 1998 Ibid.
519 1979 549 2008 p.
569 1976 635 2007 127.

298 2025 344 2054 15.
363 2023 524 2064 Expositio
540 2023 743 2053 Salutationis
760 2023 794 2053 B.
814 2023 859 2053 M.
871 2023 1018 2065 Virginis.
1042 2024 1092 2054 fol.
1111 2024 1160 2063 78.
1205 2043 1207 2071 '1

424 2075 502 2105 Ibid.
544 2099 548 2104 .
566 2085 587 2104 1¹
627 2099 632 2104 .

300 2125 348 2156 16.
366 2126 490 2157 Ricardi
508 2085 715 2167 AEunggrvillae
738 2126 776 2156 de
800 2126 892 2167 Bury,
910 2126 1043 2167 episcopi
1060 2126 1176 2157 Dunel-

384 2177 506 2214 mensis,
523 2177 728 2207 Philobiblon.
752 2177 801 2208 fol.
820 2186 868 2218 79.

428 2228 542 2259 Exstat
558 2228 695 2269 iuipress.
712 2228 742 2258 in
759 2229 825 2259 8v0.

304 2293 350 2323 17.
369 2291 486 2322 Valerii
503 2291 632 2332 epistola
648 2293 688 2322 ad
704 2292 862 2322 Rufinium
879 2293 917 2323 de
933 2303 1028 2323 uxore
1044 2304 1104 2323 non
1123 2293 1177 2323 du—

386 2343 493 2379 cenda,
508 2354 576 2373 cum
593 2348 757 2374 comment.
774 2343 893 2374 Nicolai
910 2343 1026 2374 Trivet.
1051 2344 1101 2374 fol.
1113 2354 1162 2386 93.

428 2393 543 2424 Exstat
569 2393 706 2434 impress.
730 2394 819 2435 epist.
843 2394 924 2424 inter
948 2393 978 2423 S.
995 2393 1178 2435 Hieronymi

407 2444 565 2485 epistolas.
600 2444 696 2486 Incip.
713 2449 876 2476 comment.
889 2450 906 2461 “
920 2445 1083 2476 Sciendum
1096 2445 1178 2486 quod

408 2498 472 2525 tres
486 2495 610 2526 fuerunt
626 2495 775 2526 Valerii.”

648 2626 845 2660 LXXXII.

307 2694 425 2728 Codex
444 2696 735 2736 membranaceus,
760 2697 793 2729 in
818 2699 879 2730 4to
897 2697 1030 2735 minori,
1054 2697 1087 2730 ff.
1101 2696 1180 2737 206,

331 2763 395 2786 sec.
415 2753 525 2786 forsan
545 2754 614 2793 xii„
632 2753 720 2788 binis
747 2754 915 2788 columnis
939 2755 1048 2788 nitide
1065 2766 1183 2789 exara-

1237 295 1357 328 decani
1378 292 1636 326 Lincolniensis.

1256 356 1284 384 l.
1301 354 1401 384 Actus
1417 352 1473 383 SS.
1488 351 1721 393 Apostolorum,
1738 362 1807 382 cum
1822 355 2015 393 argumento.
2031 352 2051 382 f.
2067 362 2094 382 2.

1363 404 1425 434 Tit.
1442 406 1539 434 Λουκᾶ
1556 403 1766 442 εὐαγγελιστοῦ
1791 402 1907 442 πράξεις
1930 405 1987 432 τῶν
2007 404 2097 441 ἁγίων

1340 456 1523 485 ἀποστόλων.

1363 507 1540 537 Succedunt
1555 510 1739 547 argumento
1755 506 1880 536 nomina
1897 505 1951 536 SS.
1964 506 2097 546 Aposto—

1343 559 1451 589 lorum.

1364 610 1461 650 Incip.
1474 619 1593 649 argum.
1606 608 1722 646 πράξεις
1736 609 1910 638 ἀποστόλων
1925 608 1957 638 τὸ
1974 609 2097 646 βιβλίον

1344 664 1483 695 καλεῖται,
1501 664 1535 690 ut
1551 660 1580 689 in
1598 659 1672 689 edit.
1690 659 1788 689 Paris.
1806 668 1893 700 1550.

1365 711 1403 742 In
1421 711 1512 745 calce,
1530 710 1614 742 τέλος
1629 713 1686 740 τῶν
1702 710 1834 749 πράξεων
1853 713 1908 740 τῶν
1924 711 2014 749 ἁγίων
2031 711 2099 740 ὰπο>

1346 763 1462 792 στόλων
1478 763 1595 802 στίχους
1611 765 1632 799 β
1643 766 1666 800 φ
1677 775 1691 791 κ
1702 764 1726 791 δ.

1261 818 1288 848 2.
1310 817 1455 858 Epistola¹
1473 816 1632 847 catholicae
1652 821 1791 858 septem;
1817 827 1884 847 cum
1901 816 2100 857 argumentis.

1323 868 1374 898 fol.
1391 877 1432 908 50
1450 868 1478 898 b.

1368 919 1466 960 Incip.
1489 930 1553 959 arg.
1571 918 1590 948 i.
1615 919 1713 956 ἐπειδὴ
1739 919 1824 951 αὐτὸς
1846 918 1995 957 Ἰάκωβος,
2013 923 2048 949 ut
2074 919 2103 948 in

1346 970 1418 1000 edit.
1437 970 1487 1000 cit.

1262 1023 1291 1051 53.
1310 1020 1460 1061 Epistola}
1495 1019 1635 1051 Paulinae
1663 1021 1897 1062 quatuordecim
1928 1031 1997 1051 cum
2031 1020 2105 1060 [Eu-

1329 1072 1430 1113 thalii]
1446 1072 1645 1113 argumentis.
1670 1072 1721 1102 fol.
1740 1080 1777 1113 73
1795 1072 1824 1102 b.

1372 1123 1469 1163 Incip.
1487 1134 1551 1163 arg.
1570 1123 1588 1153 i.
1611 1124 1716 1161 ταύτην
1738 1122 1917 1159 ἐπιστέλλει,
1933 1127 1968 1154 ut
1989 1123 2020 1153 in
2045 1123 2103 1153 Za-

1349 1172 1449 1213 cagnii
1467 1171 1592 1202 Collect.
1609 1172 1750 1202 Monum.
1763 1171 1850 1202 Vctt.

1371 1223 1409 1253 In
1425 1223 1518 1260 calce,
1535 1226 1585 1253 τοῦ
1607 1224 1690 1262 ἁγίου
1716 1224 1835 1253 Παύλου
1857 1224 2025 1254 ἀποστόλου
2048 1225 2106 1254 ε’πι-

1351 1274 1442 1312 στολὴ
1458 1275 1529 1313 πρὸς
1544 1274 1702 1313 Ἐβραίους
1719 1274 1831 1314 ἐγράφη
1848 1274 1904 1304 ἀπὸ
1919 1273 2046 1306 Ἰταλίας
2061 1277 2107 1305 διὸ,

1349 1325 1493 1363 Τιμοθέου
1510 1326 1628 1365 στίχους
1640 1324 1708 1365 κμγ’.
1727 1326 1849 1356 Παύλου
1865 1326 2031 1356 ἀποστόλου
2048 1327 2106 1356 ἐπι-

1351 1377 1457 1406 στολαὶ
1474 1376 1522 1406 ιδ’.

1373 1428 1562 1469 Sequuntur,
1587 1429 1732 1466 ἀποδημία
1755 1430 1805 1458 τοῦ
1830 1429 1913 1468 ἁγίου
1940 1429 2107 1459 ἀποστόλου

1353 1480 1483 1509 Παύλου·
1529 1478 1620 1519 incip.
1661 1479 1717 1509 ἀπὸ
1748 1481 1897 1517 ὃαμασκοῦ
1927 1479 2031 1518 ἤρξατο
2062 1481 2107 1510 καὶ

1353 1531 1480 1568 ἀνῆλθεν
1497 1532 1537 1562 εἷς
1553 1529 1740 1568 Ἱρουσαλήμ.

1370 1580 1412 1610 -In
1428 1580 1522 1616 calce,
1539 1581 1647 1619 Χριστὲ
1669 1580 1823 1620 παράσχου
1841 1582 1900 1612 τοῖς
1916 1581 1994 1618 ἐμοῖς
2009 1581 2107 1612 πόνοις

1352 1632 1447 1672 χάριν.

1269 1685 1297 1713 4.
1316 1682 1532 1724 Synaxarium‚
1550 1683 1612 1713 sive
1628 1683 1704 1713 ordo
1720 1682 1839 1723 legendi
1864 1683 2010 1724 epistolas
2027 1683 2107 1714 Pau—

1331 1734 1417 1770 linas,
1435 1734 1557 1775 aliaque
1574 1733 1683 1764 officia.
1708 1734 1758 1764 fol.
1778 1734 1836 1764 186
1853 1734 1882 1764 b.

1374 1785 1436 1816 Tit.
1454 1784 1614 1824 συυαξάριν
1630 1786 1684 1816 σὺν
1702 1787 1768 1827 Θεῷ
1784 1788 1834 1815 τοῦ
1851 1786 2025 1817 ἀποστόλου.

1268 1839 1297 1867 5.
1316 1836 1527 1878 Menologium
1543 1836 1606 1866 sive
1622 1837 1697 1867 ordo
1714 1836 1883 1866 officiorum
1904 1847 1960 1878 pro
1985 1837 2108 1868 Sanctis

1332 1899 1387 1928 per
1402 1898 1527 1918 annum.
1551 1887 1601 1917 fol.
1620 1897 1675 1928 195
1693 1887 1721 1917 b.

1375 1938 1523 1979 Sequitur
1549 1938 1681 1969 officium
1711 1938 1933 1973 encaeniorum;
1966 1939 1996 1969 in
2027 1939 2109 1970 calce

1354 1990 1451 2021 mutil.

1561 2058 1780 2092 LXXXIII.

1228 2121 1347 2155 Codex
1378 2120 1671 2160 membranaceus,
1696 2121 1731 2153 in
1759 2119 1853 2159 folio,
1884 2119 1918 2152 ff.
1939 2123 2021 2160 257,
2043 2132 2107 2154 sec.

1252 2179 1323 2212 xiii.
1342 2179 1501 2217 ineuntis
1529 2179 1618 2212 binis
1646 2178 1815 2212 columnis
1847 2184 2029 2219 exaratus3
2064 2190 2108 2212 ex

1253 2238 1342 2270 dono
1385 2236 1437 2270 M.
1473 2236 1614 2269 Thomae
1654 2236 1815 2270 Goodard
1835 2236 1889 2279 (ἲ),
1935 2237 2107 2281 quondam

1253 2295 1348 2329 socii.

1272 2342 1527 2386 Petri⁴Canonici
1554 2354 1777 2385 Londoniensis
1804 2354 2011 2397 Pantheologi
2037 2366 2110 2396 pars

1292 2410 1413 2447 quarta,
1430 2406 1461 2436 in
1476 2406 1528 2436 xii.
1546 2406 1640 2436 libros
1664 2406 1824 2443 distincta,
1841 2417 1910 2436 cum
1930 2406 2109 2447 praefatione

1292 2456 1332 2486 ad
1353 2456 1557 2487 Godefridum
1582 2456 1621 2486 de
1643 2455 1727 2493 Luci,
1755 2467 1803 2497 ep.
1817 2455 1958 2487 &Vinton
1976 2460 2008 2487 et
2029 2457 2108 2498 capi-

1294 2506 1429 2537 tulorum
1445 2506 1561 2537 tabula.

1338 2557 1433 2599 Incip.
1445 2558 1521 2598 prol.
1536 2561 1554 2574 “
1565 2557 1623 2597 Qui
1636 2557 1746 2588 tribuit
1755 2556 1921 2588 artificiose
1933 2558 2022 2599 petit,
2033 2569 2110 2599 opus

1315 2609 1396 2640 enim
1412 2609 1579 2640 tribuentis
1594 2609 1767 2640 misterium
1783 2610 1956 2649 operatur.”

1339 2660 1434 2702 Incip.
1452 2661 1503 2691 iib.
1520 2661 1539 2691 i.
1555 2665 1573 2677 “
1590 2660 1676 2691 Deus
1692 2660 1903 2702 multiplieiter
1918 2661 2059 2692 dicitur?³

1338 2710 1446 2741 Desin.
1463 2711 1515 2742 lib.
1532 2711 1588 2742 ult.
1606 2716 1623 2728 ‘⁴
1639 2711 1704 2742 lata
1719 2712 1768 2743 via
1784 2722 1842 2752 que
1862 2711 1948 2742 ducit
1971 2712 2011 2743 ad
2031 2723 2109 2742 mor-

1317 2762 1409 2793 t-em.''
