2254 3117
785 150 1021 186 COLLEGII
1050 151 1188 186 Now.
1835 160 1878 192 73

191 249 227 279 In
252 249 343 285 calce,
365 249 416 280 lib.
434 249 453 280 i.
479 260 566 279 mann
590 250 774 291 aliquantum
799 249 959 284 recentiori,

171 306 189 315 “
208 300 270 330 Hic
306 300 417 331 finiunt
454 301 651 331 distinciones
687 301 801 331 domini
832 301 960 331 Heni-ici

170 351 266 381 Bohie
296 363 387 392 super
412 352 510 393 primo
537 352 615 382 libro
642 351 862 382 Decretalium.
918 351 959 382 H.

171 402 309 432 Bolaixf

193 453 226 482 ln
243 452 336 489 calce,
352 453 403 483 lib.
422 453 452 483 ii.
474 460 491 469 '¹
503 453 566 484 Hic
582 453 650 484 finit
665 453 816 484 secundus
831 453 908 483 libor
923 454 961 483 dc

164 503 315 543 judiciis.”

189 553 225 583 In
249 554 309 584 fine
332 554 456 589 tabulae,
481 565 549 594 quae
572 553 729 595 praecedit,
755 554 877 583 “Anno
897 553 959 583 Do-

168 604 241 634 mini
277 605 436 635 millesimo
474 605 690 635 trecentesimo
727 605 960 645 quadragesimo

169 657 307 689 octavos*
323 660 357 686 ut
373 663 466 686 antea
488 655 704 696 exscripsimus
723 655 753 685 in
771 655 883 686 codicis
903 657 958 696 185

169 705 383 746 descriptione.

87 832 203 866 Codex
222 832 512 871 membranaceus,
531 832 565 864 in
584 831 666 865 folio
683 833 812 876 majori,
832 833 864 866 ff.
881 837 961 873 329,

110 887 174 923 sec.
206 901 272 928 xv„
308 890 396 923 binis
429 889 597 923 columnis
631 890 740 923 nitide
775 897 959 931 exaratus3

110 949 220 992 quoad
253 948 367 981 literas
402 947 548 981 initiales
583 947 749 987 mutilus;
792 960 835 982 ex
871 949 960 982 dono

110 1006 249 1039 Thomae
271 1006 314 1039 de
333 1005 548 1050 Bekyntone,
568 1017 620 1050 ep.
640 1005 787 1039 Bathon.
807 1013 842 1040 et
862 1007 960 1040 Wei-

110 1063 222 1097 lensis.

128 1125 254 1155 Heni-ici
278 1125 316 1156 de
339 1125 435 1156 Bohic
458 1125 760 1157 Commentariorum
784 1139 876 1169 super
899 1129 959 1159 De-

148 1176 277 1207 cretales
293 1180 396 1207 tomus
408 1177 497 1212 alter,
512 1177 725 1209 distinctiones
742 1179 772 1208 in
788 1179 881 1209 libros
897 1184 960 1210 tres

146 1227 333 1270 posteriores
348 1228 619 1269 comprehendens.

192 1279 230 1308 In
246 1278 336 1315 calce,
355 1285 373 1294 “
388 1279 524 1320 Explicit
542 1280 667 1320 quintus
687 1280 764 1311 liber
786 1281 960 1312 distinccio-
990 1314 991 1320 ἵ

169 1341 242 1361 1111111
259 1331 303 1360 Μ.
323 1332 362 1361 Α.
380 1330 435 1361 Β.”

460 1422 587 1456 CXCI.

89 1480 383 1517 Membranaceus,
412 1482 446 1514 in
479 1484 539 1515 4to
567 1483 699 1521 minori,
731 1483 763 1516 ff.
785 1486 865 1524 170,
894 1496 959 1518 sec.

110 1539 176 1571 xiv.
196 1539 356 1577 ineuntis,
375 1539 463 1572 binis
484 1539 652 1574 columnis
670 1546 851 1579 exaratus:
878 1542 959 1575 olim

112 1596 280 1630 willelmi
302 1597 429 1630 North.

130 1665 157 1695 l.
176 1665 332 1705 Anonymi
355 1665 515 1705 cujusdam
538 1665 568 1695 in
591 1666 711 1697 fabulas
733 1667 833 1698 Ovidii
858 1668 959 1699 Meta-

190 1715 395 1755 morphoseon
421 1717 573 1757 expositio
597 1717 760 1758 allegorica
786 1723 817 1749 et
844 1719 960 1750 theolo-

190 1766 276 1806 gica3
302 1766 420 1808 imperf.
444 1767 495 1798 fol.
511 1778 536 1797 1.

236 1818 331 1858 Incip.
344 1818 362 1848 i.
380 1824 398 1834 “
410 1818 472 1849 Hic
488 1819 575 1860 ponit
589 1820 715 1850 Ovidius
731 1821 829 1861 primo
845 1826 875 1852 et
888 1827 961 1852 ante

214 1868 316 1899 omnia
332 1869 413 1909 quod
429 1874 594 1910 postquam
611 1870 723 1900 diluvio
743 1871 874 1901 mundus
888 1883 958 1902 con-

212 1924 352 1960 sumptus
367 1920 477 1950 esset.”

128 1984 155 2013 ⁶2.
172 1983 326 2013 Joliannis
347 1984 385 2013 de
401 1983 479 2018 Deo,
502 1984 564 2014 sive
587 1985 624 2015 de
646 1985 714 2015 Deo
735 1986 848 2027 gratia,
865 1987 961 2017 Casus

191 2034 252 2064 sive
268 2034 418 2065 notabilia
431 2035 642 2066 Decretalium
655 2036 801 2066 librorum
815 2037 958 2078 quinque,

189 2096 259 2115 cum
276 2085 412 2127 prologo.
436 2085 486 2116 fol.
504 2096 550 2125 17.

234 2136 295 2167 Tit.
321 2142 339 2152 ‘¹
353 2137 449 2168 Casus
471 2141 502 2168 et
528 2138 675 2168 notabilia
699 2149 790 2179 super
811 2138 959 2170 Decreta-

212 2186 322 2216 libus.”

234 2236 330 2278 Incip.
358 2237 442 2278 praef.
475 2244 493 2252 ¹‘
511 2237 596 2268 Sicut
626 2240 760 2269 omnium
790 2239 959 2270 liberalium

211 2287 328 2317 arcium
343 2288 503 2329 disciplina
518 2299 643 2318 suorum
662 2289 881 2320 elementorum
897 2295 959 2321 tra—

213 2338 363 2369 dicionem
379 2339 568 2370 desiderat.''

235 2389 333 2430 Incip.
357 2390 442 2425 liber,
471 2396 488 2405 ‘¹
504 2390 669 2425 Firmiter;
702 2390 874 2422 Decretalis
900 2391 960 2422 ista

213 2439 359 2471 dividitur
375 2441 405 2470 in
420 2444 484 2471 tres
501 2446 614 2482 partes,
632 2441 730 2481 primo
750 2441 862 2472 dicitur
878 2443 959 2482 quod

213 2490 358 2521 debemus
374 2491 498 2521 credere
514 2496 545 2521 et
561 2491 729 2521 confiteris*

235 2541 341 2571 Desin.
360 2542 456 2582 “quis
476 2542 577 2572 facere
600 2541 775 2582 homagium
798 2542 959 2582 compella-

213 2598 266 2621 tur
277 2602 371 2631 supra
382 2593 420 2623 de
433 2592 578 2633 Symonia
591 2603 628 2622 ex
641 2592 777 2633 diligenti
791 2593 841 2633 xij.
854 2604 882 2633 q.
894 2604 920 2623 v.
933 2604 958 2623 c.

213 2641 349 2672 ultima.”

236 2693 274 2722 In
297 2693 389 2730 calce,
413 2693 623 2734 “Expliciunt
646 2704 734 2724 casus
755 2698 785 2723 et
812 2694 960 2725 notabilia

213 2743 453 2774 Decretalium.'’'

1164 250 1196 279 Iu
1214 250 1299 280 initio
1315 251 1438 287 codicis,
1456 257 1473 265 ‘⁴
1490 250 1581 281 Hunc
1597 251 1706 282 librum
1728 252 1800 282 cmit
1816 263 1879 282 ma-

1137 301 1233 341 gister
1258 301 1431 332 lVilleluius
1455 301 1560 332 North
1590 313 1645 343 pro
1671 302 1804 342 quinque
1835 314 1880 332 so-

1138 351 1234 382 li‹lis.”

1374 441 1521 475 CXCII.

1013 501 1131 533 Codex
1156 501 1363 541 chartaceus,
1392 504 1424 536 in
1453 504 1543 543 folio,
1572 504 1603 537 ff.
1623 507 1703 544 ἐρ’,
1731 517 1795 538 sec.
1816 517 1882 541 xv..

1037 557 1124 589 binis
1159 557 1325 591 columnis
1360 566 1539 599 exaratum
1581 561 1659 594 olim
1689 562 1729 595 H.
1756 562 1880 598 llcctc.

1038 614 1127 647 Nov.
1147 615 1223 647 coll.
1243 617 1334 649 socii.

1056 687 1084 717 1.
1101 686 1264 717 Orationes
1285 688 1352 717 ‹lua›
1376 688 1406 717 in
1430 689 1628 721 universitate
1655 692 1799 734 [Oxonst]
1829 694 1881 723 lia-

1118 737 1191 767 bitae
1214 737 1244 767 in
1268 738 1413 768 honorem
1437 742 1636 779 quorundam,
1657 743 1755 783 gradu
1779 744 1882 774 docto-

1119 787 1174 817 rali
1192 787 1461 829 insigniendorum.
1486 791 1535 821 fol.
1552 801 1577 821 2.

1162 842 1256 883 Incip.
1274 843 1294 873 i.
1313 850 1330 858 “
1347 843 1437 874 Hunc
1458 847 1650 887 prerogativa
1672 849 1815 880 condecet
1834 862 1881 879 ve-

1139 894 1250 924 nerari.
1280 894 1362 941 Vitis
1375 906 1465 935 quam
1480 897 1589 927 dextra
1602 898 1750 938 plantavit
1764 900 1883 930 celestis

1139 945 1270 986 agricole
1283 947 1462 977 venerabilis
1479 948 1659 979 universitas
1675 950 1805 982 almifica
1821 963 1880 982 lna-

1139 1000 1187 1026 ter
1203 998 1340 1026 nostra.”

1055 1059 1073 1087 >0

1077 1083 1083 1088 .
1101 1058 1210 1089 Oratio
1237 1059 1269 1089 in
1295 1059 1389 1096 istud}
1413 1060 1502 1090 ‘Lex
1532 1062 1676 1102 sapientis
1706 1064 1772 1095 fons
1802 1066 1881 1096 vite.¹

1118 1109 1168 1139 fol.
1181 1119 1210 1150 3.

1163 1165 1259 1205 Incip.
1280 1171 1297 1179 ‘¹
1313 1165 1566 1196 Reverendissimi
1591 1172 1694 1207 patros
1717 1174 1747 1199 et
1771 1170 1881 1200 domini

1139 1216 1387 1256 praestantissimi
1409 1216 1524 1246 invenis
1547 1218 1585 1247 ad
1610 1218 1729 1249 literam
1749 1220 1778 1250 in
1798 1232 1884 1252 sacra

1139 1267 1292 1307 scriptura
1308 1267 1507 1308 multiplicem
1524 1268 1648 1309 legem?¹

1055 1331 1083 1360 53.
1102 1330 1291 1360 Adversaria
1320 1330 1360 1361 ad
1386 1331 1438 1371 jus
1468 1331 1646 1362 canonicum
1677 1337 1770 1374 atque
1800 1335 1884 1365 cix-ih,—

1118 1381 1298 1422 spectantia.
1326 1381 1376 1411 fol.
1392 1383 1420 1412 6.

1055 1445 1084 1473 4.
1105 1444 1240 1473 Lectura
1265 1454 1357 1484 super
1382 1443 1513 1484 primuni
1540 1444 1650 1474 librum
1676 1446 1884 1477 Decretalium

1117 1495 1283 1525 secundum
1305 1494 1474 1524 Robertum
1495 1495 1595 1526 Hccte
1618 1501 1759 1527 extracta
1781 1510 1817 1528 cx
1841 1499 1884 1528 ‹li-

1117 1546 1209 1575 versis
1225 1546 1411 1575 doctoribus.
1436 1546 1485 1575 fol.
1502 1557 1529 1586 9.

1162 1601 1260 1642 Incip.
1292 1601 1429 1641 “Ipsam
1460 1601 1556 1642 legem
1587 1602 1727 1634 Christus
1755 1604 1882 1645 degerit.

1140 1652 1207 1682 Hec
1234 1652 1326 1682 verba
1354 1657 1510 1692 ponuntur
1540 1664 1608 1683 xxv.
1633 1665 1660 1694 q.
1680 1665 1707 1684 c.
1759 1655 1818 1685 His
1845 1657 1883 1686 nii

1140 1702 1340 1732 Venerabiles
1360 1703 1499 1743 magistri
1520 1708 1551 1734 et
1572 1704 1697 1740 domini,
1717 1705 1743 1735 O
1762 1705 1786 1735 si
1807 1707 1883 1736 vires

1139 1763 1233 1788 meas,
1257 1753 1318 1782 imo
1340 1753 1556 1794 impotenciam
1577 1765 1685 1791 meam,
1708 1756 1884 1787 familiarius

1138 1803 1384 1834 consuluisse1n.''

1161 1859 1198 1888 In
1228 1858 1319 1892 calce,
1354 1858 1521 1899 “Explicit
1552 1859 1757 1900 Reportatum
1794 1873 1883 1902 super

1139 1909 1238 1950 primo
1259 1909 1336 1939 libro
1354 1909 1562 1940 Decretalium
1586 1916 1617 1941 et
1640 1912 1695 1942 fuit
1720 1912 1831 1942 lectum
1852 1920 1881 1943 et

1138 1959 1226 1990 labor
1250 1959 1287 1990 R.
1315 1960 1352 1990 de
1380 1960 1573 1991 wodestoke
1597 1962 1672 1992 alias
1700 1964 1801 1993 Heete
1828 1975 1882 2004 pro

1138 2011 1236 2041 forma
1259 2011 1394 2051 ejusdem
1416 2012 1446 2041 in
1469 2012 1668 2043 universitate.
1685 2014 1782 2043 Oxou.
1802 2025 1882 2043 anno

1138 2061 1263 2091 Domini
1278 2068 1333 2092 111.Ο
1343 2070 1496 2094 cccc.⁴*xv.
1514 2067 1544 2093 et
1560 2074 1640 2093 anno
1663 2064 1812 2104 sequenti,
1829 2076 1879 2094 ex-

1138 2112 1250 2142 istente
1264 2116 1338 2142 tunc
1360 2112 1539 2143 cancellario
1561 2113 1766 2143 universitatis
1782 2113 1879 2143 Oxou.

1140 2162 1183 2192 M.
1205 2162 1290 2192 Will.
1316 2162 1414 2193 Barw.
1441 2163 1591 2204 [Barrow]
1619 2163 1743 2192 doctore
1770 2163 1799 2192 in
1831 2163 1879 2193 de-

1137 2213 1229 2243 cretis
1249 2217 1279 2243 et
1301 2213 1439 2254 magistri
1459 2213 1580 2254 speciali
1597 2214 1724 2254 predicti
1742 2213 1879 2245 Roberti,

1137 2275 1267 2304 quorum
1283 2264 1397 2295 scilicet
1421 2264 1558 2305 magistri
1582 2270 1611 2294 ct
1633 2264 1769 2304 discipuli
1793 2272 1880 2295 actus

1137 2315 1250 2356 dirigat
1266 2320 1297 2346 et
1314 2316 1457 2356 disponat
1473 2315 1665 2355 omnipotens
1682 2315 1792 2344 Deus?

1052 2379 1081 2406 5.
1101 2375 1232 2407 Lectura
1255 2388 1345 2418 super
1368 2377 1577 2407 Decretalium
1598 2376 1707 2406 librum
1728 2377 1878 2417 quintum,

1115 2427 1222 2457 eodem
1237 2432 1373 2457 auctore.
1400 2427 1450 2457 fol.
1466 2428 1512 2467 83.

1157 2481 1218 2512 Tit.
1253 2482 1399 2522 “Incipit
1429 2481 1536 2512 titulus
1566 2481 1603 2511 de
1634 2481 1879 2512 accusationibus

1137 2532 1205 2563 libri
1222 2533 1320 2573 quinti
1337 2531 1572 2563 Decretalimn.''

1159 2587 1255 2628 Incip.
1282 2587 1457 2627 “Sequitur
1480 2585 1600 2616 rubrica
1623 2586 1660 2615 de
1680 2586 1880 2616 accusationi-

1137 2639 1211 2674 bus3
1248 2643 1306 2668 etc.
1366 2637 1432 2667 Hec
1464 2636 1585 2666 rubrica
1614 2636 1812 2666 continuatur
1840 2637 1879 2667 ad

1138 2688 1332 2729 precedentia
1349 2687 1404 2716 sub
1421 2686 1476 2716 hac
1493 2685 1620 2716 formas*

1159 2743 1336 2783 Sequuntur
1351 2741 1468 2771 notitiae
1480 2740 1519 2770 ad
1531 2740 1583 2780 jus
1596 2739 1680 2770 civile
1692 2744 1878 2780 spectantes.

1201 2807 1220 2829 L
