2254 3117
646 167 883 202 COLLEGII
911 169 1288 210 BALLIOLENSIS.

164 263 184 294 J
187 274 266 304 unge
286 263 407 294 vocales
430 267 465 294 ut
489 274 587 305 prece,
605 275 673 295 eum
698 265 793 302 libris,
814 266 872 297 hoc
896 279 943 298 or-

162 314 241 350 dine,
268 319 381 355 quarta
408 315 575 346 secundam
603 317 761 357 precedat,
787 317 858 348 finis
884 319 943 350 erit

162 365 272 396 ultima
289 365 398 396 sillaba
414 366 512 396 libri.”

79 416 107 447 6.
121 415 228 447 Brevis
240 416 397 447 ordinatio
410 417 448 447 de
462 417 682 458 praedicatione
696 418 725 449 S.
739 419 845 450 Crucis
858 419 943 450 laicis

139 467 291 504 facienda,
309 478 377 508 quae
393 468 557 499 verborum
573 473 718 500 ornatam
737 481 797 500 non
817 471 942 512 respicit

139 519 393 560 compositionem
410 520 463 550 sed
480 520 584 561 potius
598 520 731 551 lucidam
745 522 942 553 manifestam

140 570 280 602 veritatis
296 571 524 607 ostensionem;
547 576 605 602 ete.
630 572 681 602 sol.
698 582 756 604 212
771 573 799 603 b.

183 621 280 663 Incip.
298 626 316 639 ‘⁴
330 622 449 653 Obsida
468 623 620 663 pressuris
639 623 774 654 humana
790 624 942 665 fragilitas

160 684 285 704 suarum
301 673 411 704 virium
427 685 499 715 sepe
515 674 693 705 considerat
709 675 930 717 pravitatem.’'

182 725 286 756 Desin.
305 730 322 742 ‘⁴
336 725 477 756 similiter
493 731 691 767 sumpserunt
709 728 861 758 crucem.”

396 802 604 837 CLXVIII.

57 864 174 898 Codex
202 864 495 903 membranaceus,
523 865 558 898 iu
591 865 684 904 folio,
711 866 744 899 ff.
765 869 845 905 210,
874 878 939 900 sec.
971 862 973 877 ¹

80 923 141 960 xii.
159 923 328 961 exeuntis,
348 923 437 955 binis
461 922 631 956 columnis
654 924 741 957 bene
761 930 941 963 exaratus;

81 993 123 1015 ex
143 981 231 1015 dono
248 980 347 1014 Will.
363 980 466 1026 Gray.

112 1041 232 1072 Rabani
251 1041 354 1071 Mauri
372 1052 478 1082 opera,
495 1046 529 1072 ut
545 1046 727 1083 sequuntur,

78 1094 104 1123 l.
124 1093 159 1123 ln
175 1092 434 1133 Paralipomenon
450 1092 544 1123 libros
560 1095 854 1124 commentariorum
870 1095 938 1125 libri

137 1149 280 1185 quatuor,
307 1144 423 1185 praevio
455 1144 582 1186 prologo
609 1145 648 1175 ad
677 1145 865 1176 Ludovicum
896 1158 940 1176 re·
971 1165 972 1177 ι

138 1207 216 1238 gem,
234 1203 265 1227 et
281 1195 434 1237 capitulis.
457 1196 509 1227 fol.
530 1205 557 1226 2.
971 1235 972 1239 Ἰ

182 1247 276 1289 Incip.
294 1247 371 1289 prol.
390 1252 408 1264 ‘⁶
421 1248 498 1278 Cum
519 1248 630 1289 saepius
646 1248 712 1289 jam
729 1248 884 1281 dudu111;''
906 1254 941 1279 ut
970 1242 972 1251 ¹

159 1300 240 1331 inter
255 1310 359 1340 opera,
377 1304 452 1330 tom.
470 1299 510 1330 iii.
529 1311 560 1341 p.
577 1310 645 1341 145.

180 1351 277 1392 Incip.
295 1351 346 1382 lib.
363 1351 382 1381 i.
402 1356 419 1368 ‘⁴
433 1351 548 1387 Adam,
567 1351 653 1387 Seth,
673 1351 788 1382 Enos.”

180 1404 286 1435 Desin.
306 1408 323 1420 ‘⁸
336 1407 458 1445 partem
475 1415 649 1434 mereamur
665 1404 810 1434 liabere.”

180 1456 219 1487 In
240 1456 334 1494 ealce,
352 1460 369 1473 ‘⁶
382 1455 521 1497 Explicit
541 1456 619 1487 liber
635 1460 765 1497 quartus
788 1467 940 1487 commen-

158 1507 310 1538 tariorum
327 1507 472 1538 Hrabani
487 1507 591 1538 Mauri
608 1507 638 1537 in
652 1508 806 1538 volumine
819 1507 940 1538 Paral.''

77 1561 104 1590 2.
121 1559 270 1600 Ejusdem
286 1559 528 1590 commentarius
547 1560 578 1589 in
594 1559 707 1589 librum
724 1559 743 1589 J
746 1559 845 1596 udith,
863 1570 940 1601 prae-

137 1610 194 1640 viis
210 1609 361 1651 capitulis.
386 1610 438 1640 fol.
458 1612 524 1641 161.

178 1661 257 1692 Ibid.
277 1666 352 1692 tom.
370 1661 411 1692 iii.
428 1673 458 1703 p.
474 1663 544 1693 266.

76 1714 104 1744 3.
122 1713 270 1754 Ejusdem
282 1713 313 1743 in
326 1713 438 1743 librum
453 1713 580 1750 Esther,
591 1724 660 1743 cum
673 1713 800 1754 prologo
813 1717 845 1743 et
859 1713 939 1754 capi—

136 1764 217 1795 tulis.
241 1764 290 1795 fol.
312 1774 381 1804 19¹-

178 1815 276 1857 incip.
309 1815 386 1857 prol.
418 1820 435 1832 ιι
454 1815 547 1846 Liber
574 1815 692 1846 Hester
723 1827 813 1857 quem
845 1816 938 1847 Ebrei
968 1807 970 1847 i

156 1867 237 1898 inter
251 1867 444 1909 agiographa
459 1867 697 1898 annume1¹ant.”

181 1919 259 1950 Ibid.
276 1923 351 1950 tom.
368 1919 410 1950 iii.
427 1931 456 1960 p.
471 1928 540 1960 279.

177 1970 284 2002 Desin.
302 1975 319 1988 ‘⁴
333 1971 405 2012 quia
427 1970 479 2001 isti
503 1974 576 2001 sunt
595 1981 699 2000 semen
715 1970 763 2000 eui
779 1970 939 2001 benedixit

157 2021 318 2053 Dominus.
365 2022 412 2053 Hi
435 2026 569 2063 querunt
590 2022 671 2052 bona
694 2022 808 2063 populo
831 2033 886 2052 suo
907 2026 939 2052 et

156 2072 300 2104 locuntur
327 2084 386 2115 que
415 2074 455 2104 ad
485 2085 593 2115 pacem
624 2073 783 2115 pertinent
814 2073 939 2104 seminis

157 2124 215 2161 sui,
231 2125 306 2166 quia,
314 2125 408 2166 juxta
424 2125 522 2156 Ysaic
538 2125 660 2155 vocem*

407 2206 579 2240 CLXIX.

56 2262 351 2304 Membranaceus,
376 2267 412 2299 in
437 2265 529 2301 folio.
550 2264 584 2298 ff.
601 2267 682 2303 230,
707 2275 773 2297 sec.
794 2265 872 2300 xiv„
893 2275 935 2296 ex

78 2322 166 2356 dono
182 2322 280 2356 Will.
297 2323 401 2368 Gray.

95 2381 214 2413 Rabani
238 2383 343 2414 Mauri
366 2384 398 2414 in
422 2383 452 2414 S.
471 2382 618 2414 Matthaei
642 2381 831 2422 evangelium
856 2392 936 2411 com·
965 2376 967 2384 ¹

116 2434 335 2465 mentariorum
357 2435 427 2466 libri
453 2438 535 2471 octo,
560 2445 629 2464 eum
656 2433 784 2474 prologo
805 2433 844 2463 ad
870 2432 935 2463 Ha-
965 2437 966 2447 ³

116 2485 252 2516 istulfum
268 2486 542 2527 archiepiscopum.

157 2536 254 2578 Incip.
271 2537 347 2578 prol.
366 2542 383 2554 '·‘
396 2537 521 2567 Memor
537 2536 616 2566 illius
632 2535 801 2576 p1·eecpti.''

158 2587 254 2629 Incip.
270 2588 321 2619 lib.
338 2588 358 2618 i.
376 2594 394 2605 ‘⁴
408 2587 647 2628 Exposicionem
663 2585 863 2627 scripturus.”

158 2639 245 2670 Inter
261 2651 331 2681 opp.
347 2644 423 2670 tom.
437 2650 464 2669 v,
481 2650 510 2679 p.
528 2649 552 2668 1.

157 2690 194 2721 In
216 2691 307 2728 ealce,
330 2696 347 2708 ‘⁴
360 2690 484 2721 Rabani
504 2689 608 2720 Mauri
633 2687 837 2729 exposicionis
859 2687 936 2718 liber

135 2746 261 2773 octavus
277 2742 403 2783 explicit
416 2755 423 2777 ;

53 2795 69 2807 “
83 2792 162 2823 Laus
175 2793 230 2824 tibi
244 2794 284 2824 sit
295 2793 418 2825 Christe
433 2817 438 2822 .
452 2803 507 2833 per
517 2802 608 2832 quein
622 2791 698 2821 liber
709 2789 834 2831 explicit
848 2789 935 2820 iste.”

1827 185 1872 219 57

1103 271 1281 313 Sequuntur
1297 277 1315 290 “
1327 275 1545 307 annotationes
1564 277 1802 317 evangeliorum,
1817 290 1874 319 que

1080 321 1190 352 docent
1206 323 1256 353 ubi
1273 324 1466 357 invenientur
1481 327 1689 367 expositiones
1705 331 1841 360 eorum.’'

1103 372 1139 402 In
1159 373 1210 403 sol.
1227 375 1343 414 penult.
1360 387 1447 407 verso
1468 382 1596 410 notatur
1611 379 1745 420 pretium
1761 379 1875 411 codicis

1082 423 1153 453 olim
1169 436 1234 455 esse
1250 425 1319 456 xlvi.
1333 438 1356 456 s
1373 428 1432 458 viii.
1444 429 1473 459 d.

997 560 1116 595 Codex
1135 565 1425 605 membranaceus,
1442 568 1476 601 in
1497 569 1577 602 folio
1596 570 1725 614 majori,
1744 571 1777 604 ff.
1791 574 1872 609 323,

1021 630 1087 652 sec.
1106 621 1177 654 xiii.
1202 622 1360 663 ineuntis
1384 625 1472 659 binis
1499 626 1666 661 columnis
1692 633 1872 667 exaratus;

1021 688 1063 710 ex
1083 677 1173 711 dono
1192 678 1251 713 W.
1267 680 1377 724 Gray3
1404 682 1437 714 in
1457 683 1524 716 fine
1541 684 1653 718 mutil.

1039 737 1232 769 Testamenti
1261 739 1385 770 Veteris
1415 741 1483 771 libri
1514 743 1564 783 qui
1596 749 1773 785 sequuntur,
1808 746 1871 776 scil.

1059 789 1080 819 J
1084 801 1177 827 osnes,
1193 790 1349 827 «Indicum,
1367 792 1463 829 Ruth,
1482 793 1599 835 Regum
1618 801 1760 835 quatuor,
1777 797 1872 828 Para-

1060 840 1233 881 lipomenon
1261 842 1330 877 duo,
1356 842 1473 879 Esdrae,
1499 844 1664 884 Nchemiae,
1691 851 1722 877 et
1750 847 1872 878 Macca-

1059 892 1196 922 baeorum
1213 893 1285 929 duo,
1301 904 1406 923 omncs
1427 894 1528 935 glossa
1547 897 1701 930 ordinaria
1719 902 1812 940 atque
1828 899 1871 930 in-

1060 943 1215 974 terlineari
1232 955 1349 974 necnon
1365 945 1499 986 prologis
1515 946 1665 979 instructi.

1103 994 1198 1035 Incip.
1218 995 1294 1035 prol.
1315 995 1333 1026 i.
1358 1000 1375 1012 “
1390 996 1527 1027 Tandem
1551 998 1638 1029 finito
1660 1000 1872 1033 Pentateucho

1082 1045 1181 1075 Mosis
1197 1046 1280 1076 velut
1295 1047 1405 1087 grandi
1421 1048 1538 1079 foenore
1554 1049 1705 1081 liberati.”

1104 1096 1226 1127 Desinit
1249 1097 1299 1128 lib.
1320 1098 1350 1128 ii.
1373 1099 1513 1129 Maccab.
1537 1111 1556 1130 a
1582 1101 1728 1141 supplicio
1751 1109 1872 1144 sumpto

1080 1147 1118 1177 de
1134 1147 1195 1177 filio
1212 1152 1300 1178 sexto
1316 1149 1425 1179 matris
1442 1149 1661 1181 Maccabaicae.

971 1332 972 1337 1
998 1286 1295 1327 Membranaeeus,
1322 1289 1357 1321 in
1384 1288 1466 1321 folio
1491 1288 1622 1333 grandi,
1647 1288 1681 1322 ff.
1701 1289 1781 1330 262,
1808 1302 1872 1324 sec.

971 1353 972 1384 ς
1020 1345 1088 1378 xiv.
1108 1346 1278 1384 exeuntis,
1296 1345 1385 1379 binis
1405 1345 1582 1380 columnis.

1050 1405 1168 1436 Nicolai
1188 1406 1300 1446 Lyrani
1317 1406 1449 1437 Postilla
1465 1417 1558 1446 super
1573 1407 1667 1438 libros
1684 1412 1864 1448 sequentes;

1017 1458 1042 1487 1.
1063 1457 1260 1487 Psalterium.
1283 1457 1332 1487 fol.

1122 1510 1220 1550 Incip.
1234 1509 1311 1550 prol.
1326 1514 1343 1526 “
1355 1509 1514 1550 Propheta
1530 1520 1669 1550 magnus,
1679 1514 1736 1541 etc.
1763 1511 1873 1550 Quam-

1102 1561 1145 1591 vis
1161 1561 1270 1591 liber.'⁷

1122 1612 1269 1642 Excisum
1282 1616 1329 1642 est
1344 1611 1459 1645 folium.
1474 1612 1555 1652 quod
1568 1616 1738 1643 extremam
1755 1618 1872 1654 partem

1099 1663 1301 1704 expositionis
1322 1663 1352 1692 in
1369 1662 1557 1693 Psalterium
1578 1669 1609 1693 et
1630 1663 1760 1704 primam
1783 1675 1874 1705 super

1101 1714 1227 1744 Esaiam
1244 1714 1438 1755 prophetam.

1037 1791 1042 1795 .
1061 1766 1098 1796 In
1115 1765 1241 1796 Esaiam
1257 1765 1451 1806 prophetam.
1476 1765 1527 1795 fol.
1541 1765 1590 1795 81.

1121 1816 1219 1857 Incip.
1236 1816 1267 1846 in
1282 1816 1393 1853 verbis,
1412 1820 1428 1832 “
1526 1816 1699 1846 Zorobabel
1720 1817 1804 1849 duce.
1822 1817 1872 1857 qui

1099 1867 1355 1898 reedificaverunt
1366 1867 1515 1908 templum
1527 1871 1558 1897 et
1569 1871 1677 1906 postea
1689 1867 1871 1898 civitatem.”

1036 1944 1042 1950 .
1061 1920 1097 1949 In
1117 1919 1288 1950 Jeremiam
1312 1918 1506 1960 prophetam,
1527 1918 1664 1948 Thronos
1687 1921 1718 1948 et
1739 1918 1869 1948 Barueh.

1076 1971 1126 2001 fol.
1149 1981 1180 2001 12
1183 1981 1201 2011 5
1216 1971 1246 2001 b.

1035 2047 1040 2052 .
1059 2023 1096 2053 In
1114 2021 1304 2052 Ezechielem
1321 2021 1517 2062 prophetam.
1541 2020 1591 2050 fol.
1609 2028 1666 2061 159
1680 2020 1708 2050 b.

1036 2099 1040 2104 .
1061 2074 1096 2103 In
1114 2073 1275 2104 Danielem
1292 2072 1486 2113 prophetam.
1510 2071 1560 2101 sol.
1580 2082 1645 2111 194.

1120 2125 1182 2154 Pro
1203 2123 1304 2164 capite
1326 2133 1359 2163 13
1380 2127 1561 2153 numeratur
1581 2123 1629 2153 hic
1652 2126 1683 2153 et
1707 2122 1869 2162 exponitur

1097 2176 1239 2207 Historia
1264 2176 1424 2211 Susannae,
1449 2178 1480 2205 et
1505 2185 1561 2215 pro
1584 2185 1650 2214 cap.
1670 2184 1707 2212 14
1728 2173 1867 2203 Historia

1097 2227 1178 2257 Belis
1194 2232 1225 2257 et
1242 2226 1404 2257 Draconis.

1034 2304 1039 2309 .
1060 2279 1094 2308 In
1112 2278 1288 2318 Prophetas
1305 2276 1467 2307 duodecim
1485 2276 1626 2305 minores.
1650 2275 1699 2305 sol.
1717 2275 1782 2304 116.

1118 2329 1264 2359 Excisum
1282 2332 1329 2359 est
1348 2328 1398 2358 hie
1414 2338 1535 2368 quoque
1553 2326 1656 2356 folium
1680 2325 1808 2366 primum
1827 2324 1865 2353 ob

1095 2380 1217 2411 literam
1233 2379 1402 2420 principem
1418 2378 1630 2408 illuminatam.

1116 2431 1215 2472 Incip.
1236 2435 1253 2447 “
1351 2429 1412 2459 vite
1436 2428 1553 2459 Achab,
1577 2437 1670 2466 usque
1692 2425 1731 2455 ad
1755 2424 1863 2465 princi-

1094 2483 1178 2523 pium
1194 2481 1308 2522 regni.”

1116 2534 1154 2563 In
1171 2533 1263 2567 calce,
1283 2536 1300 2548 “
1314 2531 1449 2571 Explicit
1465 2528 1586 2569 postilla
1605 2526 1708 2557 fratris
1724 2525 1862 2555 Nieholai

1095 2585 1132 2614 de
1143 2584 1216 2614 Lira
1227 2594 1318 2623 super
1328 2583 1437 2612 librum
1449 2578 1605 2610 duodecim
1616 2576 1863 2617 prophetarum?

1011 2637 1037 2667 7.
1056 2635 1094 2666 In
1110 2635 1359 2665 Maecabaeorum
1375 2633 1476 2662 libros.
1501 2629 1549 2659 fol.
1568 2630 1622 2666 146
1638 2628 1667 2657 b.

1116 2686 1153 2715 In
1170 2685 1260 2721 ealce,
1279 2690 1296 2701 ⁴⁸
1310 2683 1446 2724 Explicit
1462 2679 1613 2721 postilla?
1629 2682 1686 2708 ete.

1032 2742 1049 2753 “
1063 2737 1163 2776 Opere
1180 2736 1332 2777 completo
1348 2735 1387 2764 sit
1403 2733 1468 2763 laus
1484 2735 1514 2760 et
1529 2729 1626 2771 gloria
1641 2728 1778 2764 Christo,

1064 2787 1231 2828 Scriptoris
1247 2785 1347 2816 miseri
1364 2785 1499 2824 dignare,
1518 2782 1611 2819 Deus,
1627 2780 1791 2811 misereri.''

969 1784 970 1805 ἶ
1014 1768 1033 1786 0

1012 1921 1031 1949 3

1011 2279 1030 2309 6

1110 2851 1120 2872 Ι
