2254 3117
383 171 404 200 2
941 169 1240 206 CATALOGUS
1267 173 1501 209 CODICUM
1529 175 1637 210 MSS.

424 265 594 295 Bibliorum
623 265 786 295 Sacrorum
814 269 916 296 tomus
942 268 1104 304 secundus,
1128 269 1159 299 in
1186 281 1256 311 quo,

443 316 511 346 libri
549 316 667 357 Regum
706 320 850 357 quatuor,
890 317 1149 359 Paralipomenon
1186 321 1256 358 cluo,

444 368 552 398 Esdrae
570 367 603 403 1.,
622 367 789 404 Nehemiae‚
808 368 917 399 Esdrae
932 370 991 406 ΙΙ.,
1008 370 1123 406 Tobiae,
1137 375 1168 402 et
1181 373 1255 408 Job,

442 429 510 448 eum
527 418 559 448 S.
578 418 761 459 Hieronymi
777 419 923 461 prologis.

484 473 615 503 Evulsus
636 477 683 503 est
704 473 812 504 Esdrae
831 475 878 505 ΙΙ.
899 475 976 505 liber
996 476 1059 507 fere
1075 481 1170 513 totus,
1188 489 1256 509 nec-

462 535 522 553 non
539 524 644 554 Tobiae
659 525 796 565 capitula
812 526 917 556 decem
934 527 1047 567 priora.

483 574 604 605 Titulus
621 575 808 617 Paralipom.
824 577 850 607 I.
867 582 914 609 est
930 578 1000 615 iste,
1016 584 1035 593 ‘¹
1049 579 1164 620 Incipit
1180 580 1257 611 liber

461 625 672 663 Dabreiamin,
697 626 728 657 id
751 632 799 658 est
825 628 919 659 verba
945 629 1074 664 dierum,
1103 631 1184 671 quod
1209 636 1256 661 est
1285 636 1287 669 ζ

461 677 749 719 Paralipomenon.”

482 728 692 760 Praemittitur
721 730 833 760 notitia
866 730 904 760 de
941 731 1054 761 codicis
1088 731 1255 762 donatione
1285 765 1286 776 γ

458 790 513 820 per
532 779 684 812 Thoinam
708 781 746 811 dc
770 781 964 822 Bekyntona‚
982 794 1073 824 quam
1097 783 1127 813 in
1151 784 1255 814 codice
1285 798 1286 805 ¹

459 831 646 871 praeeedenti
663 833 909 863 memoravimus

790 927 835 961 V.

373 989 493 1021 Codex
524 990 816 1028 membranaceus,
850 991 883 1023 in
916 991 998 1024 folio
1028 992 1191 1027 maximo,
1221 991 1253 1025 ff.
1284 996 1285 1011 ¹

398 1048 480 1087 435,
498 1058 564 1080 sec.
584 1048 654 1080 xiii.
670 1048 851 1085 exeuntisz
870 1060 975 1082 manu
991 1050 1112 1083 eadem
1128 1061 1166 1083 ac
1186 1050 1254 1083 duo

397 1105 634 1148 praecedentes
658 1105 804 1145 codices,
824 1106 911 1140 binis
929 1107 1098 1141 columnis
1123 1108 1254 1152 optime
1283 1129 1285 1149 ;

396 1168 568 1196 exaratus.

414 1222 585 1253 Bibliorum
607 1234 767 1254 sacrorum
788 1229 891 1255 tomus
908 1226 1030 1262 tertius,
1046 1226 1253 1267 complectens

435 1273 608 1304 Salomonis
650 1275 830 1310 parabolas,
874 1276 1102 1311 Ecclesiastem,
1146 1277 1253 1308 Canti-
1282 1311 1284 1317 ¹

434 1335 548 1360 corum,
595 1325 759 1366 Sapientiae
806 1327 1088 1369 Ecclesiasticique‚
1134 1339 1253 1359 necnon
1282 1364 1284 1366 v

435 1376 663 1417 Prophetarum
687 1377 792 1413 libros,
808 1379 954 1409 ,Joremiae
971 1379 1102 1409 'l'hrenis
1119 1379 1251 1416 inclusis,
1282 1412 1283 1421 ἶ

435 1438 504 1457 eum
520 1428 654 1468 prologis
671 1428 752 1459 haud
770 1429 935 1459 inusitatis.

478 1483 515 1512 In
540 1483 633 1520 calce,
660 1489 677 1497 “
692 1483 847 1513 Volumen
871 1484 955 1514 istud
978 1485 1106 1514 tertium
1129 1485 1253 1526 scripsit
1282 1510 1283 1522 ¹

456 1533 617 1574 Philippus
633 1534 807 1575 presbiter;
836 1535 937 1566 Natus
957 1536 1033 1566 urbe
1055 1536 1252 1568 Trecensium
1281 1545 1282 1550 ¹

453 1584 590 1615 existens
616 1585 820 1621 natu1·alitor;
847 1586 907 1617 Sed
932 1587 961 1617 in
986 1588 1044 1618 hoc
1072 1588 1252 1619 beneficium

453 1636 582 1666 sortitus
599 1636 801 1677 spiritaliter3
829 1638 912 1668 llinc
932 1650 1001 1669 eum
1019 1640 1123 1670 Maria
1141 1640 1251 1671 filium
1281 1637 1283 1673 ἶ

456 1686 583 1717 Ihesum
598 1687 756 1718 laudemus
773 1689 900 1729 pariter.
1281 1686 1283 1699 ³

476 1738 569 1768 Anno
605 1738 662 1768 Dei
701 1739 869 1774 millesimo,
903 1740 962 1779 Qui
998 1752 1135 1772 summus
1172 1744 1251 1785 regit

453 1790 556 1820 onmia
570 1802 576 1826 ;
601 1790 697 1820 Simul
715 1796 746 1821 et
762 1791 973 1822 ducentesimo
990 1803 1028 1822 ex
1045 1804 1106 1833 quo
1122 1794 1204 1824 venit
1220 1795 1251 1825 in

453 1841 599 1882 propria;
626 1842 824 1883 Octogesimo
851 1843 970 1873 decimo
996 1843 1084 1874 finita
1107 1849 1154 1875 est
1179 1857 1252 1887 pars

453 1892 571 1927 tertia;
612 1892 710 1923 Biblie
747 1894 964 1935 benignissimo
995 1895 1090 1926 dante
1122 1896 1179 1926 Cui
1211 1897 1251 1927 sit

452 1943 567 1984 gloria2
586 1944 697 1975 Amen.

473 1994 636 2025 Artificem
674 1996 871 2026 commendat
909 2007 985 2037 opus
1028 2008 1087 2027 non
1126 1999 1251 2039 propria

454 2045 577 2086 hngua3

474 2097 543 2127 Non
590 2097 712 2127 redimit
761 2098 875 2128 victum
921 2099 1078 2129 cumulata
1121 2100 1251 2131 sciencia
1279 2097 1281 2130 s

452 2159 573 2178 morum
589 2162 596 2183 ς

474 2199 634 2240 Sapientia
650 2200 715 2230 sine
731 2200 907 2241 eloquentia
923 2206 970 2231 cst
987 2202 1074 2242 quasi
1087 2203 1248 2243 cytharam
1279 2216 1280 2235 z

452 2251 570 2281 habens
586 2251 616 2281 in
633 2251 700 2281 sinu
716 2252 819 2282 clauso
833 2265 840 2287 ς
863 2254 930 2282 Ave
947 2252 1080 2283 Marias*

776 2347 840 2380 Vl.

371 2411 668 2447 Membranaceus,
688 2411 721 2442 in
745 2409 826 2442 folio
848 2410 1009 2445 maximo,
1029 2411 1062 2442 ff.
1082 2413 1162 2449 410,
1182 2422 1248 2444 sec.

393 2469 463 2502 xiii.
498 2469 668 2506 exeuntis,
705 2468 824 2501 eadem
862 2479 975 2505 manu,
1018 2479 1085 2512 qua
1122 2480 1249 2513 praece-
1277 2463 1279 2493 l

389 2527 519 2566 dentes,
541 2527 628 2560 binis
647 2526 816 2559 columnis
835 2527 966 2570 optime
985 2532 1154 2560 exaratus.
1277 2507 1279 2563 i

410 2587 580 2619 Bibliorum
604 2586 769 2617 Sacrorum
790 2590 894 2616 tomus
916 2591 1045 2626 quartus
1062 2592 1090 2616 et
1110 2587 1246 2623 ultimus,
1277 2566 1278 2618 l

432 2639 462 2669 in
479 2650 551 2679 quo,
1277 2634 1278 2680 l

411 2694 439 2723 l.
459 2693 710 2724 Maccabaeorum
748 2692 816 2723 libri
854 2692 925 2726 duo,
963 2691 1083 2732 praeviis
1114 2692 1247 2733 prologis

473 2744 583 2780 tribus,
614 2755 743 2784 quorum
771 2744 831 2774 duo
858 2743 975 2784 priores
1001 2748 1073 2773 sunt
1105 2743 1246 2774 Rhabani

474 2795 589 2825 Mauri.
613 2795 663 2825 sol.
683 2805 705 2824 1.
1275 2788 1278 2832 l

1352 274 1382 302 2.
1398 272 1634 304 Testamentum
1660 274 1792 311 Novum,
1814 275 1845 306 S.
1860 275 2041 318 Hieronymi
2057 278 2187 320 prologis
2230 307 2231 310 ,

1416 324 1499 355 haud
1515 324 1646 356 insolitis
1661 325 1855 357 instructum.
1880 327 1931 357 fol.
1947 336 1980 367 71
1998 327 2026 358 b.

1438 384 1476 414 In
1493 384 1585 419 ealce,

1373 446 1401 465 a.
1420 441 1437 450 '¹
1453 435 1523 466 Hoc
1540 440 1684 476 quartum
1708 436 1861 466 edificium
1883 436 2006 478 scripsit
2028 437 2185 479 Philippus

1479 485 1643 526 presbiter,

1450 536 1555 566 Natus
1590 537 1666 566 urbe
1699 536 1898 567 Trecensium
1928 537 2063 567 existens
2096 542 2183 569 natu-

1478 587 1594 623 raliter‚

1451 639 1511 669 Sed
1529 639 1559 668 in
1575 639 1632 669 hac
1652 638 1835 669 beneficium
1856 639 1985 669 sortitus
2008 639 2184 680 spiritaliter

1450 689 1533 720 Hinc
1548 701 1618 720 cum
1636 690 1740 721 Maria
1758 690 1870 720 Filium
1886 690 2013 721 Ihesum
2028 690 2183 724 laudemus

1477 741 1604 782 pariter.
1651 741 1784 772 Amen.”

1371 804 1399 834 b.
1419 804 1544 834 “Anno
1571 804 1628 834 Dei
1658 804 1829 841 millesimo,
1856 804 1915 843 Qui
1946 815 2082 835 summus
2108 805 2183 847 regit
2227 822 2228 830 κ

1477 856 1588 890 omnia,

1449 904 1546 935 Simul
1574 909 1605 936 et
1632 906 1854 942 ducentesimo,
1885 917 1922 936 ex
1953 917 2014 947 quo
2043 908 2126 938 venit
2154 908 2182 939 in

1476 957 1612 997 propria,

1450 1006 1646 1048 Octogesimo
1662 1007 1780 1038 decimo
1796 1007 1885 1039 finita
1900 1013 1948 1039 est
1963 1008 2019 1039 hec
2034 1009 2136 1045 biblia,

1450 1059 1616 1089 Prestante
1648 1058 1872 1100 Benignissimo
1903 1059 1950 1089 cui
1981 1060 2047 1090 laus
2076 1066 2123 1091 est
2152 1066 2180 1092 et

1474 1109 1591 1150 gloria;
1611 1111 1746 1141 Alnen.”

1370 1183 1395 1201 e.
1415 1178 1432 1187 ¹¹
1448 1171 1612 1203 Artificem
1639 1173 1836 1204 commendat
1867 1184 1945 1214 opus
1972 1185 2032 1204 non
2062 1175 2180 1216 propria.

1475 1223 1588 1265 lingua,

1448 1275 1517 1305 Non
1550 1275 1675 1305 redimit
1713 1275 1827 1306 victum
1864 1276 2022 1308 cumulata
2059 1278 2180 1310 scientia
2222 1277 2224 1281 ’

1475 1338 1604 1357 morum.

1447 1378 1606 1419 Sapientia
1627 1378 1693 1408 sine
1715 1378 1892 1419 eloquentia
1913 1384 1961 1410 est
1977 1380 2064 1421 quasi
2080 1380 2178 1422 cytha-

1473 1441 1539 1460 ram
1556 1430 1673 1460 habens
1688 1430 1719 1459 in
1736 1430 1803 1460 sinu
1819 1429 1954 1461 clauso.”

1369 1494 1397 1524 d.
1417 1500 1434 1508 “
1449 1495 1517 1524 Ave
1539 1493 1651 1529 Mari&
1668 1493 1772 1534 gratia
1788 1494 1888 1535 plena,
1907 1494 2058 1526 Dominus
2073 1499 2176 1534 tecum,
2221 1508 2222 1515 ¹

1473 1545 1637 1575 benedicta
1659 1548 1693 1574 tu
1714 1544 1744 1574 in
1764 1544 1943 1576 mulieribus
1959 1549 1990 1576 et
2006 1545 2177 1577 benedictus
2220 1575 2221 1583 ,

1474 1596 1593 1626 fructus
1609 1595 1725 1626 ventris
1742 1596 1796 1631 tui,
1819 1597 1931 1627 Amen.

1475 1647 1582 1677 Mater
1598 1647 1657 1677 Dei
1673 1653 1828 1678 memento
1845 1648 1935 1678 mei.”

1703 1752 1790 1787 VII.

1281 1801 1282 1817 ³
1303 1815 1423 1848 Codex
1450 1815 1744 1854 membranaceus,
1769 1815 1803 1848 in
1831 1814 1923 1854 folio,
1951 1815 1984 1848 ff.
2010 1818 2090 1855 300,
2115 1827 2174 1850 sec.

1280 1889 1281 1895 1
1327 1874 1397 1906 xiii.
1434 1873 1604 1909 exeuntis,
1641 1872 1729 1906 binis
1771 1872 1940 1906 columnis
1981 1874 2175 1908 nitidissime

1328 1936 1498 1970 exaratus,
1535 1936 1571 1964 et
1603 1931 1714 1975 quoad
1746 1930 1862 1964 literas
1897 1931 2045 1965 initiales
2079 1932 2175 1966 deau-

1327 1994 1443 2028 ratus3
1463 1988 1544 2022 olim
1558 1988 1731 2033 peculium
1744 1988 1913 2022 Johannis
1925 1988 2051 2029 Green,
2063 1995 2174 2034 postea
2216 2005 2217 2010 ¹

1328 2047 1408 2080 Gul.
1429 2046 1631 2092 &Vestbyrg⁹
1652 2046 1739 2080 Coll.
1767 2046 1858 2080 Nov.
1882 2046 1973 2080 Socii
2000 2052 2037 2080 et
2061 2047 2173 2081 Etonae

1328 2105 1518 2149 przepositi3
1538 2105 1712 2149 utrimque
1730 2104 1923 2138 mutilatus.

1344 2174 1448 2204 Biblia
1468 2174 1564 2205 Sacra
1586 2174 1729 2204 universa
1749 2174 1916 2204 secundum
1932 2174 2100 2205 versionem
2115 2173 2172 2204 vul-

1364 2230 1481 2267 gatam,
1504 2225 1731 2266 S.Hieronymi
1758 2225 1963 2265 Rhabanique
1986 2224 2087 2255 Mauri
2107 2235 2170 2265 pro·

1364 2277 1440 2318 logis
1456 2277 1615 2308 instructa.

1410 2336 1522 2377 [ncipit
1535 2336 1610 2377 prol.
1631 2346 1655 2365 ι.
1672 2336 1703 2365 in
1720 2335 1857 2366 Testam.
1874 2335 1901 2364 V
1905 2339 1946 2366 et.
1963 2336 2093 2376 abrupte
2107 2344 2170 2365 cum

1386 2386 1495 2421 verbis,
1529 2387 1602 2417 “de
1632 2391 1722 2427 petra
1752 2386 1865 2417 deserti
1892 2386 1932 2416 ad
1959 2390 2088 2416 mortem
2116 2384 2170 2415 fflie

1386 2438 1498 2479 Syon.”
2209 2475 2210 2479 Ἰ

1407 2489 1503 2530 Incip.
1535 2488 1692 2519 Geneseos
1722 2489 1774 2519 lib.
1811 2489 1951 2520 “Adam
1974 2500 2061 2519 cxxx.
2089 2486 2170 2518 annis
2209 2482 2210 2503 ³

1386 2546 1417 2571 et
1432 2540 1539 2581 genuit
1554 2540 1594 2570 ad
1610 2540 1805 2580 imaginem.’'
1886 2576 1890 2580 .

1407 2590 1520 2621 Deficit
1548 2591 1735 2632 Apocalyps.
1764 2591 1815 2621 lib.
1841 2591 1871 2620 in
1898 2591 1998 2621 verbis
2025 2601 2088 2631 cap.
2112 2589 2168 2620 xix.
2195 2595 2209 2623 ⁵¹,

1386 2649 1402 2657 '⁴
1417 2642 1475 2672 vivi
1491 2642 1575 2672 missi
1591 2646 1663 2672 sunt
1678 2642 1709 2672 in
1725 2646 1870 2683 stagnum
1886 2642 1964 2683 ignis
1977 2641 2141 2673 ardentis.”

1406 2693 1585 2733 Sequuntur
1600 2693 1742 2724 Canones
1759 2694 1934 2725 Eusebiani.

1407 2744 1570 2775 Praemissa
1613 2749 1686 2775 sunt
1728 2745 1836 2781 codici,
1878 2755 1971 2775 manu
2013 2741 2166 2774 recentiori
2206 2754 2207 2768 i

1383 2796 1509 2836 sorspta,
2205 2792 2207 2837 s
