2254 3117
615 138 854 173 COLLEGII
882 137 1259 177 BALLIOLENSIS.
1800 147 1841 176 15

121 240 352 272 Sententiarum
365 240 450 271 edita
465 250 484 270 a
499 238 596 269 fratre
609 238 749 269 Gerardo
763 238 800 267 de
816 237 915 275 Senis,

119 292 234 323 ordinis
250 291 468 322 heremitarum
487 289 593 320 Sancti
611 288 812 330 Augustini.”

140 343 288 384 Sequitur
303 342 410 373 tabula
427 341 640 382 quaestionum.

424 429 522 464 LVI.

37 495 154 529 Codex
173 494 466 532 membranaceus,
483 493 517 526 in
536 492 618 526 folio
635 493 769 528 minori,
789 491 821 524 ff.
836 494 914 527 152.

61 565 126 588 seo.
144 553 213 586 xiv.
231 552 403 590 exeuntis,
425 551 513 584 binis
539 550 710 584 columnis
736 554 915 587 exaratus:

61 624 104 646 ex
123 612 212 645 dono
230 622 319 655 saepe
338 610 421 643 dicti
437 609 621 643 willelmi.

77 671 232 713 Anonymi
262 671 422 712 cujusdam
452 669 699 702 Commentarius
733 680 825 710 snper
854 674 917 700 tres

98 722 192 752 libros
207 721 325 762 priores
341 720 574 751 Sententiarum
586 732 594 755 3
617 719 705 750 initio
721 719 820 750 mutil-

142 772 238 814 Incip.
264 773 294 802 in
317 772 427 810 verbis,
452 776 469 788 “
565 771 696 812 gradum
722 770 918 811 cognoscitur

119 825 150 854 in
166 823 290 865 proprio
305 834 418 865 genere
434 823 529 865 igitur
545 823 681 864 quelibet
697 823 845 853 entitas.''

142 875 247 906 Desin.
263 875 315 905 lib.
332 875 351 906 i.
368 880 385 892 “
399 875 478 906 libro
498 875 722 906 sententiarum
743 885 862 915 semper
879 874 918 905 sit

108 927 186 958 'laus
201 926 269 957 Deo
285 926 519 967 omnipotentis*

142 979 239 1020 Incip.
256 978 308 1008 lib.
325 978 366 1013 ii„
387 978 474 1019 cujus
497 978 610 1020 pagina
632 979 731 1019 prima
752 977 850 1009 nitide
871 989 919 1008 or—

122 1035 197 1061 nata
219 1034 251 1060 et
271 1029 355 1071 picta
377 1034 434 1063 est.
458 1036 475 1046 *⁴
487 1030 578 1061 Circa
601 1030 769 1060 secundum
791 1029 919 1060 Senten-

121 1082 246 1118 tiarum,
262 1081 315 1111 ubi
330 1081 507 1122 magisterf'

144 1133 241 1174 Incip.
254 1133 305 1164 lib.
318 1133 370 1170 iii„
382 1133 490 1164 itidem
504 1133 534 1163 in
550 1133 638 1164 initio
651 1142 790 1169 ornatus,
804 1138 820 1149 “
830 1132 920 1164 Circa

123 1184 306 1226 principium
318 1184 403 1215 tertii
416 1184 485 1215 libri
500 1185 742 1220 Sententiarum,
754 1189 920 1225 postquam

123 1236 271 1277 magister
286 1236 317 1266 in
332 1236 411 1266 libro
427 1236 633 1278 precedenti.qq

144 1287 251 1318 Desin.
267 1292 287 1305 “
300 1299 338 1318 ex
358 1299 418 1329 quo
438 1288 535 1319 reddo
552 1288 766 1329 Omnipotenti
784 1288 851 1318 Deo
870 1288 919 1318 de-

121 1339 204 1370 bitas
225 1339 353 1380 gratias,
377 1339 464 1381 cujus
487 1351 598 1370 nomen
621 1339 661 1370 sit
685 1350 805 1380 semper
827 1339 918 1370 bene-

123 1391 239 1421 dictum
255 1391 286 1421 in
303 1391 406 1422 secula
422 1391 605 1427 seculorum,
622 1391 756 1421 Amen.”

420 1480 539 1514 LVII.

43 1543 339 1583 Membmmceus,
360 1544 393 1576 in
416 1543 508 1581 folio,
527 1543 561 1577 ff.
578 1545 660 1584 348,
679 1555 745 1577 sec.
764 1545 831 1577 xiv.
850 1545 922 1577 ine-

66 1602 165 1641 untis,
200 1601 289 1635 binis
324 1601 493 1635 columnis
529 1607 711 1641 exaratum

66 1660 217 1703 ejusdem
239 1659 424 1693 willelmi.

753 1614 795 1635 cx
832 1603 921 1635 dono

84 1720 230 1751 Richardi
247 1720 395 1751 Fishacre
416 1731 508 1761 super
528 1720 623 1751 libros
643 1725 779 1762 quatuor
795 1722 922 1752 Senten-

104 1772 218 1802 tiarum
234 1771 484 1802 commentarius.

147 1822 242 1864 Incip.
261 1828 278 1839 *⁸
292 1823 380 1853 Rom.
397 1822 426 1852 ii.
455 1822 481 1853 O
501 1823 636 1853 altitudo
656 1823 846 1857 diviciarum,
864 1828 923 1854 ete.

128 1873 261 1904 Constat
281 1885 342 1904 non
361 1878 408 1904 est
429 1885 538 1914 parum
559 1874 749 1905 admirabilis
772 1875 823 1906 illa
844 1875 923 1916 sapi-

127 1925 241 1956 entia.”

149 1976 253 2007 Desin.
268 1981 285 1993 ⁴*
297 1988 498 2017 quaecumque
512 1977 574 2007 (lixi
592 1977 621 2007 in
638 1977 697 2008 hiis
709 1978 747 2008 de
760 1982 814 2008 tuo
830 1989 924 2019 agno-

128 2032 215 2058 scant
230 2032 262 2058 et
277 2027 335 2065 tui,
347 2027 372 2058 si
385 2039 446 2068 qua
459 2028 496 2058 de
514 2038 581 2058 meo
597 2032 629 2059 et
646 2032 680 2059 tu
696 2040 844 2070 cognosce
861 2029 925 2065 tni;

129 2080 239 2110 Amen.
264 2080 373 2110 Amen.
399 2080 534 2110 Amen.'’

414 2174 555 2207 LVIII.

49 2235 344 2275 Membranaceus,
369 2237 403 2268 111
429 2235 521 2271 folio,
540 2235 574 2268 ff.
594 2237 676 2275 257,
701 2248 767 2270 sec.
787 2249 853 2276 xv„
876 2238 926 2269 ni-

72 2294 142 2327 tide
160 2298 340 2333 exaratus;
367 2305 411 2327 ex
430 2294 520 2327 dono
539 2294 694 2338 ejusdem
713 2294 893 2328 Willelmi.

91 2354 118 2384 l.
135 2353 233 2384 Index
250 2353 488 2395 Alphabeticus‚
511 2354 573 2384 sive
590 2353 710 2384 Tabula
731 2354 926 2385 Concordnn-

151 2405 276 2442 tiarum,
297 2416 389 2446 super
404 2409 504 2435 totam
522 2405 681 2435 Summam
698 2405 836 2441 Thomae,
853 2417 927 2446 qna-

151 2462 223 2487 tuor
239 2456 362 2497 Scripta
378 2462 409 2486 et
425 2461 534 2486 contra
551 2456 700 2487 Gentiles.
724 2457 777 2486 fol.
793 2466 819 2486 2⁷..

194 2507 290 2548 Incip.
313 2515 330 2524 *²
343 2507 392 2537 De
413 2507 617 2543 abstinencia,
638 2507 773 2537 secunda
795 2508 927 2538 secunde

174 2559 333 2599 questione
357 2560 410 2596 146
428 2558 484 2588 sub
500 2558 620 2588 (luobus
636 2558 804 2588 articulis?

196 2610 233 2639 In
249 2609 341 2645 calce,
358 2615 375 2626 ‘·
391 2608 573 2649 Expliriunt
593 2609 815 2639 concordancie
835 2620 928 2651 snper

174 2666 273 2692 totam
292 2661 449 2691 Summam
467 2660 595 2696 Thome,
612 2665 747 2699 quatuor
763 2660 877 2701 scripta
897 2666 927 2691 et

175 2716 283 2742 contra
298 2711 465 2742 Gentiles?

93 2764 120 2792 2.
137 2763 296 2804 Excerpta
313 2762 418 2793 fratris
434 2762 589 2792 Bertrami
606 2762 643 2793 de
659 2762 757 2792 Alens
772 2763 825 2803 [an
842 2763 929 2794 Fizw

1073 241 1148 281 lani]
1168 253 1259 282 super
1278 252 1311 282 15
1329 242 1525 282 quodlibetis,
1543 243 1641 283 prima
1661 247 1693 273 et
1711 243 1844 273 secunda

1075 297 1163 333 parte
1193 294 1316 323 Summe
1348 293 1475 324 chrici
1505 295 1542 324 ‹le
1567 294 1717 324 Gandavo
1746 300 1775 324 et
1808 305 1843 324 10

1075 344 1260 384 quodlibetis
1276 345 1417 375 (joslfridi
1436 349 1467 376 et
1486 345 1585 375 tribus
1601 345 1722 382 Jacobi,
1738 346 1843 375 ordine

1073 396 1267 436 alphabetico
1283 397 1441 437 disposita.
1467 397 1515 427 fol.
1532 406 1581 436 71.

1120 446 1213 487 lncip.
1232 451 1248 463 *⁴
1260 447 1386 481 Abbas;
1413 448 1526 478 Utrum
1543 447 1701 487 religiosus
1722 447 1843 477 institu-

1096 502 1147 527 tus
1163 498 1192 527 in
1209 498 1293 528 curia
1310 498 1376 539 plus
1392 499 1503 529 ‹le—beat
1516 498 1640 528 obedire
1656 498 1798 539 episcopo
1814 498 1843 527 in

1097 549 1282 578 remanendo
1299 549 1328 578 in
1343 549 1460 579 curia.’'

1119 599 1224 629 Desin.
1243 600 1299 629 sub
1311 611 1383 630 voce
1397 604 1404 617 ⁶
1417 601 1559 639 YmagoJ
1571 606 1590 617 ‘⁶
1603 611 1671 630 cum
1688 600 1845 641 presencia

1098 650 1295 681 fantasmatis
1311 651 1474 681 includitur
1491 651 1521 681 in
1538 652 1659 682 racione
1674 651 1844 692 pa1·cntis.”

1121 701 1156 731 ln
1169 701 1262 737 calce,
1274 706 1293 718 “
1306 701 1482 742 Expliciunt
1495 707 1640 743 excerpta
1655 702 1759 733 fratris
1773 702 1845 732 Ber-

1098 753 1190 783 trami
1207 753 1244 782 (le
1262 752 1372 782 Alen.”
1388 758 1445 783 etc.
1463 758 1497 783 ut
1513 765 1611 794 snpra.

1121 804 1267 845 Sequitur
1282 804 1373 834 index
1389 815 1495 834 vocum
1511 805 1730 844 alphabeticus

971 961 1091 994 Codex
1118 961 1410 998 membranaceus,
1438 961 1471 993 in
1503 961 1592 997 folio,
1621 961 1653 994 ff.
1673 964 1754 1001 231,
1781 974 1845 995 sec.

996 1020 1066 1052 xiv.
1092 1020 1253 1058 ineuntis,
1280 1019 1369 1052 binis
1400 1018 1568 1052 columnis
1596 1025 1773 1059 exaratum
1805 1032 1847 1052 cx

996 1078 1086 1111 dono
1105 1077 1258 1121 ejusdem
1279 1076 1462 1109 Willohni.

1015 1143 1044 1173 S.
1059 1143 1185 1173 Thomae
1202 1142 1371 1183 Aquinatis
1395 1146 1504 1172 contra
1524 1141 1664 1172 Gentiles
1686 1142 1754 1172 libri
1776 1154 1849 1183 qua-

1035 1199 1116 1230 tuor,
1133 1194 1247 1225 tabulis
1265 1198 1333 1224 tum
1349 1194 1553 1234 quaestionum
1569 1198 1635 1224 tum
1651 1194 1849 1224 materiarum

1036 1246 1190 1276 instructi.

1080 1297 1177 1337 Incip.
1193 1297 1257 1327 tab
1276 1301 1294 1314 ‘⁶
1306 1296 1507 1329 Accidentitu
1530 1296 1713 1326 Accidentia
1729 1306 1788 1325 non
1804 1306 1850 1325 ea-

1057 1349 1136 1379 dunt
1153 1348 1183 1378 in
1200 1347 1268 1378 Deo
1284 1348 1362 1378 libro
1378 1348 1395 1378 i.
1413 1358 1478 1388 cap.
1494 1347 1564 1387 233⁵

1080 1400 1116 1429 111
1136 1400 1219 1429 calce
1238 1399 1288 1429 lib.
1307 1399 1354 1434 iv„
1373 1404 1391 1415 ‘⁶
1404 1398 1540 1439 Explicit
1563 1398 1725 1439 explicent,
1749 1398 1852 1428 ludere

1058 1450 1191 1491 scriptor
1214 1450 1295 1480 eat.''

1372 1531 1440 1564 LX

976 1595 1276 1632 BIembranacens„
1295 1595 1328 1626 in
1352 1594 1445 1631 folin,
1463 1593 1496 1626 ff.
1514 1596 1592 1628 123.
1612 1606 1677 1627 sec.
1697 1594 1763 1626 xiv.
1783 1594 1854 1626 ine-

998 1655 1101 1691 untis,
1136 1654 1225 1687 binis
1260 1652 1429 1686 columnis
1465 1657 1645 1686 exaratus:
1686 1663 1729 1684 ex
1764 1652 1852 1683 dono

999 1710 1152 1754 ejusdem
1174 1709 1356 1743 willelmi.

1019 1771 1105 1801 Petri
1126 1770 1300 1801 Tarentasii
1324 1782 1416 1811 super
1437 1770 1570 1811 primum
1594 1769 1704 1799 librum
1727 1768 1853 1798 Senten-

1038 1821 1152 1852 tiarum
1178 1821 1437 1855 com1nentarius;
1467 1832 1535 1851 cum
1558 1820 1675 1855 tabula,
1699 1830 1789 1849 manu
1813 1830 1854 1848 sc-

1038 1872 1147 1909 czmda,
1164 1872 1331 1913 praemissa.

1082 1922 1178 1963 Incip.
1198 1932 1215 1939 ⁵*
1230 1923 1384 1963 Numquid
1404 1922 1485 1952 nosti
1501 1922 1648 1957 ordint-111,
1662 1926 1718 1951 etc.
1748 1920 1853 1949 Verba

1060 1974 1120 2004 ista
1136 1978 1208 2004 sunt
1225 1974 1347 2004 Domini
1363 1974 1403 2004 ad
1420 1974 1545 2004 beatum
1560 1973 1581 2002 J
1585 1973 1651 2002 obs*

1082 2025 1187 2056 Desiu.
1213 2029 1404 2066 “prestante
1428 2024 1535 2054 eodem
1556 2024 1772 2064 Redemptore,
1795 2022 1853 2060 Qui

1061 2081 1108 2106 est
1124 2076 1304 2106 benedictus
1320 2076 1350 2105 in
1366 2076 1468 2106 secula
1484 2075 1672 2109 seculorum3
1697 2073 1825 2103 Amen?

1084 2127 1121 2156 In
1142 2127 1235 2163 calce,
1254 2132 1271 2143 ⁴*
1286 2126 1421 2167 Explicit
1445 2125 1560 2166 primus
1584 2125 1659 2155 liber
1681 2124 1851 2154 Sententia-

1061 2177 1157 2206 rum.u

1086 2227 1120 2257 ln
1148 2227 1235 2258 initio
1260 2232 1291 2257 et
1318 2227 1377 2257 fine
1408 2227 1536 2257 inseruit
1564 2226 1752 2266 bibliopegus
1782 2224 1852 2253 folia

1062 2289 1160 2319 pauca
1181 2279 1357 2318 rejectanea
1374 2278 1510 2308 Missalis
1526 2278 1684 2318 cujusdam
1704 2278 1851 2316 fragmen-

1062 2334 1128 2360 tum
1145 2329 1332 2366 exhibentia,
1351 2329 1432 2359 notis
1448 2328 1642 2359 musicalibus
1658 2327 1849 2356 instructum.

979 2484 1278 2523 Membranaceus,
1298 2485 1331 2517 111
1356 2484 1446 2519 folio,
1469 2484 1498 2515 ff.
1516 2485 1593 2515 3:50.
1614 2493 1677 2513 sec.
1696 2481 1762 2512 xiv.
1782 2480 1851 2512 ine-

1003 2543 1106 2581 untis,
1142 2543 1229 2575 binis
1265 2542 1432 2575 columnis
1467 2545 1645 2573 exaratus:
1685 2549 1727 2569 cx
1763 2537 1851 2569 dono

1003 2600 1168 2644 ejusdem.

1024 2661 1108 2690 Petri
1126 2660 1300 2690 'l'nrentasii
1322 2669 1413 2699 super
1431 2662 1494 2687 tros
1515 2655 1643 2695 reliquos
1665 2654 1757 2683 libros
1780 2653 1852 2683 Sen-

1043 2711 1212 2742 tentiarum
1225 2708 1443 2740 commentarii.
1458 2718 1525 2737 cnm
1540 2706 1636 2736 titulis
1650 2704 1853 2745 qiucstionnm

1043 2773 1132 2792 mmm
1148 2761 1272 2792 secunda
1289 2759 1445 2801 suppletis.
