2254 3117
675 159 913 195 COLLEGII
942 157 983 191 M
990 158 1156 193 ΕΚΤΟΝ
1164 160 1317 195 ENSIS.
1855 164 1897 198 61

103 265 133 294 5.
151 261 182 293 S.
198 259 370 302 Augustini
394 259 472 290 liber
494 259 533 290 de
555 269 629 289 vera
652 257 841 294 innocentia,
863 257 966 298 potius

167 312 313 354 Prosperi
329 314 474 342 extracta
489 321 527 341 ex
543 309 687 351 operibus
702 309 840 350 ejusdem
855 308 964 338 sancti.

166 363 216 394 fol.
230 363 281 401 64.

210 414 328 445 Exstat
343 414 426 444 inter
440 423 546 454 opera,
562 416 638 442 tom.
651 422 680 442 x.
700 412 783 452 App.
799 411 854 441 col.
871 420 941 452 223.

210 465 249 496 In
265 465 359 501 00100,
371 469 391 482 “
405 463 543 505 Explicit
559 463 636 493 liber
653 462 823 502 Augustini
839 463 877 492 de
893 473 966 492 vera

187 516 370 547 innocencia
384 515 432 546 vel
448 514 595 556 Prosperi
611 513 766 544 sententie
783 513 910 544 collecte
926 513 966 544 ab

188 567 367 609 Augustino
383 565 554 607 expliciunt
570 565 652 607 quod
668 565 750 595 idem
766 569 814 595 est
829 564 934 595 liberf'

101 631 131 664 6.
147 631 275 662 Ricardi
292 631 330 661 de
344 630 376 661 S.
387 630 518 661 Victore
530 629 608 660 liber
620 628 658 660 (10
674 632 833 670 potestate
849 629 965 670 ligandi

164 685 197 713 et
213 681 359 712 solvendi.
382 681 433 711 fol.
448 689 497 720 77.

208 733 324 763 Exstat
339 732 479 773 impress.
494 731 576 762 inter
592 742 697 771 opera,
711 731 859 762 Rothom.
876 732 965 773 1650,

187 794 216 825 p.
228 783 302 824 328.

102 849 129 881 ’7.
146 848 295 889 Ejusdem
307 846 427 878 libellus
443 846 481 877 de
497 846 609 887 spiritu
622 846 833 888 blasphemiae.
851 847 871 877 s.
883 848 921 888 83
936 847 965 878 b.

206 899 323 929 Exstat
338 898 411 928 ibid.
428 909 456 939 p.
469 899 544 939 346.

100 966 132 994 8.
149 962 298 1004 Ejusdem
313 961 433 992 libellus
449 961 487 991 de
500 964 658 1002 potestate
670 959 846 1002 judiciaria.
871 960 891 991 f.
906 961 955 991 86.

208 1013 290 1044 Ibid.
307 1024 336 1054 p.
351 1022 423 1054 342.

101 1079 130 1112 9.
147 1077 178 1108 S.
190 1077 318 1107 Thomae
336 1076 505 1118 Aquinatis
523 1075 676 1117 expositio
694 1075 824 1117 symboli
841 1082 966 1118 aposto-

163 1128 222 1160 lici.
246 1128 297 1159 fol.
313 1138 362 1169 90.

208 1180 326 1211 Exstat
343 1180 426 1211 inter
440 1179 597 1221 opuscula,
614 1190 643 1221 p.
661 1189 672 1209 1
683 1189 730 1217 14.

207 1232 244 1262 In
260 1231 351 1268 calce,
364 1236 382 1248 ‘⁶
393 1231 530 1272 Explicit
544 1230 697 1272 expositio
713 1231 842 1272 symboli
860 1231 967 1262 fratris

185 1281 340 1312 Thome.”

79 1346 128 1378 10.
144 1345 271 1377 Ricardi
287 1345 326 1376 de
342 1344 372 1376 S.
388 1344 517 1375 Victore
539 1345 576 1375 de
593 1344 624 1376 S.
639 1344 795 1376 Trinitate
811 1345 882 1376 libri
899 1357 964 1377 sex.

164 1397 216 1428 fol.
234 1406 302 1427 101.

207 1449 348 1479 Exstant
363 1447 447 1478 inter
462 1458 566 1488 opera,
584 1459 612 1488 p.
629 1448 699 1479 216.

207 1499 246 1530 In
262 1499 354 1537 00100,
367 1503 385 1516 “
397 1498 536 1540 Explicit
549 1498 704 1529 Ricardus
717 1499 755 1529 de
769 1498 800 1530 S.
809 1499 967 1530 Victore.''

82 1663 131 1693 11.
150 1661 313 1704 [Hugonis
337 1661 376 1692 de
402 1660 434 1692 S.
448 1661 595 1702 Victore]
620 1660 852 1691 Annotationes
878 1661 969 1692 cluci-

163 1713 292 1744 datoriae
319 1712 541 1754 allogoriarum
566 1712 599 1742 in
622 1712 859 1743 Testamentum
881 1719 969 1745 vetus

165 1769 197 1796 et
212 1765 243 1795 in
260 1770 395 1806 quatuor
411 1764 589 1805 evangelia;
615 1775 685 1794 cum
701 1764 839 1806 prologo.
865 1766 884 1795 f.
901 1775 967 1806 127.

206 1816 270 1847 Tit.
285 1824 302 1833 ‘⁸
316 1816 475 1857 Incipiunt
491 1815 637 1857 allegorie
654 1827 681 1845 v.
698 1816 847 1846 librorum
865 1817 969 1858 Moysi

186 1868 224 1899 de
240 1868 337 1899 veteri
354 1868 586 1899 Testamento.”

211 1919 310 1960 Incip.
322 1919 400 1961 prol.
412 1924 430 1936 ‘⁴
445 1920 483 1949 In
499 1919 736 1960 precedentibus
752 1920 903 1961 premissa
919 1921 969 1952 de-

189 1971 360 2012 scripcione
376 1971 503 2012 originis
519 1971 565 2001 vel
582 1971 812 2002 discrecionis.''

210 2022 347 2053 Exstant
363 2022 445 2053 inter
460 2033 566 2063 opera,
580 2022 680 2053 Paris.
694 2026 771 2053 tom.
784 2022 803 2053 i.
822 2022 872 2053 fol.
892 2033 958 2064 155.

210 2073 247 2104 In
264 2074 358 2111 00100,
377 2078 394 2090 “
408 2073 591 2115 Expliciunt
614 2073 760 2114 allegorie
776 2085 802 2104 v.
820 2073 969 2104 librorum

187 2125 293 2167 Moysi
324 2137 393 2157 cum
428 2126 638 2167 descriptione
676 2130 812 2167 quatuor
841 2137 970 2167 evange-

186 2177 327 2208 liorum.”

86 2237 134 2268 12.
151 2237 181 2268 S.
195 2237 366 2279 Augustini
389 2237 459 2268 libri
482 2237 521 2268 de
544 2237 671 2268 civitate
694 2237 754 2268 Dei
770 2237 843 2268 xxii.
859 2237 970 2268 abbre-

167 2288 251 2325 viati,
269 2299 337 2320 cum
353 2288 490 2330 prologo.
513 2288 566 2319 fol.
584 2298 616 2328 17
621 2299 652 2329 5.

211 2339 309 2381 Incip.
326 2339 405 2381 prol.
423 2344 441 2357 ⁴²
454 2340 532 2371 Cum
550 2339 651 2370 Roma
666 2339 834 2380 aliquando
851 2339 971 2370 Gotho-

188 2402 257 2422 rum
273 2391 478 2433 ir1·upcione.”

212 2443 312 2485 Incip.
327 2448 344 2460 ‘⁴
356 2443 407 2474 Ad
424 2443 617 2474 intellectum
630 2453 737 2473 eorum
750 2454 809 2483 que
825 2443 972 2474 dicuntur

190 2494 221 2524 in
237 2494 337 2535 primo
354 2494 491 2536 capitulo
508 2494 570 2524 tria
587 2500 660 2524 sunt
676 2494 844 2524 notanda.”

211 2545 319 2576 Desin.
341 2550 441 2576 “cum
464 2547 559 2576 verba
581 2545 642 2575 fide
666 2545 902 2576 resurrectionis
926 2546 971 2576 fu-

191 2600 262 2628 ture
277 2598 318 2628 ad
334 2601 475 2628 eternam
490 2596 727 2633 beatitudinem,
744 2596 784 2626 ad
803 2607 896 2637 quam
915 2607 972 2627 nos

191 2649 342 2689 perducat
354 2649 384 2683 ;’'
400 2652 460 2679 etc.

215 2699 252 2729 In
268 2699 359 2735 00100,
378 2703 396 2715 “
410 2698 591 2740 Expliciunt
611 2697 861 2729 abbreviationes
876 2699 915 2730 de
930 2699 971 2730 ci-

190 2749 290 2781 vitate
307 2749 368 2781 Dei
384 2749 554 2780 secundum
570 2749 816 2790 Augustinum.”

213 2800 457 2832 Praemittuntur
494 2799 591 2831 codici
628 2800 749 2831 notitiae
787 2805 970 2842 sequentes;

1125 258 1182 296 (0.)
1202 263 1220 275 “
1235 259 1328 290 Hunc
1344 259 1456 290 librum
1474 260 1520 291 M.
1538 260 1713 292 willelmus
1737 261 1822 292 Reod
1846 262 1900 293 110-

1125 309 1193 340 buit
1224 322 1261 340 cx
1291 312 1547 342 accomodacionc
1579 313 1718 353 magistri
1752 314 1901 344 Willolmi

1125 361 1277 402 Lynham,
1295 363 1325 393 in
1342 364 1501 403 quaternis
1517 376 1572 405 pro
1590 366 1774 406 quibusdam
1791 366 1901 396 libellis

1124 423 1200 453 quos
1225 413 1326 444 dictus
1349 414 1394 444 M.
1413 415 1628 456 W.1.ynham
1656 416 1767 447 habuit
1792 428 1828 447 ex
1852 428 1901 447 ac-

1125 464 1343 494 comodacione
1369 465 1413 495 M.
1430 465 1484 496 W.
1513 467 1593 497 Rved
1623 467 1784 507 prrtlictif'
1846 468 1899 507 (b.)

1125 518 1145 531 ‘⁴
1159 513 1253 544 Liber
1273 515 1383 545 (lomus
1403 516 1565 547 scolarium
1584 518 1729 549 Mertono
1746 520 1846 549 Oxou.
1863 530 1900 550 ex

1124 564 1336 605 assignacione
1356 567 1576 607 magistrorum
1596 570 1682 600 Will.
1700 570 1853 610 Lynlianl,
1870 575 1902 600 ct

1124 615 1212 646 Will.
1230 616 1325 653 Rced,
1344 628 1391 658 ep.
1406 617 1619 655 Cicestrensis,
1634 621 1790 661 quondam
1806 622 1903 652 socio-

1124 678 1192 698 rum
1209 668 1319 698 domus
1335 669 1482 709 ejusdem.
1513 671 1617 701 Ori-tis
1633 671 1728 712 igitur
1743 683 1799 713 pro
1815 677 1901 703 utro-

1125 730 1184 761 que
1229 744 1235 750 .
1282 744 1288 750 .
1336 745 1341 750 .
1389 745 1395 751 .
1441 722 1842 765 [1113011111υῢΑιιὲς11511111Γ

1399 815 1530 849 CXLI.

1019 876 1139 910 Codex
1154 877 1449 917 membranaceus,
1462 878 1495 911 in
1512 878 1604 912 folio.
1619 879 1650 912 ff.
1666 879 1745 917 236,
1761 892 1902 920 sec-‚xm

1042 935 1131 969 binis
1166 934 1335 969 columnis
1371 941 1552 975 exaratus;
1596 949 1637 970 ox
1674 937 1788 983 legato
1823 938 1902 973 Joh.

1044 993 1222 1034 Hanham,
1241 992 1319 1026 coll.
1341 993 1447 1027 Mert.
1468 995 1560 1027 socii.

1062 1056 1090 1085 1.
1108 1054 1267 1095 Anonymi
1283 1054 1445 1094 cujusdam
1462 1060 1619 1085 tractatus
1635 1056 1673 1085 de
1689 1056 1760 1093 isto,
1776 1057 1826 1086 An
1842 1057 1904 1087 Do—

1125 1104 1226 1134 minus
1239 1110 1346 1135 noster
1359 1104 1451 1135 Jesus
1465 1105 1608 1136 Christus
1621 1107 1788 1148 assumpsit
1799 1108 1828 1138 in
1839 1119 1905 1149 per-

1125 1168 1202 1187 sona
1225 1157 1328 1187 divina
1351 1157 1507 1188 miseriam
1531 1158 1725 1189 mendicandi
1747 1159 1787 1190 ab
1809 1160 1905 1191 homi-

1126 1209 1225 1239 nibus.
1249 1208 1301 1239 fol.
1318 1218 1344 1239 2.

1170 1259 1267 1300 Incip.
1288 1264 1305 1276 ‘⁶
1324 1259 1460 1289 Volvens
1481 1263 1513 1290 et
1536 1260 1695 1291 revolvens
1711 1266 1906 1292 constantem

1147 1310 1343 1341 devotionem
1358 1311 1591 1352 precedentium
1608 1312 1839 1353 antiquorum.”

1061 1371 1090 1401 2.
1107 1370 1278 1411 Augustini
1295 1370 1460 1410 Triumphi
1477 1370 1514 1401 de
1533 1372 1666 1401 Ancona
1687 1372 1725 1402 de
1749 1375 1905 1412 potestate

1126 1420 1336 1451 ecclesiastica
1367 1420 1496 1451 Summa
1521 1421 1561 1451 ad
1590 1421 1766 1452 Joliannem
1792 1433 1905 1463 papam

1131 1473 1249 1503 XXII.
1274 1473 1326 1503 fol.
1345 1484 1390 1503 10.

1170 1525 1286 1555 Exstat
1302 1524 1441 1565 impress.
1461 1524 1544 1565 Aug.
1560 1523 1655 1555 Vind.
1671 1533 1761 1565 1473,
1776 1529 1808 1555 et
1823 1524 1905 1554 alibi.

1170 1576 1350 1617 Sequuntur
1366 1575 1481 1606 tabulae
1501 1575 1709 1617 quaestionum
1731 1580 1763 1607 et
1785 1576 1907 1607 harmo-

1148 1628 1200 1658 nia
1216 1627 1488 1669 evangelistarum.

1392 1721 1534 1756 CXLII

1021 1784 1243 1823 Chartaeeus,
1263 1785 1297 1817 in
1317 1783 1412 1822 folio,
1432 1784 1464 1817 ff.
1483 1786 1563 1822 131,
1584 1795 1648 1818 sec.
1663 1795 1721 1816 xv.

1065 1845 1223 1886 Anonymi
1249 1844 1411 1885 cujusdam
1441 1855 1518 1885 opus
1548 1844 1586 1874 (10
1616 1855 1710 1874 causa
1741 1843 1906 1884 potestatis

1086 1895 1303 1926 ecclesiasticae
1325 1895 1514 1931 immediata,
1532 1895 1562 1925 111
1584 1895 1772 1936 quaestiones
1787 1895 1906 1925 conclu-

1085 1947 1247 1987 sionesque
1263 1946 1412 1987 plurimas
1428 1946 1620 1981 distinctum,
1638 1957 1759 1976 011110κο
1775 1945 1891 1976 tabula.

1130 1997 1446 2039 Iiicip.“Apostoli1s‚
1458 1998 1547 2028 Rom.
1556 2009 1594 2031 x..
1609 1998 1736 2038 loquens
1748 1998 1785 2028 de
1799 1997 1907 2027 Judeis

1107 2049 1182 2080 (licit
1199 2049 1283 2090 quod
1306 2049 1486 2090 ignorantes
1504 2049 1564 2079 Dei
1584 2049 1741 2090 justiciam
1765 2054 1796 2079 ct
1820 2059 1906 2079 suam

1107 2101 1304 2142 querentes.”

1129 2152 1235 2182 Desin.
1253 2156 1270 2168 ⁴²
1283 2152 1336 2182 sed
1353 2155 1472 2182 certum
1489 2157 1536 2182 est
1552 2152 1634 2192 quod
1651 2151 1905 2182 irrationabiliter

1106 2207 1214 2244 ageret
1231 2209 1262 2234 et
1278 2203 1450 2244 peccaret.''

1130 2255 1268 2286 Inseruit
1291 2255 1485 2297 bibliopegus
1509 2255 1539 2285 in
1567 2255 1655 2286 initio
1682 2258 1714 2285 et
1739 2254 1799 2284 fine
1825 2254 1905 2294 frag-

1106 2312 1213 2338 menta
1234 2308 1377 2348 quaedam
1399 2306 1564 2337 commenti
1589 2307 1628 2336 ad
1648 2306 1700 2346 jus
1724 2305 1903 2335 canonicum

1107 2359 1287 2399 spectantis.

1377 2414 1550 2449 CXLIII.

1024 2477 1327 2518 Membranaceus,
1345 2479 1379 2511 in
1399 2477 1491 2516 folio,
1508 2476 1542 2510 ff.
1558 2477 1638 2515 144,
1654 2486 1719 2508 sec.
1734 2486 1799 2513 xv.⁷
1815 2474 1903 2507 binis

1046 2537 1214 2571 columnis
1233 2542 1406 2571 exaratus.

1065 2598 1093 2628 1.
1111 2598 1239 2628 Thomae
1272 2598 1310 2628 de
1341 2597 1538 2638 Notyngham
1575 2594 1759 2636 quaestiones
1794 2598 1903 2624 contra.

1128 2660 1248 2679 errores
1266 2648 1393 2690 Pelagii,
1417 2648 1467 2678 fol.
1487 2658 1509 2677 1.

1172 2699 1233 2730 Tit.
1247 2703 1264 2716 “
1278 2699 1462 2738 Questiones
1479 2702 1614 2728 tractate
1630 2707 1684 2737 per
1695 2695 1848 2726 Thomam
1865 2695 1902 2725 (le

1149 2749 1356 2791 Notyngham
1371 2773 1447 2780 ......
1464 2747 1671 2779 Oxonicnscm
1686 2745 1903 2777 cancellarium

1154 2826 1230 2833 ......
1250 2802 1332 2832 inter
1347 2811 1466 2832 errores
1484 2798 1630 2839 Pelagii‚”
1642 2801 1699 2828 etc.
