2254 3117
668 147 906 183 COLLEGII
935 148 1256 184 EXONIENSIS.

161 245 366 286 capitulorum
382 246 495 287 passim
518 256 573 287 per
596 245 722 276 bibliam
744 246 883 286 superius
906 246 936 275 in

160 296 234 327 loeis
257 297 318 327 suis
342 297 512 337 positorum
535 301 630 338 atque
653 297 683 327 in
707 297 833 337 singulis
858 308 936 328 mar-

158 347 281 388 ginibus
295 348 487 389 superiorum
503 349 670 379 eorundem
683 349 723 379 ad
739 348 800 379 tale
816 349 936 389 signum

159 398 254 428 trium
270 404 456 439 punctorum
473 410 526 430 seu
542 399 684 429 foliorum
700 399 829 430 ubilibet
845 411 936 441 expo-

159 449 300 486 sitorum,
317 454 348 480 et
365 450 413 480 hic
435 450 464 480 in
488 451 549 481 isto
569 450 737 491 alphabeto
758 454 937 481 notator-um

158 504 252 541 atquc
268 500 471 531 colatorum.'’

181 552 232 582 Ad
249 551 300 582 fol.
318 562 329 582 1
349 552 377 582 b.
402 552 515 593 legitur
537 552 660 589 notitia,
679 558 696 569 ⁵*
709 552 823 583 Caucio
841 552 886 583 M.
903 553 934 583 J.

162 604 284 634 Mereor
308 608 339 634 et
366 604 411 634 M.
432 604 485 634 IV.
510 604 618 635 Masse
639 605 780 645 exposita
804 604 834 634 in
860 605 938 635 cista
966 597 968 650 ἲ

161 654 324 695 IVynton„
341 665 423 685 anno
448 655 574 685 Domini
597 656 830 686 n].cccc.lxxiX.⁰
852 665 870 696 3
889 656 937 686 dic

158 705 271 736 mensis
284 705 516 743 Novembris,et
528 711 575 737 est
588 706 700 742 Biblia,
714 706 803 737 2¹*fol.
816 707 938 737 —cz'onc
966 723 968 726 ·

159 761 190 787 et
206 757 301 788 habet
317 757 378 787 duo
394 757 617 798 supplementa,
632 767 647 789 2
661 757 711 787 fol.
726 758 825 799 primi
840 759 938 789 minus

159 812 191 838 et
209 812 240 838 2⁰
254 808 306 838 fol.
333 809 466 844 secundi,
489 809 568 850 quod
591 813 695 850 siquem
719 814 751 840 et
770 809 857 851 jacet
880 821 936 851 pro

159 858 210 889 liii.
227 870 250 890 s.
267 859 319 900 iiij.
336 860 387 890 d.’‘

391 951 595 985 XXXVII.

56 1014 174 1048 Codex
202 1015 496 1055 membranaceus,
528 1016 561 1048 in
589 1015 681 1055 folio,
706 1015 739 1048 ff.
760 1018 840 1053 224,
868 1028 935 1050 sec,

78 1084 146 1111 xv„
166 1072 255 1106 binis
273 1072 442 1106 columnis
460 1078 630 1107 exaratus.

97 1128 128 1159 S.
147 1129 313 1170 Augustini
350 1129 379 1160 in
412 1129 601 1160 Psalterium
632 1130 833 1171 expositionis
866 1142 938 1171 pars

118 1180 220 1211 tertia.

159 1231 219 1262 Tit.
248 1236 265 1248 ‘⁶
288 1231 408 1262 Aurelii
439 1232 620 1273 Augustini,
651 1233 765 1274 egregii
793 1234 936 1271 oratoris,

137 1286 293 1316 tractatus
309 1283 393 1324 prior
410 1283 448 1313 de
465 1283 585 1324 psalmo
601 1283 770 1314 centesimo
785 1285 915 1326 primos*

160 1334 256 1376 Incip.
281 1339 298 1352 ‘⁵
316 1335 397 1366 Ecce
420 1347 499 1366 unus
533 1347 652 1378 pauper
676 1337 775 1373 orat?
798 1341 833 1368 ut
856 1337 938 1368 inter

137 1396 206 1427 opp.
223 1389 298 1417 tom.
312 1386 352 1417 iv.
368 1387 424 1417 col.
443 1397 530 1427 1092.

160 1437 197 1467 In
209 1438 301 1475 calce,
315 1443 334 1456 ‘⁶
349 1438 485 1480 Explicit
501 1439 621 1470 Aurelii
634 1439 804 1481 Augustini
820 1439 936 1481 episco-

138 1489 168 1529 pi
185 1493 339 1520 tractatus
355 1490 393 1521 de
409 1490 527 1530 psalmo
544 1490 599 1521 cl?

381 1592 610 1627 XXXVIII.

57 1654 350 1695 Membranaceus,
378 1656 412 1689 in
436 1655 529 1695 folio,
557 1656 590 1690 ff.
612 1658 692 1696 189,
711 1668 777 1690 sec.
796 1657 868 1690 xiii.
887 1658 937 1690 in—

79 1713 202 1752 euntis,
220 1712 308 1746 binis
326 1713 495 1747 columnis
513 1714 622 1748 nitide
641 1719 811 1748 exaratus.

98 1771 129 1802 S.
142 1772 319 1813 Augustini,
335 1783 382 1813 ep.
401 1773 622 1815 Hipponensis.
640 1775 794 1815 expositio
806 1775 836 1805 in
850 1775 935 1806 Psal-

117 1833 183 1853 mos
197 1823 314 1864 priores
331 1823 575 1866 quinquaginta;
601 1825 690 1856 initio
706 1826 806 1856 mutil.

159 1873 257 1915 Incip.
274 1873 314 1904 ab
332 1874 421 1905 initio
444 1886 488 1916 ps.
506 1874 535 1904 ii.
559 1879 595 1905 ut
617 1875 648 1905 in
673 1875 747 1906 edit.
772 1875 933 1906 Benedict.

137 1929 211 1955 tom.
228 1925 264 1955 iv.
282 1925 338 1956 col.
355 1937 384 1963 4.

160 1975 313 2008 Praecedit
328 1977 436 2008 tabula
451 1977 659 2018 alphabetica,
673 1989 741 2019 quae
757 1977 862 2009 deficit
879 1979 935 2009 sub
965 1993 967 2000 ν

138 2038 211 2058 voce
226 2031 234 2044 ⁶
249 2027 416 2059 Tristicia.'

403 2122 586 2156 XXXIX.

56 2181 353 2225 hlembranaeeus,
381 2185 416 2218 in
440 2184 532 2222 folio,
552 2185 586 2218 ff.
602 2186 684 2224 257,
703 2196 769 2218 sec.
785 2185 867 2224 xiv„
887 2185 936 2218 bi-

79 2243 130 2275 nis
154 2241 321 2276 columnis
353 2246 533 2281 exaratus;
562 2241 645 2275 olim
673 2242 850 2286 cujusdam
877 2243 935 2286 qui

80 2299 237 2342 portabat
265 2300 300 2333 in
324 2305 422 2334 scuto
448 2299 594 2333 caeruleo
621 2299 684 2333 sub
709 2311 809 2333 cmce
833 2311 936 2334 aurea

80 2356 195 2390 leones
209 2362 356 2402 quatuor
373 2363 555 2403 argenteos
574 2369 726 2401 auroque
745 2362 934 2391 coronatos.

98 2414 222 2446 Thomae
244 2416 431 2454 Guallensis,
447 2417 510 2447 sive
527 2416 680 2457 W'alleys,
695 2417 936 2447 commentarius

117 2466 149 2496 in
164 2467 241 2497 duos
264 2472 431 2498 nocturnos
452 2467 648 2498 Psalmorum
671 2467 733 2497 sive
748 2467 778 2497 in
795 2467 936 2498 Psalmos

117 2518 241 2548 xxxviii.
258 2519 388 2560 priores,
405 2529 473 2549 cum
490 2518 681 2559 praefatione.

159 2569 257 2610 Incip.
274 2569 359 2610 praef.
376 2574 395 2586 ‘⁵
412 2569 529 2599 Beatus
545 2569 597 2610 qui
613 2569 750 2600 custodit
766 2569 846 2600 viam
857 2570 884 2606 ;”
900 2574 936 2601 ut

138 2618 169 2649 in
185 2620 259 2651 edit.
280 2620 392 2650 Venet.
410 2621 497 2650 1611.
878 2656 881 2657 ⁷

182 2671 219 2701 In
235 2671 317 2702 calce
333 2675 379 2702 est
396 2671 505 2701 tabula
520 2681 612 2711 super
627 2681 704 2712 opus
727 2670 934 2712 alphabetica‚

139 2732 207 2752 cum
222 2722 359 2763 prologo,
377 2721 468 2762 incip.
487 2726 504 2738 ‘⁶
519 2721 561 2752 ad
584 2721 772 2752 evidenciam
796 2726 828 2752 et
848 2722 936 2753 intel-

137 2772 251 2804 lectum
275 2772 452 2803 habendum
482 2772 639 2813 sequentis
666 2772 780 2810 tabule,
806 2783 865 2814 que
888 2778 936 2804 est

1822 156 1864 187 15

1073 256 1164 286 super
1176 248 1367 288 expositione
1380 248 1485 279 morali
1503 249 1631 279 duorum
1648 253 1866 280 nocturnorum

1075 296 1248 327 l’saltol·ii.”

1098 348 1131 378 ln
1157 350 1208 379 fol.
1232 361 1241 380 1
1268 351 1297 380 b.
1324 356 1461 388 notatur,
1488 355 1505 368 ·‘
1526 352 1667 382 I'recium
1688 351 1775 382 istius
1800 351 1867 381 libri

965 397 968 451 ¹
1074 399 1112 428 xl.
1131 402 1175 429 s.''

1391 483 1469 516 XL.

966 455 968 581 i
989 548 1108 582 Codex
1125 550 1416 587 1nembranacous.
1437 553 1469 585 in
1485 553 1577 592 folio,
1597 553 1631 586 ff.
1645 551 1702 593 96,
1716 565 1782 586 sec.
1797 554 1866 592 xii.,

1013 606 1101 640 binis
1121 607 1290 642 columnis
1308 609 1415 642 nitide
1434 616 1601 643 exaratus

1031 666 1212 708 &Gregorii
1237 678 1322 709 papae
1340 668 1367 698 I.
1390 674 1592 710 cognomento
1610 670 1729 711 Magni,
1746 670 1777 699 in
1794 670 1868 700 Eze-

1052 717 1180 748 chielem
1196 719 1380 759 prophetam
1394 731 1547 750 sermones
1561 720 1631 751 xxii.
1648 721 1676 750 in
1690 726 1794 762 partes
1806 721 1868 751 ‹luo

1051 769 1200 807 distincti,
1229 771 1343 811 przevia
1369 771 1550 812 praefatione
1575 773 1614 802 ad
1643 772 1867 803 Maximianum

1050 821 1237 862 episcopum.

1094 872 1156 903 Tit.
1175 879 1192 889 ⁵*
1210 872 1324 914 Incipit
1347 873 1424 903 liber
1448 873 1564 914 primus
1587 874 1761 904 omeliarum
1784 874 1865 904 beati

1073 924 1214 965 Gregorii
1230 935 1310 965 pape
1325 924 1410 954 urbis
1427 924 1524 954 Rome
1539 924 1570 954 in
1594 924 1723 964 primam
1747 929 1866 965 partem

1073 974 1241 1005 Ezechielis
1273 975 1433 1016 prophete,
1457 987 1515 1016 que
1543 979 1615 1005 sunt
1642 986 1767 1005 numero
1794 976 1866 1005 (luo-

1073 1026 1201 1057 (lecim.’“

1095 1077 1233 1108 Exstant
1245 1077 1383 1118 impress.
1397 1078 1478 1108 inter
1494 1089 1587 1118 opera
1603 1078 1651 1107 ed.
1666 1078 1778 1108 Bened.
1792 1083 1866 1108 tom.

1074 1128 1091 1158 i.
1109 1128 1164 1159 col.
1186 1138 1241 1168 117
1246 1139 1275 1170 3.

1096 1179 1133 1209 In
1155 1179 1247 1217 calce,
1272 1184 1290 1196 ⁴²
1307 1179 1446 1220 Explicit
1469 1179 1647 1210 omeliarum
1671 1179 1747 1209 liber
1769 1179 1866 1209 sancti

1074 1231 1215 1271 Gregorii
1232 1242 1311 1272 pape
1327 1231 1412 1262 urbis
1434 1231 1532 1261 Rome
1553 1230 1583 1260 in
1606 1235 1775 1261 extremam
1797 1241 1865 1270 par-

1075 1284 1137 1310 tem
1169 1281 1338 1311 Ezechielis
1368 1281 1518 1323 prophete
1548 1292 1606 1322 que
1640 1285 1711 1311 sunt
1741 1291 1866 1311 numero

1074 1332 1209 1362 decem.u

1381 1422 1480 1456 XLI.

991 1483 1289 1523 Mfflnbranaceus,
1317 1485 1350 1518 in
1378 1485 1471 1525 folio,
1500 1484 1532 1518 ff.
1552 1487 1633 1523 219,
1649 1495 1715 1517 sec.
1735 1495 1790 1517 xv.
1820 1485 1869 1517 in·

1014 1543 1137 1576 euntis.

966 1599 967 1645 i
1033 1603 1060 1632 1.
1081 1602 1249 1643 [Johannis
1272 1603 1310 1633 de
1335 1603 1453 1644 Burgo]
1494 1602 1586 1633 Liber
1610 1602 1720 1639 dictus,
1747 1603 1869 1644 Pupilla

1095 1653 1183 1689 oculi,
1200 1653 1231 1683 in
1247 1658 1353 1694 partes
1369 1654 1475 1684 decem
1494 1653 1675 1689 distinctus3
1701 1653 1789 1684 initio
1805 1664 1867 1683 mu-

1094 1705 1138 1735 til.
1163 1704 1214 1734 fol.
1231 1715 1257 1734 l.

1137 1755 1234 1795 Incip.
1253 1767 1272 1786 a
1283 1756 1395 1793 verbis,
1408 1767 1513 1787 versus
1525 1756 1616 1786 finem
1630 1756 1727 1797 partis
1743 1767 1767 1791 1,
1786 1767 1802 1772 ··
1815 1757 1867 1786 sed

1115 1807 1226 1838 relacio
1242 1807 1369 1843 ordinis,
1384 1808 1424 1838 ad
1441 1818 1528 1838 aram
1545 1807 1758 1838 sacramentis*

965 1861 967 1890 i
1136 1858 1241 1889 Desin.
1260 1864 1277 1875 ⁴*
1290 1859 1346 1889 sub
1361 1859 1479 1890 decimo
1498 1870 1625 1889 numero
1648 1859 1784 1900 parcium
1808 1864 1866 1889 ter-

965 1905 967 1954 [
1113 1909 1277 1940 1ni11atur.”

1135 1962 1281 2002 Sequitur
1302 1961 1394 1991 index
1416 1962 1640 2003 alphabeticus,
1662 1962 1752 2002 incip.
1771 1968 1787 1977 *⁵
1804 1961 1867 1991 Ab-

1113 2013 1179 2050 bas,
1208 2013 1281 2054 quid
1311 2013 1337 2043 si
1361 2013 1439 2043 sciat
1466 2025 1520 2053 per
1550 2013 1770 2043 confessionem
1797 2013 1865 2042 sub-

1114 2064 1171 2094 diti
1187 2064 1264 2094 suis*

1134 2114 1172 2144 In
1188 2113 1282 2151 calce,
1299 2117 1317 2131 ‘⁸
1332 2113 1469 2155 Explicit
1485 2114 1592 2145 tabula
1608 2125 1700 2154 super
1720 2113 1865 2155 pupillam

1113 2164 1202 2201 oculi,
1219 2164 1289 2195 Deo
1304 2165 1440 2206 gratias;
1464 2165 1595 2195 Amen.''

1029 2216 1057 2244 2.
1082 2214 1349 2245 Constitutionum
1386 2215 1525 2245 collectio
1557 2215 1791 2245 provincialium
1825 2215 1864 2244 ab

1092 2265 1331 2307 archiepiscopis
1374 2266 1648 2297 Cantuariensibus
1692 2266 1842 2296 editarum
1858 2278 1864 2299 ;

1092 2317 1218 2354 scilicet,

1050 2380 1078 2400 a.
1096 2369 1246 2410 Stephani
1264 2369 1407 2410 Langton
1423 2380 1505 2399 anno
1526 2378 1601 2398 1222
1615 2368 1695 2408 apud
1713 2367 1863 2397 Oxoniam

1112 2420 1213 2451 editae.
1237 2420 1287 2451 fol.
1303 2430 1370 2461 173.

1155 2471 1193 2501 In
1209 2471 1283 2502 edit.
1299 2471 1444 2501 Wilkins.
1462 2476 1535 2501 tom.
1550 2470 1568 2500 i.
1586 2481 1615 2510 p.
1628 2470 1699 2509 585.

1050 2523 1079 2553 b.
1096 2522 1258 2559 Bonifacii‚
1276 2533 1356 2553 anno
1376 2531 1454 2562 1259
1473 2522 1555 2562 apud
1573 2519 1787 2550 Lambetham.
1812 2519 1862 2548 sol.

1116 2574 1174 2613 176
1191 2573 1220 2603 b.

1155 2623 1234 2654 Ibid.
1252 2627 1327 2654 tom.
1344 2623 1362 2652 i.
1380 2634 1408 2663 p.
1424 2623 1492 2661 746.

1049 2684 1074 2704 o.
1093 2673 1245 2704 Johannis
1269 2672 1435 2708 Peckham,
1456 2682 1535 2701 anno
1555 2680 1632 2709 1279
1655 2670 1737 2710 apud
1763 2670 1862 2700 Read-

1113 2724 1174 2766 ing.
1197 2724 1246 2754 sol.
1267 2724 1324 2754 180
1341 2723 1370 2753 b.

1154 2774 1235 2805 Ibid.
1251 2778 1326 2805 tom.
1340 2773 1371 2803 ii.
1389 2784 1417 2813 p.
1433 2781 1483 2812 33.
