2254 3117
9 130 12 172 ς
721 137 958 172 common
987 140 1121 176 Novi.
1773 160 1817 189 35

40 234 86 264 10.
103 230 263 272 Expositio
289 230 320 260 in
343 230 490 271 hymnum
514 231 676 269 Simeonis,
702 234 809 265 ‘Nunc
833 235 887 266 Di-

8 280 11 324 ζ
116 281 232 312 mittis?
254 281 304 311 fol.
322 291 376 321 ¹43
390 281 420 311 b.

159 332 253 374 Incip.
280 338 298 347 ‘¹
310 332 385 363 This
406 333 431 363 is
453 334 507 364 the
523 335 616 376 thryd
633 336 749 377 psalmo
765 348 885 379 sungun

134 383 169 414 of
180 387 299 425 prestys
315 394 402 424 a3ens
419 385 482 415 thei
498 397 538 426 go
554 390 587 417 to
604 386 678 417 hore
694 388 823 419 bedde.‘'

36 448 82 477 11.
99 446 136 477 In
150 446 319 487 symbolum
336 446 596 479 Athanasianum.
622 450 671 480 fol.
694 461 761 490 144.

155 497 250 538 Incip.
270 503 288 512 “
302 497 331 528 It
347 497 372 528 is
388 499 479 540 seyde
496 500 638 541 comunly
653 501 723 532 that
739 502 810 533 ther
825 503 883 534 ben

133 548 201 579 thre
216 548 351 589 crcdys.''

153 598 258 629 Desin.
296 605 314 614 '‘
331 610 365 630 as
395 600 493 641 popis,
525 602 698 643 cardynals,
728 603 882 646 bischopis

131 650 276 681 schulden
300 662 385 682 more
412 653 545 694 specialy
572 654 674 685 kunnc
700 655 762 686 this
792 658 881 688 crede

130 701 189 731 and
206 701 294 732 teche
310 701 334 732 it
350 706 383 733 to
400 714 469 733 men
485 705 587 735 undur
603 705 702 736 hemff'

151 751 279 789 Deinde,
298 759 315 768 ¹‘
331 753 485 795 Magister
500 755 662 788 Johanncs
677 757 742 799 Wy
759 783 763 788 .
784 759 808 789 .”

368 847 505 883 XCVI.

10 894 121 928 Codex
147 896 436 937 membranaceus,
457 899 491 932 in
511 901 572 933 4t0
591 902 724 941 minori,
744 902 776 936 ff.
798 903 876 941 156.

31 963 111 986 secc.
141 953 208 987 xiv.
237 960 272 987 et
302 966 382 995 xv.;
415 958 526 1000 quoad
553 964 686 1002 partem
712 962 875 1005 majorem

30 1011 207 1055 rescriptus
241 1017 276 1045 et.
311 1013 573 1059 palimpsestus3
620 1017 701 1051 olim
737 1019 876 1053 Thomae.

29 1068 184 1110 Trilleck‚
202 1071 350 1116 episcopi
371 1072 550 1112 Roffensis,
570 1081 690 1119 postea
709 1077 874 1112 Gulielmi

27 1126 148 1167 Reade,
167 1129 314 1174 episcopi
334 1130 569 1166 Cicestrensis.

46 1197 73 1226 l.
89 1196 252 1228 Tractatus
268 1198 305 1229 de
321 1200 413 1230 modo
430 1201 610 1241 poenitendi.
635 1203 685 1234 fol.
707 1215 728 1234 ι.

144 1248 204 1280 Tit.
230 1250 426 1282 “Tractatus
447 1252 548 1284 brevis
569 1258 600 1285 et
620 1255 718 1287 bonus
734 1257 772 1287 de
788 1258 872 1298 peni-

122 1300 250 1331 tentia.”

143 1351 237 1393 Incip.
267 1358 286 1368 ‘¹
301 1353 350 1384 Ne
377 1355 484 1386 tardes
507 1357 665 1394 converti3
686 1362 743 1389 etc.

0 1323 4 1398 1
791 1359 873 1390 Nota

122 1404 202 1444 quod
228 1404 396 1445 penitentis
419 1407 592 1438 satisfactio
615 1409 708 1440 debet
730 1421 795 1441 esse
816 1411 872 1441 fes-

121 1454 215 1485 tina.''

141 1505 243 1537 Desin.
273 1513 290 1522 “
304 1518 342 1538 ne
369 1508 600 1540 multitudinem
627 1513 871 1544 excommunica-

119 1560 220 1588 torum
237 1559 399 1599 perdant&

142 1607 318 1650 Sequuntur
332 1621 438 1641 versus
454 1615 518 1643 tres
534 1612 624 1654 incip.

81 1662 98 1672 “
110 1657 237 1690 Lumine
253 1660 346 1692 solari
362 1663 469 1704 nequit
486 1664 571 1706 virgo
587 1665 722 1696 violari.”

0 1722 1 1767 l
39 1717 65 1746 2.
83 1716 112 1748 S.
126 1717 349 1752 Bonaventurae
377 1721 620 1764 Breviloquium,
649 1725 712 1755 sive
744 1726 870 1757 Summa

98 1768 135 1799 de
149 1769 207 1801 fide
219 1771 395 1804 Christiana
412 1773 442 1804 in
456 1780 561 1815 partes
577 1780 696 1816 septem
710 1776 866 1808 distincta.

97 1819 146 1850 fol.
162 1823 209 1852 28.

138 1871 230 1914 Incip.
249 1879 267 1888 ‘¹
283 1873 392 1906 Flecto
414 1887 516 1917 genua
531 1888 609 1914 mea,
626 1882 686 1909 etc.
733 1879 868 1921 Magnus

117 1923 224 1955 doctor
237 1926 378 1966 gencium
391 1931 423 1958 et
436 1928 614 1969 predicator
626 1929 749 1960 virtutis
766 1930 868 1961 divino

115 1974 248 2015 repletus
264 1977 372 2017 spiritu
389 1982 539 2020 tanquam
555 1991 609 2010 vas
625 1980 785 2011 electum.qs

137 2025 250 2057 Exstat
264 2027 346 2059 inter
357 2040 461 2070 opera,
476 2031 548 2061 edit.
561 2031 648 2061 Rom.
660 2036 735 2062 tom.
747 2032 785 2062 vi.
797 2043 824 2073 p.
835 2043 865 2073 5.

137 2077 174 2107 In
191 2078 280 2114 calce,
300 2085 318 2095 ‘¹
332 2080 468 2122 Explicit
481 2083 655 2113 breviarum
669 2083 774 2114 fratris
787 2083 866 2114 bono

116 2126 266 2160 fortune.”

36 2180 63 2209 3.
79 2180 183 2213 Sermo
197 2184 234 2214 de
246 2185 387 2225 passione
397 2192 428 2218 ct
441 2189 590 2230 sanguine
601 2189 727 2225 Christi,
737 2193 864 2220 auctore

94 2242 253 2274 anonymo.
277 2236 327 2267 fol.
344 2248 410 2276 140.

138 2284 232 2326 Incip.
258 2287 420 2330 “Sanguis
447 2290 561 2321 Christi
589 2291 768 2321 emundavit
793 2302 863 2322 con·
889 2332 891 2340 Ι

114 2335 271 2367 scientiam
294 2348 440 2377 vestram,
466 2347 523 2372 etc.

113 2387 306 2420 considerans
323 2393 473 2421 statum.”

570 2341 685 2372 Ysaias
710 2342 862 2383 propheta

35 2442 60 2472 4.
75 2441 120 2474 De
143 2450 258 2487 septem
281 2449 416 2488 peccatis
442 2450 625 2481 mortalibus
652 2452 859 2486 t1·actatulus;

95 2494 205 2527 Gallice
237 2498 287 2528 fol.
305 2509 371 2540 ¹43·

0 2559 6 2574 ι
133 2545 191 2577 Tit.
221 2548 314 2580 “Hic
341 2550 449 2592 incipit
476 2556 595 2592 septem
623 2552 767 2582 mortalia
791 2564 860 2594 pec-

111 2597 210 2627 cata.''

134 2647 228 2689 Incip.
258 2655 276 2665 “
290 2651 355 2681 Pur
378 2655 506 2682 sauncte
532 2652 570 2682 de
589 2652 666 2683 alme
687 2665 762 2684 auer
784 2655 859 2696 doyt

111 2696 230 2730 homme
267 2712 357 2733 sauer
393 2714 487 2743 quens
525 2710 597 2734 sunt
632 2704 675 2734 les
714 2706 858 2736 morteles

110 2747 249 2787 pechez.''

979 241 1008 268 5.
1026 239 1073 271 De
1089 241 1193 272 decem
1210 245 1390 285 praiceptis;
1410 247 1530 277 Gallice.
1557 248 1608 278 fol.
1627 251 1692 287 146.

1087 292 1181 333 Incip.
1200 300 1217 308 “
1232 295 1290 325 Les
1302 307 1329 326 x.
1342 299 1600 329 comaundemens
1613 300 1686 341 (lcyt
1699 302 1814 332 cliecun

1063 343 1186 374 cristien
1202 346 1342 385 gar-ders*

978 403 1007 433 6.
1027 404 1073 435 De
1104 411 1221 447 septem
1249 410 1393 450 operibus
1420 412 1635 445 misericordia*
1650 428 1657 449 ;
1689 416 1810 447 Gallz'cc.

1041 455 1089 485 fol.
1109 458 1164 494 146
1179 457 1206 487 b.

1083 506 1179 546 Incip.
1198 514 1215 522 ‘¹
1232 509 1287 538 Les
1303 521 1432 540 ouuercs
1448 512 1485 542 dc
1502 514 1593 543 merci
1609 522 1678 545 sunt
1696 518 1775 546 set.''

977 568 1005 598 7'.
1024 568 1108 598 Ordo
1126 570 1324 610 prenitcntiw,
1340 573 1401 603 sive
1417 574 1557 605 (junones
1574 578 1809 618 prenitentiales³

1039 630 1165 650 numero
1182 627 1304 652 centum
1323 627 1565 664 quatuordecim.
1589 629 1639 659 fol.
1657 639 1722 669 147.

1082 670 1144 701 Tit.
1164 678 1181 686 '¹
1196 672 1255 702 Hie
1273 674 1377 715 incipit
1395 677 1469 706 ordo
1487 678 1684 717 penitencie'*

1084 722 1181 762 Incip.
1201 730 1218 738 ‘¹
1232 725 1307 755 Cum
1325 725 1419 766 igitur
1433 728 1573 767 penitens
1589 733 1753 762 accesserit
1769 734 1806 763 ad

1059 773 1251 804 sacerdotem
1291 776 1427 816 quisquis
1466 780 1561 810 frater
1593 781 1702 821 jubeat
1740 795 1807 814 eum

1058 825 1202 854 sacerdos
1217 825 1296 855 flexo
1313 828 1461 868 popum-F*

1080 874 1140 905 Tit.
1154 875 1208 906 ult.
1222 882 1269 907 est
1283 884 1299 892 “
1314 879 1382 908 Hoc
1395 884 1441 910 est
1452 883 1641 912 consuetudo
1653 883 1806 915 Johannis

1058 925 1296 966 Rotomogcnsis
1322 930 1542 972 arcliiepisc‹:›pi
1572 933 1609 962 de
1635 935 1805 974 penitencia

1056 977 1259 1008 criminalium
1277 983 1503 1020 peccatorum.”

1080 1029 1117 1058 In
1143 1029 1235 1064 calce,
1270 1032 1426 1062 “Summa
1455 1034 1655 1065 articulorum
1685 1038 1805 1067 canoni-

1055 1090 1160 1110 corum
1178 1082 1424 1121 penitentialium
1441 1096 1457 1114 c
1473 1088 1503 1115 et
1522 1085 1614 1115 xiiii.”

1076 1130 1111 1160 In
1138 1132 1240 1162 fronte
1263 1134 1376 1164 codicis
1400 1140 1471 1166 sunt
1493 1137 1611 1167 notitiae
1632 1145 1804 1178 sequentes,

1056 1184 1109 1220 (a.)
1130 1188 1147 1197 ¹¹
1163 1183 1254 1213 Liber
1272 1184 1316 1215 M.
1329 1185 1477 1216 Willolmi
1496 1187 1590 1225 lived,
1604 1190 1735 1230 episcopi
1753 1190 1803 1220 (Ἲί-

1053 1233 1173 1268 cestrie,
1206 1246 1295 1275 quem
1331 1237 1405 1267 emit
1443 1238 1480 1267 de
1515 1240 1677 1269 venerabili
1716 1246 1821 1281 pati-c.

1053 1284 1177 1315 domino
1215 1285 1335 1317 Thoma
1372 1287 1523 1323 Trillekis„
1562 1301 1608 1330 ep.
1646 1290 1800 1325 Roffensi;

1052 1337 1147 1366 oretis
1169 1337 1263 1377 igitur
1286 1350 1342 1379 pro
1365 1339 1479 1370 eisdem
1503 1345 1534 1370 ct
1558 1341 1803 1373 benefactoribus

1051 1386 1219 1416 eorundem
1242 1399 1277 1417 ac
1302 1388 1435 1419 fidelium
1461 1390 1623 1421 animabus
1649 1404 1667 1422 a
1694 1404 1802 1434 purga-

1052 1438 1132 1467 torio
1156 1438 1352 1470 liberandis?
1375 1442 1434 1476 (b.)
1459 1441 1583 1472 “Liber
1606 1443 1714 1474 domus
1737 1455 1801 1475 sco-

1050 1489 1159 1519 larium
1187 1492 1368 1522 venerabilis
1394 1493 1491 1533 patris
1515 1494 1629 1524 domini
1655 1495 1801 1526 willelmi

1051 1541 1210 1582 XVykliam
1237 1543 1266 1572 in
1298 1543 1419 1574 Oxonia
1449 1555 1485 1574 ex
1514 1545 1594 1575 dono
1621 1547 1802 1578 venerabilis

1049 1593 1147 1633 patris
1169 1594 1283 1624 domini
1308 1595 1455 1625 willelmi
1480 1597 1566 1626 tercii
1594 1598 1726 1640 episcopi
1753 1599 1799 1630 Ci-

1049 1644 1178 1679 cestrie;
1196 1645 1291 1675 oretis
1308 1645 1411 1686 igitur,
1429 1651 1463 1677 ut
1480 1648 1606 1688 supra.⁷'

1281 1756 1438 1791 XCVII.

920 1814 1040 1849 Codex
1060 1817 1352 1858 membranaceus,
1367 1820 1400 1852 in
1421 1822 1491 1857 4t0,
1511 1821 1543 1854 ff.
1559 1824 1614 1859 97,
1634 1834 1699 1856 sec.
1718 1824 1796 1859 xiv..

944 1873 1025 1906 olim
1044 1874 1188 1908 Thomae
1206 1875 1368 1916 Trilleck,
1386 1879 1535 1923 episcopi
1557 1880 1734 1914 Roffensis.

963 1942 1064 1977 Liber,
1094 1943 1141 1973 cui
1178 1945 1328 1984 praemisit
1359 1957 1467 1977 manus
1496 1948 1720 1989 alispiantulum
1750 1961 1794 1980 rc-

981 1994 1100 2025 centior
1123 1995 1247 2025 titulum
1275 2003 1465 2037 sequentem,
1493 2005 1511 2014 ¹‘
1526 2000 1740 2030 Auctoritates
1763 2005 1794 2031 ct

981 2046 1119 2076 materize
1143 2057 1317 2077 sermonum
1344 2060 1360 2078 c
1387 2049 1514 2079 diversis
1540 2051 1718 2081 auctoribus
1742 2063 1793 2082 ex-

981 2098 1127 2139 cerptae.⁷⁷

1024 2148 1183 2189 Prfecipue
1213 2149 1330 2180 scilicet
1359 2162 1374 2180 e
1404 2150 1506 2190 glossa
1537 2152 1692 2182 ordinaria
1722 2164 1791 2182 con-

1000 2199 1097 2230 fectus
1124 2205 1171 2230 est
1193 2200 1271 2231 sicut
1293 2201 1323 2231 in
1342 2201 1476 2232 editione
1499 2202 1621 2243 Lyrana
1644 2203 1790 2243 impressa

999 2250 1172 2281 exhibetur.

1022 2301 1117 2342 Incip.
1143 2308 1160 2316 ‘¹
1174 2302 1287 2333 Anime
1311 2303 1422 2333 rationi
1444 2327 1448 2331 .
1468 2327 1473 2333 .
1492 2327 1498 2332 .

998 2357 1086 2382 satur
1108 2358 1161 2382 aut
1184 2354 1350 2384 secundum
1374 2354 1580 2384 condicionem
1605 2359 1714 2384 nature
1729 2354 1787 2384 for-

1517 2328 1522 2333 .
1540 2303 1707 2343 ΟΟΟΠΡΠΟῘΟν
1724 2315 1787 2334 VQI'-

997 2408 1080 2434 mate
1098 2415 1151 2445 per
1167 2405 1339 2435 naturalem
1356 2405 1570 2446 posicionem.''

1019 2455 1125 2485 Desin.
1165 2456 1278 2496 “quod
1312 2456 1352 2487 sit
1382 2458 1532 2496 frequen&
1565 2460 1595 2486 ot
1631 2456 1711 2496 quod
1747 2458 1783 2487 sit

995 2506 1176 2542 accelerata,
1195 2512 1229 2537 ut
1246 2507 1360 2537 scilicet
1377 2508 1437 2537 cito
1453 2506 1664 2537 confiteatur-f*

1018 2557 1070 2586 Ad
1094 2558 1122 2587 ff.
1146 2560 1184 2596 89
1208 2562 1239 2588 ct
1263 2569 1297 2596 91
1326 2562 1490 2588 occurrunt
1514 2557 1631 2587 notitiae
1655 2558 1722 2588 duze
1747 2559 1784 2588 dc

994 2607 1087 2644 sama,
1104 2609 1194 2649 incip.
1223 2615 1241 2624 “
1255 2610 1324 2641 Que
1348 2608 1537 2649 dispensacio
1559 2608 1639 2638 circa
1660 2608 1715 2638 hos
1730 2609 1782 2638 ad-

994 2657 1118 2689 hibetur
1133 2670 1245 2699 magna
1261 2659 1375 2689 scilicet
1391 2664 1424 2688 ut
1441 2669 1500 2687 non
1520 2658 1742 2698 deponantu1·.”

1015 2709 1052 2739 In
1082 2710 1175 2747 calce,
1206 2722 1292 2741 ntum
1321 2711 1483 2745 reventilari,
1512 2709 1701 2740 “Medicina
1727 2721 1782 2751 pro

993 2770 1071 2800 equo
1083 2760 1111 2795 ;’“
1132 2760 1264 2801 Anfllw.

1030 2822 1050 2845 F
1070 2824 1089 2845 2
