2254 3117
644 153 882 189 COLLEGII
911 155 1289 195 MERTONENSIS.
1825 174 1870 208 89

153 248 268 279 dicitur
297 249 477 287 Almansor‚
506 261 526 281 a
555 251 699 282 Gerardo
732 251 934 284 Cremonensi

155 300 268 331 Latine
284 312 399 333 versus.
423 302 474 333 fol.
488 312 515 333 2.

175 350 237 382 Tit.
255 351 401 393 “Incipit
417 352 495 383 liber
513 353 565 394 qui
581 353 694 384 dicitur
709 354 933 392 Almassofius,

151 413 170 433 a
200 403 352 444 magistro
383 404 420 435 G.
449 405 648 436 Cremonensi
678 406 761 446 apud
787 405 932 437 Toletum

151 454 334 492 translatus⁷
348 455 503 486 Abubetri
516 455 611 486 Arazi
627 456 680 487 filii
697 457 836 488 Zacarie.
879 457 931 488 In-

150 504 226 546 cipit
242 505 320 537 liber
335 507 387 548 qui
403 507 443 537 ab
459 518 495 538 eo
511 511 638 538 vocatus
655 512 703 539 est
719 509 931 540 Almassorius

149 567 186 587 eo
203 557 285 597 quod
301 558 382 599 regis
393 558 582 589 Almassoris
594 559 700 591 Ysaac
714 559 767 590 filii
783 564 930 602 precepto

149 608 254 638 editus
270 610 351 639 est.”

164 659 203 689 In
213 660 287 690 calc.
297 660 460 702 “Explicit
466 661 689 699 Almassorius,
698 663 768 693 Deo
777 663 930 705 gracias.”

64 715 92 744 2.
109 713 259 756 Ejusdem
276 715 388 746 Rhasis
404 715 588 747 divisionum
607 717 695 755 liber,
711 719 820 750 eodem
835 720 927 751 inter-

124 770 222 807 prete.
246 766 296 797 fol.
314 767 381 797 118.

168 817 231 848 Tit.
247 822 267 835 “
281 817 397 859 Incipit
413 818 491 849 liber
507 818 691 850 divisionum
708 820 817 863 Rasys,
834 822 929 854 verba

147 869 307 900 Abubecri
323 869 377 900 filii
394 870 524 901 Zacarie
540 882 560 901 a
576 872 693 912 Rasy.”

169 919 207 949 In
223 919 317 956 calce,
336 923 354 936 ‘⁶
367 919 549 961 Expliciunt
565 921 731 954 divisiones
747 923 878 965 Rasys.”

62 975 91 1006 3.
108 974 257 1016 Ejusdem
272 975 493 1007 antidotarius.
517 977 568 1007 fol.
586 987 655 1017 144.

165 1026 228 1057 Tit.
247 1031 266 1043 “
281 1027 396 1068 Incipit
412 1028 622 1060 antidotarius
638 1030 768 1072 Rasys.”

167 1078 205 1108 In
235 1078 329 1115 calce,
362 1084 379 1096 ‘⁸
393 1079 531 1121 Explicit
560 1081 772 1114 antidotarius
802 1083 923 1125 Rasys3

144 1128 214 1159 Deo
229 1129 380 1170 gratias.”

60 1185 88 1215 4.
106 1183 256 1225 Ejusdem
271 1184 392 1216 libellus
408 1186 446 1217 de
459 1186 626 1227 juncturis.
651 1188 704 1221 fol.
723 1199 779 1231 155
794 1190 823 1221 b.

164 1235 226 1267 Tit.
245 1240 263 1253 ‘⁴
278 1237 394 1278 Incipit
409 1237 488 1268 liber
502 1238 541 1269 de
553 1239 740 1280 juncturis.”

164 1288 263 1330 Incip.
282 1293 299 1305 “
312 1289 397 1319 Dicit
421 1289 533 1331 Rasys,
557 1291 627 1321 volo
646 1291 677 1322 in
703 1291 762 1323 hoc
787 1292 924 1333 capitulo

141 1339 241 1370 dicere
257 1340 461 1371 medicinas.”

162 1390 276 1422 Deficit
291 1391 323 1421 in
339 1392 449 1430 verbis,
468 1396 486 1409 ‘⁶
499 1393 582 1434 quod
605 1393 681 1425 illud
696 1399 860 1436 apostema
875 1400 923 1428 est

139 1443 346 1484 compositum
362 1444 401 1475 de
417 1445 566 1486 sanguine
589 1449 621 1477 et
645 1446 758 1485 colera,
775 1455 808 1479 et
831 1449 923 1480 debe-

140 1504 208 1524 mus

55 1550 82 1579 5.
97 1548 265 1580 Avicennae
282 1550 320 1580 de
335 1550 520 1582 animalibus
536 1552 607 1583 libri
623 1554 834 1592 novendecim,
855 1556 922 1596 [po-

117 1600 179 1632 tius
210 1600 376 1633 Michaelis
407 1602 494 1634 Scoti
524 1604 719 1636 abbreviatio
750 1606 920 1638 Avicennae

116 1662 209 1694 super
236 1653 420 1685 Aristotelis
446 1655 539 1686 libros
565 1657 699 1688 totidem
729 1658 767 1689 de
798 1658 920 1689 naturis

116 1703 319 1746 animalium]
346 1705 396 1736 fol.
415 1707 483 1747 158.

158 1754 258 1787 imin.
274 1755 306 1786 in
320 1756 434 1794 verbis,
446 1761 463 1774 “
476 1762 608 1789 venatur
623 1763 655 1790 et
671 1770 740 1790 cum
757 1759 815 1791 illis
831 1760 918 1791 addi-

135 1806 284 1838 tamentis
299 1807 465 1839 bellatur.”

156 1857 265 1889 Desin.
282 1862 300 1875 “
312 1864 442 1901 propter
457 1860 675 1892 fortitudinem
692 1863 746 1893 sed
762 1863 801 1893 de
816 1862 917 1893 denti-

135 1919 187 1939 um
203 1909 393 1941 utilitatibus
403 1910 471 1952 jam
486 1911 547 1942 scis
563 1923 601 1943 ex
617 1913 678 1943 alio
694 1913 794 1944 loco.'’

157 1961 196 1990 In
212 1961 308 1999 calce,
320 1965 338 1978 ‘⁶
351 1962 491 2004 Explicit
507 1963 572 1994 xix.
596 1964 756 1995 Avicenne
772 1965 810 1995 de
826 1969 915 1996 natu-

135 2012 177 2043 ris
192 2013 401 2045 animalium.”

51 2065 78 2097 6.
96 2067 244 2109 Ejusdem
269 2070 437 2101 Avicennae
465 2071 503 2102 de
530 2072 690 2103 medicinis
717 2073 915 2110 cordialibus,

112 2119 283 2161 interprete
303 2122 447 2153 Arnaldo
475 2123 526 2164 [de
548 2123 741 2164 Villa-nova]
766 2124 913 2155 Barcino-

113 2172 208 2203 nensi.
232 2173 284 2204 fol.
302 2184 370 2214 199.

155 2223 218 2255 Tit.
247 2225 395 2267 “Incipit
426 2226 504 2257 liber
530 2226 669 2257 Avicene
700 2227 738 2257 de
767 2227 914 2258 membris

137 2275 281 2319 [viribus]
319 2277 422 2308 cordis
460 2282 492 2308 et
529 2277 690 2308 medicinis
727 2278 914 2310 cordialibus

133 2328 306 2359 translatus
328 2340 348 2359 a
370 2329 521 2370 magistro
546 2329 689 2360 Arnaldo
716 2329 913 2361 Barchinone

133 2379 303 2420 capitulum
319 2380 338 2410 i.
362 2384 519 2411 tractatus
535 2380 554 2411 i.
580 2381 618 2411 de
644 2380 761 2422 origine
786 2381 913 2422 spiritus

132 2434 165 2461 et
187 2431 352 2472 generibus
377 2432 443 2474 ejus
467 2436 499 2463 et
524 2432 682 2473 principiis
706 2443 759 2463 sue
781 2444 910 2474 genera-

134 2482 229 2513 cionis
245 2487 277 2514 et
292 2483 556 2514 informacionis.''

176 2533 214 2564 In
230 2534 324 2571 ealce,
341 2538 359 2551 “
372 2535 510 2576 Explicit
526 2538 682 2565 tractatus
698 2535 736 2565 de
751 2535 912 2566 medicinis

133 2585 354 2617 cordialibus.”

156 2636 363 2668 Pi-aemittitur
378 2637 475 2667 codici
488 2637 612 2673 notitia,
625 2642 644 2654 “
659 2637 753 2668 Liber
767 2637 911 2679 magistri

134 2685 222 2717 Will.
246 2687 325 2725 Red,
353 2698 392 2717 ex
415 2687 497 2717 dono
523 2687 666 2729 magistri
696 2688 841 2719 Nieholai
872 2689 911 2720 de

132 2736 324 2779 Sandwyco3
349 2737 455 2769 Oretis
478 2737 574 2779 igitur
591 2749 648 2779 pro
663 2742 797 2779 utroque
807 2738 836 2774 ;”
859 2739 911 2770 de-

130 2787 212 2826 inde,
230 2793 248 2806 ⁴⁴
262 2789 356 2819 Liber
378 2789 487 2820 domus
510 2789 675 2820 scolarium
694 2789 732 2820 de
749 2789 910 2828 Merton‚”

130 2842 199 2878 etc.‚
215 2844 252 2870 ut
267 2851 368 2882 supra.

1304 262 1554 298 CCXXVHI.

986 316 1105 353 Codex
1138 322 1429 365 membranaceus,
1458 327 1492 359 in
1522 327 1615 368 folio,
1643 328 1675 362 ff.
1694 328 1774 370 162,
1801 342 1867 365 sec.

1010 377 1089 416 xiv„
1106 378 1193 412 binis
1212 380 1382 417 columnis
1400 392 1580 426 exaratus;
1600 387 1682 421 olim
1697 388 1866 423 willelmi

1010 434 1177 470 Rawdon.

1029 495 1056 525 1.
1074 495 1232 528 Abubecri
1248 498 1361 530 Rhasis
1384 501 1568 534 divisionum
1593 504 1679 543 liber,
1696 506 1866 548 interpret<-

1091 546 1234 579 Gerardo
1251 549 1459 583 Cremonensi.
1486 554 1536 584 fol.
1555 565 1580 584 1.

1134 598 1198 630 Tit.
1216 604 1234 617 “
1248 601 1345 632 Liber
1366 603 1549 636 divisionum
1571 607 1740 638 translatus
1762 619 1782 639 a
1805 620 1867 640 ma-

1110 649 1210 691 gistro
1227 651 1265 682 G.
1282 652 1493 687 Cremonensi
1516 657 1625 689 Verba
1638 659 1795 691 Abubccri
1812 662 1865 692 filii

1111 701 1242 733 Zacarie
1278 714 1298 734 a
1336 704 1411 735 Rasi
1442 708 1669 740 antidotarium
1705 711 1865 753 eujusdam

1110 756 1266 784 tractatus
1281 755 1319 785 dc
1336 755 1525 797 simplicibus
1541 760 1729 792 medicinis.”

1132 803 1312 845 Sequuntur
1332 817 1512 849 synonyma,
1527 811 1634 841 ordine
1654 812 1863 853 alphabetico,

1109 860 1142 886 et
1160 855 1191 886 iu
1208 857 1299 895 calce,
1318 863 1335 875 ⁴⁴
1349 859 1530 900 Expliciunt
1553 862 1713 895 sinonoma
1733 869 1765 896 et
1787 866 1864 896 liber

1109 906 1293 938 divisionum
1317 911 1490 942 translatus
1512 924 1532 943 a
1554 914 1704 955 magistro
1722 916 1863 948 Gerardo

1109 958 1309 991 Cremonensi
1328 961 1366 992 de
1383 962 1521 994 Arabico
1540 964 1571 995 in
1588 965 1733 997 Latinum
1749 968 1779 998 in
1795 969 1863 999 eivi-

1109 1012 1176 1040 tate
1193 1009 1304 1041 Toleto
1321 1011 1484 1044 feliciter.’'

1021 1073 1049 1102 2.
1069 1072 1252 1113 [Avicennae
1276 1075 1354 1106 liber
1376 1078 1669 1119 experimentorum,
1693 1081 1862 1124 interprete

1086 1124 1230 1156 Gerardo
1246 1126 1446 1160 Cremonensi
1457 1131 1479 1170 ἓ]
1506 1130 1557 1161 fol.
1570 1141 1622 1172 51.

1130 1176 1228 1218 Incip.
1242 1182 1259 1194 ‘⁵
1269 1177 1360 1209 Dixit
1377 1179 1545 1216 Galienus;
1573 1182 1660 1223 Ignis
1672 1184 1724 1225 qui
1740 1184 1863 1215 descen-

1106 1226 1153 1258 dit
1169 1228 1208 1259 de
1224 1228 1321 1260 celo.”

1021 1292 1052 1322 3.
1069 1292 1229 1323 Abubecri
1246 1293 1361 1325 Rhasis
1380 1295 1458 1326 liber
1478 1297 1530 1338 qui
1554 1297 1669 1329 dicitur
1686 1299 1863 1335 Almansor,

1084 1344 1194 1374 eodem
1210 1344 1390 1386 interprete.
1415 1347 1465 1377 fol.
1480 1349 1529 1389 65.

1128 1395 1188 1426 Tit.
1223 1400 1240 1412 ‘²
1254 1395 1369 1438 Incipit
1398 1397 1476 1428 liber
1506 1399 1659 1429 Albubezi
1690 1400 1782 1431 Rasis
1812 1401 1865 1431 filii

1105 1445 1259 1477 Zacharie
1289 1447 1462 1479 translatus
1494 1460 1513 1479 a
1543 1449 1694 1491 magistro
1724 1451 1864 1481 Gerardo

1105 1496 1306 1528 Cremonensi
1323 1499 1361 1529 de
1373 1500 1511 1531 Arabico
1527 1500 1557 1530 in
1573 1501 1722 1531 Latinum
1738 1502 1769 1532 in
1780 1502 1863 1532 Tho-

1103 1548 1176 1585 leto,
1194 1549 1246 1590 qui
1269 1549 1309 1579 ab
1332 1561 1369 1580 eo
1388 1556 1518 1582 vocatur
1532 1551 1706 1589 Almassor,
1724 1564 1760 1583 eo
1781 1554 1862 1593 quod

1102 1600 1184 1640 regis
1207 1600 1400 1632 Almassoris
1419 1602 1524 1633 Ysaac
1548 1603 1604 1633 filii
1630 1608 1777 1645 precepto
1800 1604 1862 1634 edi-

1103 1654 1155 1681 tus
1171 1651 1248 1682 ests*

1124 1701 1162 1732 In
1179 1702 1273 1741 calce,
1291 1708 1308 1720 “
1322 1704 1429 1735 Finito
1452 1705 1531 1735 libro
1554 1706 1725 1737 referamus
1739 1707 1861 1748 gracias

1101 1753 1248 1791 Clu·isto,·
1272 1757 1387 1793 Amen,
1405 1756 1538 1787 Amen.”

1309 1867 1517 1902 CCXXIX.

972 1928 1276 1970 Membranaceus,
1302 1930 1337 1963 in
1366 1931 1448 1965 folio
1477 1932 1608 1976 majori,
1632 1931 1666 1964 ff.
1683 1934 1762 1969 325,
1791 1944 1855 1966 sec.

991 1988 1073 2028 xiv„
1086 1988 1174 2022 binis
1189 1988 1359 2022 columnis
1378 1989 1487 2023 nitide
1503 1994 1684 2029 exaratus3
1704 2001 1747 2023 ex
1766 1990 1854 2023 dono

996 2046 1071 2079 Ric.
1088 2045 1204 2079 Fitz-J
1207 2058 1312 2086 ames,
1332 2058 1443 2091 nuper
1461 2046 1687 2081 Cicestrensis
1706 2048 1853 2092 episcopi

995 2110 1030 2138 et
1049 2104 1129 2138 coll.
1151 2104 1305 2138 Merton.
1325 2106 1489 2139 custodis.

1012 2167 1040 2196 1.
1058 2165 1272 2202 Abhomeron,
1289 2166 1352 2196 sive
1368 2165 1574 2202 Albumeron‚
1588 2167 1759 2201 Avenzoar,
1776 2166 1853 2196 liber

1075 2216 1126 2258 qui
1143 2216 1258 2247 dicitur
1275 2217 1406 2253 Theizir,
1424 2217 1486 2248 sive
1504 2217 1545 2247 Al
1562 2217 1670 2248 Teisir.
1696 2217 1745 2247 fol.
1762 2226 1787 2247 2.

1117 2267 1180 2298 Tit.
1191 2272 1208 2284 “
1216 2268 1331 2309 Incipit
1341 2268 1419 2299 liber
1426 2268 1740 2299 TheisirAlbumeron
1750 2268 1849 2298 Aven-

1096 2330 1171 2361 9oar
1186 2319 1217 2349 in
1233 2320 1373 2360 practica
1388 2319 1571 2350 medicine.”

1116 2371 1235 2401 Exstat
1250 2370 1390 2412 impress.
1405 2372 1431 2401 V
1434 2374 1514 2402 enet.
1532 2381 1622 2411 1490,
1639 2374 1671 2401 et
1682 2370 1763 2401 alibi.

1010 2430 1039 2459 2.
1055 2428 1077 2458 J
1081 2428 1211 2459 ohannis
1234 2428 1288 2460 filii
1306 2429 1485 2471 Serapionis
1508 2428 1617 2459 medici
1634 2428 1748 2459 Arabis
1773 2429 1847 2459 Bre-

1072 2480 1203 2510 viarium
1229 2480 1261 2510 in
1283 2480 1378 2511 libros
1403 2484 1521 2521 septem
1545 2479 1734 2516 distinctum,
1752 2479 1845 2509 inter-

1072 2536 1159 2572 prete
1176 2530 1320 2562 Gerardo
1336 2531 1543 2563 Cremonensi.
1567 2530 1616 2560 fol.
1630 2540 1680 2569 94.

1115 2582 1179 2612 Tit.
1191 2587 1209 2599 ‘⁴
1223 2581 1424 2624 [T]ractatus
1440 2581 1557 2623 primus
1573 2580 1714 2611 breviarii
1729 2580 1845 2611 Johan-

1094 2632 1141 2662 nis
1157 2632 1210 2663 filii
1227 2633 1406 2674 Serapionis
1422 2632 1560 2663 medici.”

1115 2683 1231 2714 Exstat
1247 2683 1386 2725 impress.
1405 2682 1505 2723 Lugd.
1528 2690 1615 2721 1525.

1114 2733 1152 2764 In
1168 2734 1259 2770 calce,
1278 2740 1295 2751 ⁴⁵
1308 2733 1501 2774 Completum
1517 2738 1564 2762 est
1585 2738 1775 2772 postremum
1790 2742 1844 2773 ag-

1092 2785 1215 2826 gregati
1231 2797 1269 2816 ex
1285 2785 1363 2816 libro
1378 2783 1536 2820 medicine,
1548 2783 1683 2814 editione
1693 2783 1845 2814 Johannis

1133 2847 1158 2870 N
