2254 3117
675 147 911 184 COLLEGII
940 147 1262 182 EXONIENSIS.

85 252 112 284 9.
130 250 277 291 Ejusdem
293 249 412 279 libellus
428 249 465 279 do
481 249 577 279 libero
592 247 733 278 arbitrio.
756 246 806 277 sol.
822 253 891 286 297.

191 300 288 342 Incip.
308 308 325 317 ⁸·
338 300 415 331 Cum
431 311 486 341 per
501 298 623 330 arbitrii
639 297 849 328 libertatem.”

65 358 114 387 10.
131 356 307 398 [Ejusdem]
331 356 450 387 libellus
475 356 512 386 de
536 355 594 385 Dei
615 354 755 390 scicntia,
773 353 944 388 voluntate,

147 408 357 438 misericordia
373 412 405 438 et
416 406 540 448 justitia
556 410 587 436 et
607 404 782 446 praesentia.
806 404 856 434 fol.
873 405 944 444 306.

190 459 287 499 Incip.
305 463 323 475 ‘⁵
337 458 484 497 Queritur
499 458 536 488 de
560 456 688 487 scientia
704 456 773 492 Dei,
791 455 945 496 quomodo
966 481 967 484 ,

169 510 226 541 scit
243 509 420 551 singularia,
438 509 516 542 ista;
543 508 667 548 quidam
688 506 768 537 enim
785 506 922 536 dicunt.”
966 506 967 511 ¹

432 626 578 660 XXIX.

63 689 181 722 Codex
201 688 494 725 membranaceus,
508 688 542 720 in
562 686 653 723 folio.
677 686 709 719 ff.
725 689 804 723 314.
817 698 945 720 annum
966 699 967 703 ¹

88 747 223 780 circiter
243 749 336 779 1400
355 746 443 779 binis
461 745 630 779 columnis
649 750 826 785 exaratus3
864 744 945 777 olim
966 752 967 759 ¹

88 803 262 849 peculium
282 802 515 836 M.J0han11is
537 802 762 836 Northwode.

108 863 279 895 Innocentii
293 874 382 904 papae
393 863 452 894 IV.
467 868 649 904 apparatus,
661 863 722 894 sive
733 863 945 894 commentarii
967 894 968 897 ,

112 915 114 918 ’
141 916 170 945 111
187 915 397 945 Decretalium
413 914 507 944 libros
524 914 668 955 quinque,
685 925 754 944 cum
770 913 905 955 prologo.

169 971 267 1012 Incip.
285 975 305 988 ‘⁴
322 970 451 1012 Legitur
475 970 505 1000 in
531 970 730 1007 Ezechiele;''
758 976 792 1000 ut
816 970 846 1000 in
871 970 945 1000 edit.

148 1024 287 1064 impress.
305 1023 394 1051 1611.

190 1074 227 1104 111
243 1073 333 1106 calce.
352 1078 371 1091 ‘⁴
390 1073 527 1114 Explicit
552 1072 629 1103 liber
653 1073 779 1113 quintus
798 1073 945 1103 Innocen-

149 1125 184 1156 tii
201 1125 336 1167 quarti.”

191 1177 369 1217 Sequuntur
382 1175 478 1206 Casus
491 1177 529 1206 de
542 1176 774 1216 poenitentibus.
788 1176 826 1206 de
842 1176 946 1206 remis-

147 1228 283 1259 sionibus
307 1227 406 1258 omnis
433 1227 594 1268 utriusque
626 1238 728 1263 sexus,
753 1227 874 1269 aliaque
909 1228 946 1258 de
967 1238 968 1252 1

148 1280 342 1322 poenitentia,
360 1284 391 1310 et
407 1279 608 1315 confessione,
626 1283 684 1310 etc.

169 1332 206 1361 ln
223 1330 283 1361 fine
302 1330 415 1361 codicis
437 1334 565 1360 notatur
586 1329 617 1359 in
639 1329 786 1370 margine,
805 1334 822 1346 ‘⁴
840 1330 946 1360 Primo
967 1337 969 1364 ζ

149 1383 197 1412 die
230 1382 343 1412 mensis
368 1381 446 1411 Maii
469 1381 636 1422 probatum
658 1381 870 1412 testimonium
895 1381 947 1411 do-
967 1374 969 1406 1

149 1434 222 1464 mini
246 1433 362 1464 Johan.
393 1433 522 1474 Bendyn
553 1437 584 1463 et
615 1433 778 1463 commissa
809 1432 968 1469 Roberto¹

149 1485 349 1525 Charterays'
365 1488 424 1515 etc.
449 1491 480 1514 ct
501 1488 619 1525 postea,
638 1490 655 1500 ’“·
672 1484 789 1515 Caucio
805 1484 947 1525 magistri

150 1560 280 1567 ......
298 1537 493 1567 decretorum
510 1536 651 1576 exposita
667 1536 698 1565 in
711 1536 788 1566 cista
801 1536 838 1566 de
848 1535 946 1566 Wah-

148 1587 231 1629 ghan
247 1598 303 1629 pro
321 1612 326 1617 .
346 1613 350 1618 .
365 1612 371 1617 .
386 1612 392 1618 .
408 1587 520 1618 marcis
535 1587 566 1617 in
583 1587 718 1618 crastino
735 1587 947 1618 translationis

149 1638 232 1669 beati
249 1638 376 1675 Thome,
394 1639 435 1668 A.
449 1638 488 1667 D.
506 1637 741 1678 m.cccc.xxvij.”

170 1693 209 1723 In
224 1693 274 1723 fol.
296 1703 307 1723 1
324 1693 354 1723 b.
379 1696 397 1709 ‘⁶
410 1692 612 1723 Innocentius
633 1693 773 1733 magistri
795 1692 947 1723 Johannis

150 1744 339 1775 Northwode
359 1744 611 1774 accommodatus
627 1744 764 1785 precarie
782 1744 826 1773 M.
843 1743 947 1774 Ricar-

150 1796 190 1826 do
203 1795 428 1836 W'ykeslondf'

171 1846 209 1877 In
220 1846 261 1877 fol
277 1858 297 1884 4
309 1846 447 1887 margine
457 1845 593 1876 inferiori
606 1847 754 1887 scriptum
766 1852 824 1883 est,
833 1847 947 1877 “Hunc

151 1899 260 1929 librum
270 1897 447 1928 willelmus
464 1897 569 1938 Elyot.
584 1897 716 1928 Eliensis
731 1897 880 1938 magister
896 1899 947 1928 do-

150 1961 218 1980 mus
228 1949 285 1980 Dei
297 1950 334 1979 de
342 1949 729 1990 Portesmouth‚W'ynton.
741 1949 818 1979 dioc.
829 1949 859 1978 in
871 1960 947 1979 com.

151 2001 296 2032 Suthwic.
312 2000 384 2031 olim
400 2000 617 2041 registorarius
631 2000 710 2030 bone
727 2000 872 2030 memorie
887 2001 948 2030 Ed·
968 2005 970 2010 '

151 2052 257 2082 mundi
282 2052 373 2092 Lacy,
399 2052 499 2082 Exon.
525 2051 668 2092 episcopi,
693 2056 805 2092 quarto
830 2052 948 2082 decimo

151 2104 200 2134 die
215 2104 328 2134 mensis
344 2103 365 2133 J
369 2103 421 2133 ulii
433 2114 515 2133 anuo
527 2103 613 2144 regni
626 2102 706 2143 regis
720 2102 844 2133 Ricardi
860 2104 947 2134 tercii

151 2155 251 2194 primo
273 2155 369 2190 dedit,
392 2154 516 2195 legavit,
533 2165 569 2184 ac
592 2154 622 2183 in
646 2153 709 2183 vita
734 2164 789 2184 sua
814 2155 948 2185 naturali

152 2206 302 2247 disposuit
318 2205 446 2246 collegio
461 2205 612 2246 lVynton.
628 2205 658 2235 in
675 2205 786 2239 Oxou..
803 2206 843 2236 ad
860 2217 948 2236 usum

149 2258 367 2298 magistrorum
379 2258 410 2291 ;”
426 2262 485 2288 etc.

446 2376 572 2410 XXX.

71 2447 367 2486 Membranaceus,
397 2447 431 2479 in
459 2446 540 2479 folio
566 2447 695 2490 majori,
723 2446 756 2479 ff.
775 2446 855 2487 266,
882 2460 948 2482 sec.

94 2506 161 2539 xiv.
179 2505 339 2544 ineuntis,
358 2505 446 2537 binis
465 2503 633 2537 columnis
652 2510 822 2537 exaratus.

111 2574 283 2604 Innocentii
300 2584 388 2614 papae
406 2572 465 2602 IV.
482 2572 722 2602 commentarius
744 2584 835 2613 super
855 2573 949 2604 libros

134 2625 268 2666 quinque
284 2623 504 2659 Decretalium,
520 2634 588 2653 eum
604 2623 741 2664 prologo.

173 2676 290 2707 Exstat
305 2674 444 2716 impress.
462 2674 510 2704 ed.
525 2674 652 2711 Tridini‚
670 2676 723 2705 161
734 2685 758 2704 1.

176 2728 214 2758 In
230 2727 323 2763 calce,
340 2730 358 2742 “
375 2725 510 2767 Explicit
535 2725 612 2756 liber
634 2725 760 2766 quintus
776 2725 948 2757 Innocentii

153 2779 288 2820 quarti.''

1834 150 1874 180 11

1364 246 1508 280 XXXI.

966 312 967 361 l
996 308 1115 342 Codex
1146 309 1438 345 membranaceus,
1468 309 1500 341 in
1529 308 1621 348 folio,
1652 307 1683 341 ff.
1703 309 1783 346 290,
1809 318 1873 340 soc.

1022 366 1089 398 xiv.
1108 367 1276 405 exeuntis,
1297 367 1384 399 binis
1402 366 1570 400 columnis
1589 371 1758 400 exaratus.

1039 427 1067 455 1.
1085 425 1215 455 Martini
1235 426 1342 455 Poloni
1360 425 1479 456 'l'abula
1501 437 1592 466 super
1614 426 1749 456 Dccreto
1769 429 1800 455 ct
1816 425 1875 455 De-

1101 476 1278 513 crotalibus,
1291 488 1357 517 quac
1375 477 1487 506 dicitur
1504 477 1708 512 Martiniana,
1722 487 1790 507 cum
1807 487 1876 517 pro-

1102 527 1190 568 logo3
1213 528 1319 557 ordine
1335 528 1539 568 alphabetico.
1566 528 1616 558 fol.
1633 538 1662 568 3.

1145 579 1207 609 Tit.
1233 584 1249 595 ⁵⁵
1268 578 1382 619 Incipit
1419 579 1562 619 prologus
1591 580 1620 609 in
1654 579 1876 609 Martinianam

966 629 967 684 1
1125 629 1249 659 Decreti
1266 633 1297 659 et
1314 629 1552 659 l)0c1·(=taliuni.”

1144 679 1242 720 Incip.
1266 684 1283 695 ⁴·
1301 679 1388 709 Inter
1412 679 1470 709 alia
1496 690 1553 719 quc
1573 679 1611 709 ad
1636 678 1767 713 fidem?q
1791 682 1825 708 ut
1848 678 1877 707 in

1124 730 1197 760 edit.
1217 730 1348 771 Argent.
1368 730 1453 768 1486.

1146 781 1183 811 In
1195 781 1278 812 calce
1292 786 1457 812 occurrunt
1468 793 1572 812 versus
1584 786 1745 822 sequentes
1757 781 1877 813 leonini,

1019 836 1038 850 “
1053 833 1154 873 Opcre
1171 832 1324 873 completo
1343 857 1348 862 .
1366 832 1406 862 sit
1423 832 1489 862 laus
1506 838 1536 863 et
1552 832 1649 873 gloria
1665 832 1802 868 Christo,

1051 883 1101 914 Nil
1114 883 1196 914 valet
1210 883 1268 914 hoc
1281 887 1414 914 metrum
1429 908 1433 913 .
1449 883 1494 913 sin
1508 884 1564 913 hoc
1578 884 1726 924 requirite
1740 884 1879 919 Petrum⁷

967 931 968 957 1
1051 934 1110 973 Qui
1127 934 1212 964 dedit
1228 934 1344 976 expleri
1360 959 1365 964 .
1380 934 1524 965 laudetur
1541 935 1631 965 corde
1648 935 1737 965 fide—li.

1052 985 1206 1016 Nobilitas
1222 985 1354 1015 hominis
1370 990 1418 1015 est
1435 996 1520 1015 mens
1538 985 1672 1016 Deitatis
1686 997 1805 1027 ymago.

1052 1036 1207 1067 Nobilitas
1224 1036 1353 1066 hominis
1370 1036 1519 1066 virtutum
1536 1036 1620 1066 clara
1636 1047 1780 1077 propago,

1052 1088 1206 1118 Nobilitas
1223 1087 1354 1117 hominis
1371 1087 1517 1117 humilem
1535 1087 1668 1117 relevare
1681 1088 1844 1127 jacentem.

1053 1139 1208 1170 Nobilitas
1224 1139 1355 1169 hominis
1372 1142 1507 1169 mentem
1523 1139 1678 1168 refrenare
1695 1138 1856 1174 furentem,

1051 1191 1207 1222 Nobilitas
1223 1191 1355 1221 hominis
1371 1190 1429 1220 nisi
1445 1190 1550 1231 turpia
1566 1190 1649 1220 nulla
1665 1189 1772 1220 timere

1052 1243 1207 1273 Nobilitas
1223 1242 1355 1272 hominis
1372 1246 1483 1272 nature
1495 1242 1568 1282 jura
1584 1247 1698 1272 tenere.

1503 1293 1570 1323 Deo
1583 1292 1728 1334 gratias?

1041 1346 1069 1375 Ω.
1087 1343 1317 1375 Dictionarium
1328 1343 1411 1373 aliud
1419 1342 1602 1384 jufldiciale,
1614 1346 1758 1382 spectans
1768 1346 1832 1371 tam
1845 1342 1882 1371 ad

1104 1395 1155 1436 jus
1166 1402 1332 1434 utrumque
1345 1404 1438 1435 quam
1451 1393 1491 1424 ad
1505 1396 1773 1423 commentatores.
1788 1391 1809 1421 f.
1818 1402 1827 1420 1
1839 1401 1847 1420 1
1860 1401 1883 1420 1.

1147 1445 1243 1486 Incip.
1271 1454 1288 1461 ⁵*
1306 1446 1356 1482 A}
1386 1445 1433 1475 De
1457 1445 1517 1475 ista
1542 1444 1675 1474 dictione
1698 1447 1825 1473 notatur
1847 1442 1884 1472 (le

967 1508 969 1520 1
1124 1497 1229 1527 electis
1246 1508 1269 1526 c.
1288 1496 1325 1526 if'

1147 1548 1252 1578 Desin.
1272 1553 1289 1564 ⁸⁵
1302 1547 1448 1583 zizannie‚
1471 1546 1523 1577 Jo.
1541 1547 1668 1576 Andree
1694 1545 1724 1575 in
1749 1544 1883 1575 Clemen—

1125 1597 1226 1632 tinas;
1254 1597 1390 1638 Explicit
1407 1597 1498 1628 litera
1514 1597 1556 1627 z.”

1041 1655 1069 1683 3.
1088 1653 1333 1684 Constitutiones
1355 1652 1470 1682 domini
1488 1651 1620 1687 Ottonis.
1639 1651 1794 1691 quondam
1811 1660 1883 1690 apo-

1103 1704 1220 1735 stolicae
1236 1704 1317 1734 sedis
1333 1703 1427 1744 legati
1445 1703 1612 1733 Londoniis
1629 1702 1730 1732 editae.
1749 1701 1797 1731 fol.
1814 1710 1882 1740 207.

1146 1755 1244 1795 Incip.
1263 1760 1280 1771 ‘⁴
1294 1755 1446 1793 Quoniam
1469 1755 1557 1784 decet
1579 1754 1704 1784 domum
1728 1753 1786 1783 Dei
1801 1752 1826 1789 3¹*
1850 1756 1881 1781 ut

1126 1807 1156 1836 in
1173 1807 1262 1837 editt.
1279 1807 1418 1847 impress.

1042 1860 1070 1889 4.
1087 1858 1335 1889 Constitutiones
1351 1857 1466 1888 domini
1483 1856 1636 1888 Ottoboni
1658 1856 1751 1896 legati
1772 1856 1802 1885 in
1818 1856 1881 1884 An—

1103 1909 1165 1951 glia
1176 1909 1265 1939 edita?
1275 1909 1504 1939 L011don.auno
1514 1908 1624 1950 gratiae
1636 1918 1644 1937 1
1655 1908 1722 1938 268.
1734 1907 1846 1945 selmo
1854 1906 1882 1935 b.

1042 1968 1070 1996 5.
1090 1964 1336 1996 Constitutiones
1367 1964 1413 2005 [S.
1441 1964 1599 2005 Langton]
1633 1963 1761 1993 Oxoniae
1792 1962 1882 1992 edita·

1106 2017 1144 2047 A.
1158 2016 1198 2046 D.
1217 2026 1306 2047 1222.
1331 2016 1380 2045 fol.
1398 2018 1466 2046 218.

1149 2067 1246 2108 Incip.
1271 2071 1290 2084 ‘⁶
1308 2066 1357 2096 Ex
1381 2066 1569 2097 auctoritate
1586 2065 1644 2095 Dei
1657 2066 1688 2097 ;''
1712 2070 1746 2094 ut
1763 2064 1793 2093 iu
1810 2063 1880 2093 edit.

1125 2118 1270 2148 Wilkins.
1287 2122 1365 2148 tom.
1380 2118 1398 2147 i.
1417 2129 1446 2157 p.
1460 2118 1531 2158 585.

1042 2170 1070 2200 6.
1089 2169 1334 2201 Constitutiones
1372 2169 1530 2205 Bonifacii‚
1563 2167 1696 2207 archiep.
1731 2165 1880 2195 Cantuar.

1105 2222 1198 2252 editae
1214 2232 1296 2251 anno
1313 2221 1437 2251 Domini
1454 2222 1540 2251 1261.
1565 2219 1615 2249 fol.
1634 2228 1702 2259 223.

1148 2272 1244 2313 Incip.
1261 2276 1281 2289 ‘⁴
1295 2271 1456 2302 Universis
1472 2274 1577 2302 sancte
1591 2270 1619 2303 ;”
1636 2273 1669 2299 ut
1686 2268 1759 2297 ibid.
1778 2271 1850 2297 tom.
1862 2266 1879 2295 i.

1126 2335 1155 2364 P·
1171 2323 1241 2362 746-

1049 2387 1070 2405 1.
1088 2374 1249 2404 Statutum
1276 2373 1445 2404 Lonsloniis
1472 2373 1659 2403 celebratum
1683 2380 1736 2409 per
1751 2367 1879 2397 cundem

1105 2425 1309 2461 Bonifacium,
1332 2430 1363 2455 et
1387 2425 1545 2466 episcopos
1570 2423 1615 2452 sui
1637 2419 1880 2460 archiepiscopa-

1104 2480 1164 2506 tus.
1189 2476 1239 2507 fol.
1255 2478 1325 2508 226.

1147 2527 1246 2568 Incip.
1264 2533 1281 2544 “
1293 2528 1443 2566 Quoniam
1462 2529 1587 2567 propter
1603 2523 1738 2553 diversas
1755 2531 1879 2550 consue-

1126 2578 1288 2613 tudinffi?
1311 2583 1345 2609 nt
1363 2578 1433 2608 ibid.
1452 2582 1525 2607 tom.
1544 2576 1561 2605 i.
1579 2587 1607 2615 p.
1621 2575 1691 2613 693.

1042 2634 1070 2663 8.
1087 2632 1324 2664 Declarationes
1347 2637 1377 2663 et
1399 2629 1642 2663 constitutiones
1663 2626 1816 2657 Joliannis
1842 2626 1879 2655 de

1105 2684 1268 2721 Peccham,
1280 2684 1435 2725 quondam
1450 2680 1628 2712 Cantuariae
1642 2677 1774 2718 archiep.
1789 2676 1879 2706 editae

1103 2736 1185 2776 apud
1203 2736 1354 2776 Reading,
1368 2735 1408 2776 iij.
1425 2733 1483 2764 kal.
1497 2732 1629 2773 August.
1646 2738 1723 2771 1279
1740 2732 1771 2759 et
1791 2728 1878 2758 1281.

1103 2785 1155 2815 fol.
1173 2787 1232 2817 226
1249 2787 1279 2816 b.

1105 2839 1127 2863 C
1149 2833 1169 2863 2
