2254 3117
734 147 971 183 COLLEGII
1002 150 1140 186 Novf.
1782 159 1823 193 17

144 246 160 274 ὁ
175 246 286 276 Λουκᾶς
299 244 394 283 ἰατρὸς
406 245 458 282 τὴν
471 245 632 285 ἐπιστήμην
648 247 663 276 ὀ
680 246 734 277 ὑπὸ
753 271 758 276 .
778 269 784 275 .
801 246 896 284 βύλου

143 296 338 334 μαθητευθεὶς.

166 348 227 378 Tit.
254 351 416 377 comment.
448 349 583 387 ἑρμηνεία
609 351 666 378 τῶι-
689 347 823 387 πράξεων
847 351 898 379 τοῦ

144 399 353 438 Χρυσοστόμου
370 399 416 428 καὶ
433 399 539 437 ἑτέρων
555 400 712 438 διαφόρων.

166 449 264 489 Ineip.
285 450 362 481 τίνος
383 450 483 479 ἕνεκεν
505 450 593 480 αὐτὸν
615 450 824 488 ἀναμιμνήσκει
848 453 898 480 τοῦ

144 501 315 540 εὐαγγελίου
335 500 409 530 ὥστε
432 501 484 539 τὴν
505 502 613 531 οἰκείαν
636 501 787 540 ἁκριβείαν
809 503 897 532 ἐνδεί-

144 554 257 590 ξασθαμ

165 602 268 633 Desin.
282 606 445 633 comment.
459 604 691 642 παραδεχόμενοι
703 605 751 641 τῆς
763 604 897 642 οὐρανίου

144 654 301 691 βασιλείας
318 655 490 691 κληρονόμοι
506 655 703 684 καθίστανται.

164 705 310 745 Sequitur
334 704 524 745 Martyrium
545 704 576 734 S.
591 704 690 740 Pauli,
714 704 771 735 sub
792 704 894 740 titulo,

141 757 370 795 μαρτυρολόγιον
386 756 508 785 Παύλου
526 757 576 785 τοῦ
592 756 768 785 ἀποστόλου.

164 806 261 848 Incip.
288 807 334 837 ἐπὶ
357 807 493 845 Νέρωνος
516 809 565 836 τοῦ
589 807 725 845 καίσαρος
747 805 897 844 Ῥωμαίων

143 857 338 895 ἐμαρτύρησεν
354 857 452 886 αὐτόθι
469 859 590 888 Παῦλος
607 857 621 885 ὁ
638 857 815 889 ἀποστόλος.

158 907 202 938 'In
225 907 317 942 calce,
339 907 425 940 τέλος
449 908 504 938 σὺν
524 909 592 949 Θεῷ
614 911 670 938 τῶν
691 907 822 946 πράξεων
841 911 897 938 τῶν

142 959 323 989 ἀποστόλων.

164 1010 299 1041 Exstant
327 1010 430 1041 onmia
460 1010 619 1051 impressa,
649 1018 777 1041 curante
799 1010 830 1041 J.
856 1011 896 1041 A.

143 1063 277 1097 Cramer,
293 1062 409 1093 S.T.P.
426 1062 457 1092 in
475 1064 540 1093 Svo.
559 1062 659 1093 Oxou.
681 1063 767 1103 1838.

62 1122 88 1151 2.
105 1120 252 1162 Epistolae
279 1124 396 1162 septem
427 1121 596 1156 catholicae,
629 1132 698 1151 cum
729 1122 896 1152 eorundem

122 1173 184 1203 fere
214 1173 346 1203 Patrum
372 1173 611 1207 commentariis,
643 1180 673 1203 et
704 1173 896 1214 argumentis

125 1224 346 1265 [Euthalianis]
361 1236 369 1261 3
388 1225 496 1255 [ἥατο.
521 1224 570 1254 sol.
586 1224 654 1264 178.

165 1279 350 1310 Inseribitur
379 1279 410 1309 S.
425 1279 534 1310 Jacobi
565 1279 704 1320 epistola,
735 1280 800 1318 περὶ
827 1280 896 1310 ὑπο-

142 1333 229 1369 μονῆς
252 1331 298 1361 καὶ
320 1331 444 1362 πίστεως
467 1331 629 1369 ἀδιακρίτου
646 1331 693 1361 καὶ
716 1331 780 1369 περὶ
801 1343 896 1360 ταπει-

143 1382 333 1421 νοφροσύνης.

164 1433 226 1464 Tit.
244 1436 409 1463 comment.
435 1434 570 1471 ἑρμηνεία
585 1436 642 1463 τῶν
659 1435 820 1463 καθολικῶν
837 1434 896 1463 ἐπι-

144 1487 268 1515 στολῶν.

164 1536 301 1567 Exstant
324 1535 464 1577 impress.
492 1540 621 1567 curante
648 1537 766 1572 eodem,
795 1538 895 1568 Oxou*

146 1588 235 1626 1840·

165 1639 203 1669 In
219 1638 311 1673 calce,
328 1638 414 1670 τέλος
430 1638 484 1669 σὺν
501 1639 569 1679 Θεῷ
586 1641 642 1669 τῶν
659 1641 819 1670 καθολικῶν
836 1641 895 1670 ἐπι-

143 1693 265 1721 στολῶν.

164 1741 319 1782 Sequitur,
348 1751 438 1771 manu
468 1740 547 1781 {onya
578 1740 740 1774 recentiori,
772 1740 894 1775 notitia,

143 1792 311 1831 ἁμαρτωλὸς
332 1791 468 1829 Ἰωάννης
493 1792 523 1821 τὸ
548 1804 617 1821 σπα.
635 1795 671 1820 κλ
690 1815 695 1821 .
715 1815 720 1820 .
739 1791 896 1829 ἁμαρτάνει

143 1844 271 1882 ἀγόρασε
295 1844 346 1874 τὸν
372 1844 618 1882 πραξαπόστολον
643 1844 673 1872 ἐκ
704 1843 812 1873 τούτων
840 1843 896 1872 ἀπὸ

142 1896 191 1924 τοῦ
207 1895 289 1933 ἁγίου
306 1896 402 1924 Λουκᾶ
419 1895 433 1923 ὁ
450 1896 505 1924 ποῦ
520 1896 577 1923 τῶν
593 1895 780 1925 σπουλούσας
796 1895 826 1924 ἐκ
841 1897 895 1932 μοῦ

144 1945 310 1983 σουλμανὸν
333 1946 374 1977 εἷς
393 1945 426 1975 τὸ
447 1944 554 1984 πατάρι
576 1945 644 1983 ἡτου
663 1947 735 1984 γοῦν
753 1946 824 1975 ὅταν
844 1945 896 1975 τὸν

143 2001 276 2039 ἀγόρασα
293 2001 384 2038 μόνον
403 1999 514 2040 χάρτην
532 2000 597 2030 τίνα
620 1999 761 2039 χάρβαλα
777 2000 823 2029 καὶ
839 2000 894 2038 ἐγὼ

143 2054 198 2081 τῶν
215 2051 367 2090 ἐφετίασα.

164 2101 207 2132 Et
230 2112 323 2132 manu
347 2101 447 2132 altera
473 2106 505 2132 et
532 2102 699 2138 neoterica,
723 2103 894 2140 ἀνεγνώσθη

143 2153 209 2187 ἔτει,
228 2151 330 2194 Ιαχκςί.

23 2288 138 2323 Codex
151 2289 441 2329 membranaceus,
457 2289 491 2321 in
507 2291 577 2327 4to,
594 2288 627 2321 ff.
642 2290 725 2328 298,
744 2298 811 2320 see.
824 2287 895 2320 xiii.

63 2350 90 2379 1.
106 2349 189 2380 Acta
214 2350 268 2380 SS.
281 2349 515 2390 Apostolorum,
541 2348 652 2389 glossis
676 2347 897 2388 marginalibus

122 2400 170 2431 hic
186 2400 245 2431 illie
260 2401 423 2431 instructa.
447 2400 498 2430 fol.
516 2411 540 2429 1.

165 2455 226 2486 Tit.
243 2457 272 2486 αἱ
287 2455 403 2495 πράξεις
418 2458 475 2486 τῶν
491 2455 675 2485 ἀποστόλων.

164 2507 261 2547 Incip.
275 2507 369 2538 schol.
380 2507 463 2538 οὗτος
473 2507 487 2536 ὁ
498 2506 635 2544 μακάριος
647 2507 760 2536 Λουκᾶς
770 2505 897 2542 μαθητὴς

0 2574 7 2588 1
143 2557 179 2596 ἥν
195 2559 316 2589 Παύλου
335 2560 395 2588 ὃιοῦ
417 2557 470 2598 κᾴν
490 2557 606 2596 πράξεις
625 2559 741 2595 μᾶλλον
756 2556 896 2595 ἐγίνωσκε

146 2611 201 2639 τῶν
217 2610 327 2640 ἄλλων.

63 2663 90 2692 2.
109 2662 260 2694 S.Jacobi
280 2663 411 2704 epistola
434 2663 596 2699 catholica,
621 2661 787 2703 [Euthalii]
805 2672 896 2702 argu-

123 2718 236 2750 mento,
252 2715 352 2746 titulis
367 2719 399 2746 et
414 2715 524 2757 glossis
539 2714 702 2745 illustrata.
728 2713 778 2743 fol.
794 2721 833 2753 70
846 2713 874 2744 b.

166 2769 227 2801 Tit.
244 2770 384 2808 ἐπιστολὴ
401 2769 538 2807 καθολικὴ
554 2772 603 2799 τοῦ
619 2769 704 2808 ἁγίου
718 2767 869 2806 Ἰακώβου.

1099 249 1192 291 lncip.
1214 250 1305 291 gloss.
1329 253 1368 284 εἰς
1385 254 1550 290 Τελειότητα
1566 253 1617 291 τὴν
1633 253 1691 284 κατ’
1709 255 1826 293 ἀνδρίαν

1076 302 1121 331 καὶ
1138 303 1300 341 καρτερίαν.

991 360 1020 388 8.
1039 360 1070 389 S.
1085 360 1170 390 Petri
1187 362 1322 402 epistolae
1339 363 1417 398 duze,
1440 363 1605 404 [Euthalii]
1624 365 1825 405 argunlentiS‚

1054 411 1154 441 titulis
1169 411 1339 453 glossisque
1356 413 1520 445 instructa:
1547 415 1596 445 sol.
1609 416 1648 454 78
1662 416 1691 446 b.

1097 466 1157 497 Tit.
1176 467 1194 496 i.
1212 468 1324 507 Πέτρου
1342 470 1482 507 ἐπιστολὴ
1498 471 1603 509 πρώτη.

1098 515 1196 557 Iueip.
1212 517 1303 557 gloss.
1329 520 1374 548 καὶ
1397 521 1479 551 οὗτος
1499 522 1513 549 ὁ
1533 521 1699 553 ἀπόστολος
1719 526 1778 553 τοῖς
1796 523 1827 551 ἐκ

1075 570 1229 605 περιτομῆς
1245 570 1391 607 κηρύττειν
1408 573 1612 611 προσταχθεὶς.

992 631 1019 659 4.
1039 630 1070 660 S.
1085 630 1239 661 Johaunis
1269 632 1407 672 epistolae
1438 637 1510 669 tres,
1541 645 1610 664 011111
1637 634 1827 675 argumentis

1056 681 1296 723 [Euthalianis]‚
1314 683 1412 714 titulis
1428 689 1460 715 et
1475 685 1594 725 glossis.
1620 685 1669 715 sol.
1687 695 1737 724 92.

1096 737 1158 767 Tit.
1174 737 1312 769 Ἰωάννου
1329 741 1468 778 ἐπιστολὴ
1486 742 1623 779 καθολικὴ
1639 742 1742 780 πρώτη.

1099 788 1193 829 Ineip.
1210 788 1301 829 gloss.
1323 793 1381 822 πῶς
1398 791 1412 819 ὁ
1432 791 1515 822 αὐτὸς
1537 793 1623 822 εἰπὼν
1639 792 1720 822 Θεὸν
1736 792 1826 824 οὐδεὶς

1076 840 1183 878 ἑώρακε
1198 840 1324 870 πώποτε.

991 903 1019 932 5.
1041 901 1072 932 S.
1088 902 1180 932 Judae
1201 902 1341 943 epistola,
1359 914 1427 933 eum
1445 904 1614 946 [Euthalii]
1631 911 1822 947 argumento,

1053 953 1196 994 capitulis
1211 957 1243 984 et
1258 954 1377 995 glossis.
1400 955 1450 985 fol.
1468 966 1535 993 ¹04·

1096 1008 1157 1039 Tit.
1174 1008 1269 1039 Ἰούδα
1285 1009 1425 1047 ἐπιστολὴ
1442 1011 1587 1048 καθολική.

1098 1059 1196 1100 Incip.
1220 1059 1312 1101 gloss.
1335 1061 1549 1099 παρεισέὸυσαν
1569 1062 1624 1100 γάρ
1646 1075 1739 1095 τινεςῑ
1761 1065 1825 1096 τοὺς

1074 1111 1130 1142 ἀπὸ
1148 1112 1278 1150 Σίμωνος
1291 1111 1374 1151 λέγει
1390 1112 1467 1142 οὗτοι
1483 1114 1538 1150 γὰρ
1556 1114 1773 1152 γαστρίμαργοι.

990 1174 1019 1205 6.
1037 1174 1067 1205 S.
1082 1174 1170 1205 Pauli
1194 1174 1339 1215 Apostoli
1360 1175 1496 1215 epistolae.
1519 1177 1760 1216 quatuordecim,
1778 1189 1825 1208 ar-

1052 1226 1207 1268 gumentis
1224 1226 1457 1268 [Euthalianis]‚
1474 1227 1677 1267 capitulorum
1699 1228 1821 1265 tabulis,

1052 1278 1223 1318 glossisque
1246 1278 1466 1318 marginalibus
1482 1278 1635 1309 coutinuis
1655 1279 1822 1310 instructae.

1054 1329 1104 1359 sol.
1123 1330 1191 1359 108.

1096 1384 1157 1414 Tit.
1175 1384 1193 1414 i.
1211 1385 1290 1423 Πρὸς
1304 1383 1470 1422 Ῥωμαίους.

1098 1435 1195 1476 Incip.
1222 1435 1314 1476 gloss.
1340 1435 1372 1465 τὸ
1398 1436 1504 1465 ἀποῦσι
1531 1436 1656 1474 γράφειν
1680 1437 1755 1466 αἰτία
1777 1439 1825 1466 τοῦ

1075 1489 1188 1516 κεῖσθαι
1219 1487 1305 1516 αὐτοῦ
1335 1487 1367 1516 τὸ
1398 1488 1491 1524 ὄνομα
1520 1489 1603 1516 τοῦτο
1634 1488 1663 1516 δὲ
1694 1487 1750 1517 ἀπὸ
1777 1490 1826 1516 τοῦ

1075 1537 1190 1566 Σαύλου
1204 1537 1243 1567 εἰς
1259 1539 1382 1566 Παῦλον
1393 1536 1530 1574 μετετέθη
1543 1537 1590 1566 ἵνα
1601 1536 1639 1574 μὴ
1649 1537 1679 1566 δὲ
1694 1537 1725 1566 ἐν
1738 1537 1826 1576 τούτῳ

1076 1587 1200 1617 ἔλαττόν
1216 1600 1242 1616 τι
1260 1587 1313 1628 ἔχῃ
1329 1590 1378 1617 τοῦ
1395 1588 1552 1626 κορυφαίου
1568 1588 1690 1625 Πέτρου.

1096 1637 1203 1668 Desin.
1218 1638 1306 1678 epist.
1323 1639 1364 1668 ad
1381 1638 1542 1673 Hebraeos,
1559 1641 1649 1668 ποιῶν
1666 1639 1697 1668 ἐν
1712 1638 1779 1676 ἧμιν
1795 1638 1826 1667 τὸ

1075 1689 1248 1727 εὐάρεστονῑ
1280 1693 1393 1720 caetera
1416 1689 1546 1730 subjecit
1569 1700 1678 1719 manus
1694 1689 1826 1719 secunda

1074 1744 1106 1771 et
1122 1740 1283 1771 recentior.

1097 1791 1201 1821 Desin.
1219 1791 1312 1822 schol.
1331 1793 1403 1829 ἡμᾶς
1419 1792 1470 1822 οῦν
1485 1795 1530 1822 δεῖ
1543 1793 1713 1831 ἐνάρξεσθαι
1729 1793 1779 1822 τὸν
1795 1793 1824 1822 δὲ

1074 1846 1240 1882 πληροῦντα
1255 1842 1399 1874 ἱκετεύειν.

1348 1954 1426 1987 LX.

947 2016 1066 2050 Codex
1089 2017 1382 2055 membranaceus,
1407 2016 1441 2048 in
1466 2015 1558 2054 folin,
1584 2015 1615 2048 ff.
1636 2017 1717 2053 242,
1737 2014 1823 2047 binis

972 2075 1141 2108 columnis
1159 2086 1227 2108 see..
1247 2075 1316 2108 xiv.
1344 2075 1486 2107 ineunte
1504 2073 1592 2106 bene
1611 2076 1769 2105 exaratus
1788 2077 1823 2104 et

972 2138 1137 2166 servatus.

991 2201 1077 2231 Petri
1095 2200 1272 2236 Lombardi,
1291 2199 1480 2233 parisiensis,
1499 2199 1529 2228 in
1545 2198 1574 2228 S.
1588 2196 1676 2228 Pauli
1692 2195 1822 2236 apostoli

1011 2251 1156 2292 epistolas
1180 2251 1414 2292 quatuordeeim
1438 2249 1625 2280 collectanea
1651 2258 1689 2277 ex
1714 2247 1744 2277 S.
1757 2248 1821 2276 Au-

1010 2302 1135 2344 gustino
1151 2302 1279 2343 aliisque
1295 2305 1452 2333 contexta.

1054 2358 1191 2389 Exstant
1207 2358 1344 2399 impress.
1362 2357 1392 2387 in
1408 2356 1459 2386 fol.
1477 2354 1574 2385 Paris.
1595 2363 1683 2394 1535.

1053 2460 1233 2500 Sequuntur
1247 2459 1434 2489 membranae
1452 2462 1524 2490 tres
1543 2466 1599 2485 sec.
1617 2454 1668 2484 xii.
1690 2458 1821 2484 exeunte

1031 2514 1178 2545 exaratae,
1191 2510 1397 2551 fragmentum
1408 2507 1599 2538 continentes
1609 2504 1821 2535 commentarii

1031 2563 1061 2593 in
1079 2562 1223 2593 Gratiani
1240 2561 1365 2592 Decreti
1381 2570 1489 2590 causas
1505 2559 1609 2588 decem
1625 2556 1818 2597 posteriores.

1053 2613 1160 2644 Desin.
1183 2619 1201 2628 “
1214 2613 1260 2643 De
1281 2611 1456 2642 mulieribus
1476 2619 1596 2650 quoque
1612 2619 1670 2649 que
1686 2607 1821 2638 colorum

1030 2664 1107 2695 fucis
1119 2668 1151 2695 et
1166 2675 1243 2694 auro
1257 2663 1423 2704 gemisque,
1441 2664 1475 2691 ut
1490 2659 1621 2701 gloriose
1636 2663 1820 2700 appareant,

1031 2720 1192 2750 ornantur,
1232 2715 1302 2756 quia
1343 2713 1421 2744 adeo
1458 2710 1671 2751 dispiciuntur,
1708 2709 1820 2739 ibidem

1029 2766 1234 2798 ostenditur?

1103 2829 1127 2852 D
