2254 3117
388 263 415 293 4.
434 262 581 302 Ejusdem
620 261 649 290 in
683 260 790 290 Josuae
827 259 939 290 librum
975 261 1224 291 commentarius.
1254 266 1255 274 ¹

454 312 504 342 fol.
517 322 557 352 39
570 312 598 342 b.

495 362 590 402 Incip.
614 360 754 391 “Transi
775 360 949 391 Jordanem
965 361 1068 392 istum.
1118 361 1225 392 Volen-

473 414 555 445 tibus
589 417 705 443 terram
739 411 950 452 promissionis
989 412 1107 453 ingredi
1142 413 1226 453 prius

475 469 600 505 oportet
617 462 749 494 transire
766 462 788 492 J
792 463 969 493 or<lanem.”

495 513 597 544 Desin.
617 513 678 543 “in
695 512 803 543 diebus
822 513 887 554 ejus
905 513 1031 554 justitia
1053 518 1085 545 et
1108 514 1226 545 habun-

473 565 580 595 dantia
596 564 709 605 pacis.”

495 616 531 646 In
549 615 641 650 ealce,
660 621 677 630 ‘'
694 615 830 655 Explicit
846 615 924 646 liber
938 616 1064 647 Josue.”

388 684 416 712 5.
435 681 581 721 Ejusdem
606 680 636 709 in
664 679 775 710 librum
803 680 950 711 Judieum
975 682 1225 712 eonnnentarius.

453 732 503 763 fol.
517 742 554 770 47
563 755 569 761 .

493 782 590 822 Incip.
612 788 629 796 “
644 781 720 811 Post
736 786 867 812 mortem
884 781 905 811 J
909 793 981 812 osne
997 782 1227 818 consuluerunt,

473 839 531 864 etc.
570 833 618 863 Illi
637 837 768 863 utuntur
785 833 814 863 in
830 835 1016 864 assumendo
1033 834 1142 864 ducem
1158 845 1227 864 con-

474 885 541 915 silio
559 884 712 914 Domini.”

497 936 602 966 Desin.
621 942 637 950 '¹
650 940 682 966 et
698 946 757 965 non
774 935 814 965 sit
832 936 882 976 qui
900 936 1011 977 eripiat
1027 937 1087 967 tes*

497 987 533 1016 In
559 987 650 1021 calce,
681 992 698 1001 “
711 986 848 1027 Explicit
875 998 951 1028 opus
980 987 1110 1028 Walcys
1137 999 1229 1029 super

474 1036 585 1066 librum
601 1036 748 1066 Judieum
765 1036 904 1071 feliciter,
926 1039 1059 1067 Amen.”

390 1095 418 1125 6.
438 1095 584 1136 Ejusdem
610 1093 757 1135 ‘XValcys
780 1106 872 1136 super
896 1096 992 1126 Ruth’
1011 1102 1226 1128 commentum.

453 1146 502 1176 fol.
517 1155 567 1186 54.

496 1196 593 1236 Incip.
612 1202 629 1211 ‘¹
644 1197 864 1227 Amaritudine
887 1197 1015 1238 replevit
1037 1209 1103 1234 me;
1129 1198 1227 1229 lilueti

475 1247 526 1277 filii
544 1247 601 1277 Dei
619 1248 649 1277 in
667 1249 802 1288 presenti
822 1249 1059 1279 ama1·itu(line.”

496 1299 601 1329 Desin.
621 1305 681 1330 “et
698 1300 842 1337 exaltavi,
857 1301 913 1341 ipsi
926 1307 1030 1331 autem
1047 1306 1228 1343 spreverunt

476 1351 552 1381 nie.”

502 1403 539 1433 ln
564 1402 655 1437 ealce,
682 1402 849 1443 “Explicit
874 1414 951 1444 opus
977 1404 1083 1435 fratris
1111 1405 1228 1436 Thome

478 1453 607 1494 &Valeys
622 1465 714 1494 super
733 1454 845 1484 librum
862 1454 976 1485 Baths*

393 1515 421 1545 7.
440 1513 587 1554 Ejusdem
614 1525 706 1555 super
735 1514 846 1544 librum
878 1515 978 1545 Exodi
1009 1520 1226 1546 commentum.

457 1564 507 1595 fol.
520 1566 570 1605 56.

499 1615 595 1656 Incip.
615 1622 631 1630 ‘¹
648 1616 727 1646 Ecce
748 1617 879 1658 populus
895 1617 1026 1647 filiorum
1044 1618 1150 1653 Israel,
1167 1622 1226 1648 ete.

478 1668 684 1708 Philosophus
700 1668 777 1698 libro
793 1670 825 1698 &U
842 1669 879 1699 de
895 1669 1078 1699 animalibus
1094 1669 1228 1710 capitulo

477 1729 518 1758 50
541 1719 627 1755 dicit,
654 1720 735 1759 quod
762 1731 835 1760 apes
863 1720 913 1761 qui
945 1724 1113 1761 pascuntur
1138 1721 1228 1751 flores

478 1770 675 1800 01·tolamos.”

500 1820 604 1850 Desin.
627 1828 642 1835 ‘¹
658 1826 691 1851 ut
707 1821 822 1852 luceret
838 1822 881 1851 cis
897 1834 950 1863 per
966 1828 1096 1858 noctem,
1114 1824 1190 1853 cte.”

502 1873 539 1902 In
565 1873 655 1907 calce,
682 1872 849 1913 “Explicit
875 1885 952 1914 opus
979 1874 1084 1905 fratris
1112 1875 1229 1905 Thomc

480 1923 609 1964 WValeys
645 1924 683 1954 d(-
720 1925 827 1955 ordine
866 1926 1102 1956 Predicatorum
1138 1938 1229 1967 super

480 1975 652 2005 Exmlumf'

395 2036 422 2063 8.
442 2034 588 2074 Ejusdem
632 2046 722 2075 super
764 2035 933 2066 Leviticuin
979 2038 1226 2068 commentarius.

458 2084 507 2114 fol.
524 2094 560 2123 72
576 2085 605 2115 b.

503 2135 598 2175 Incip.
618 2142 634 2150 “
649 2136 822 2166 Maseulum
839 2137 1069 2168 immaculatum
1082 2140 1209 2170 offerent
1223 2152 1229 2175 3

481 2186 570 2216 Solus
586 2187 727 2217 Christus
740 2196 805 2217 crat
822 2188 974 2218 masculus
987 2190 1229 2220 i111111aculatus.”

503 2237 606 2268 Desin.
625 2244 641 2252 “
656 2239 714 2275 Ite,
731 2239 885 2270 ostendite
902 2251 954 2270 vos
971 2242 1213 2272 sacerdotibus)5

504 2289 541 2318 In
568 2289 659 2324 calce,
692 2289 860 2330 “Explicit
885 2302 961 2331 opus
983 2292 1088 2322 fratris
1113 2292 1230 2322 Thomu

483 2339 611 2380 XValeys
627 2351 718 2381 super
735 2335 934 2371 Levitieum.”

503 2391 640 2422 Exstant
663 2403 756 2432 opera
779 2393 957 2433 supradicta
982 2393 1011 2423 in
1038 2393 1116 2424 Bibl.
1140 2395 1229 2426 Bodl.

482 2442 556 2473 Cod.
582 2443 648 2474 MS.
674 2443 770 2474 Laud.
795 2452 866 2485 345,
893 2445 945 2474 scd
967 2444 1041 2474 Joh.
1068 2445 1228 2481 WValicnsi,

482 2493 557 2523 Orcl.
577 2494 654 2524 Min.
672 2494 799 2525 tributa.

723 2588 863 2622 XXXI.

357 2649 475 2682 (judex
503 2649 712 2689 chartaceus,
740 2651 773 2683 in
800 2650 890 2687 folio,
917 2651 949 2684 ff.
970 2654 1050 2687 440.
1070 2664 1134 2685 sec.
1155 2664 1229 2692 xv.;

380 2707 468 2740 haud
489 2708 608 2740 eodeni
630 2708 766 2741 librario
786 2710 942 2753 scriptus

398 2775 516 2806 Catella
537 2776 592 2807 SS.
607 2776 734 2807 l'atrun]
756 2789 848 2818 super
872 2778 1055 2809 psalterium
1079 2790 1173 2820 usquc
1192 2779 1231 2810 ad

911 163 1210 199 CATALOGUS
1236 162 1469 198 CODICUM
1497 162 1606 197 MSS.

1338 262 1474 293 medium
1501 262 1617 293 Psalmi
1643 261 1813 300 Ἀναστήτω
1840 263 1855 292 ὁ
1883 262 1960 295 Θεὸς
1984 263 2046 293 scil.
2069 274 2154 294 sexa-

1338 313 1445 354 gesimi
1461 313 1573 343 octavi.

1382 365 1444 395 Tit.
1468 365 1634 404 ψαλτήριον
1649 366 1687 405 τῷ
1705 364 1806 394 Δαυίδ.

1384 415 1482 456 Incip.
1497 415 1634 454 μακάριος
1645 415 1725 453 ἀνὴρ,
1741 418 1804 445 κ.λ.
1827 415 1973 453 Εὐσεβίου
1988 418 2156 455 Καισαρίας.

1363 468 1582 506 Μακαριότητος
1593 468 1647 504 μὲν
1664 467 1735 496 κατὰ
1749 466 1840 504 φύσιν
1857 466 1982 498 ἅπαντες
1998 467 2158 505 ὀρεγόμεθα

1360 517 1426 548 ἀλλ’
1444 519 1547 556 ἀθίπερ
1564 517 1739 556 ἁγνοοῦντές
1763 529 1839 549 τινες
1859 518 1891 547 ἐν
1911 520 1970 549 τοῖς
1990 521 2158 555 σωματικοῖς

1361 570 1482 608 ἀγαθοῖς
1504 570 1611 607 ταύτην
1636 568 1710 598 εἶναι
1737 569 1918 606 νομίζουσιν;
1944 568 2018 599 edit.
2045 568 2158 599 Corde-

1362 620 1458 655 riana,
1477 632 1505 661 p.
1523 629 1552 660 3.

1386 672 1495 702 Desin.
1521 671 1551 701 in
1573 674 1736 701 comment.
1757 669 1896 710 ejusdem
1920 669 2047 700 Eusebii
2071 681 2160 711 super

1364 723 1416 753 l‘s.
1433 722 1526 753 lxviii.
1543 733 1621 752 vers.
1644 722 1690 758 16,
1712 722 1740 751 οἱ
1758 722 1794 751 τὰ
1815 720 1913 760 ἄγαθα
1934 720 2108 759 ποιήσαντες
2122 723 2161 754 εἰς

1363 773 1527 803 ἀνάστασιν
1555 773 1624 810 ζωῆς
1645 773 1673 802 oi.
1700 773 1730 802 δὲ
1752 773 1788 802 τὰ
1812 774 1913 811 φαῦλα
1937 771 2099 811 πράξαντες
2124 774 2161 805 εἷς

1363 821 1527 853 ἀνάστασιν
1544 823 1673 861 κρίσεως.

1386 875 1542 903 Auctores
1565 873 1596 903 in
1618 873 1737 904 Catcna
1758 872 1819 903 ista
1841 876 1923 906 sunt,
1941 872 2159 914 Apollinarius,

1364 923 1518 958 Asterius,
1536 922 1740 957 Athanasius,
1755 922 1898 957 Basilius,
1913 922 2158 963 Clirysostomus,

1364 974 1507 1015 Cyrinus,
1526 974 1689 1014 Didymus,
1707 974 1869 1009 Eusebius,
1888 973 2057 1014 Gregorius
2073 974 2160 1005 Nazi-

1363 1036 1509 1062 anzenus,
1524 1025 1693 1066 Gregorius
1709 1025 1877 1066 Nysscnus,
1894 1025 2078 1066 Hesychius,
2096 1025 2160 1056 Ori-

1363 1088 1465 1117 genes,
1487 1076 1626 1113 Severus,
1650 1076 1843 1114 Theodorus,
1864 1077 2046 1107 Theodorus
2068 1077 2158 1108 Anti·

1364 1128 1469 1162 ochus,
1490 1127 1706 1158 Theodoretus
1722 1132 1754 1158 et
1771 1128 1795 1158 Τ
1799 1127 1996 1159 heodotion.”

1635 1222 1804 1256 XXXII.

1280 1285 1401 1319 Codex
1429 1286 1721 1324 membranaceus,
1750 1286 1785 1319 in
1812 1286 1907 1327 folio,
1934 1286 1967 1320 ff.
1991 1289 2072 1326 224,
2097 1298 2160 1320 sec.

1304 1344 1374 1383 xii„
1410 1343 1499 1377 binis
1534 1343 1703 1377 columnis
1738 1345 1826 1377 benc
1863 1349 2047 1385 exaratus3
2081 1344 2160 1378 olim

1305 1401 1386 1435 (iul.
1408 1401 1495 1441 Yve,
1516 1401 1642 1434 S.T.P.
1662 1407 1698 1435 et
1716 1401 1839 1435 Sarum
1860 1402 1944 1436 eccl.
1959 1402 2160 1436 cancellarii.

1324 1470 1409 1501 Petri
1449 1470 1625 1505 Lombardi,
1669 1470 1894 1501 sententiarum
1938 1471 2089 1513 magistri,
2132 1471 2160 1502 in

1345 1522 1487 1552 Psalmos
1504 1521 1634 1552 Davidis
1649 1522 1781 1563 glossae,
1800 1522 1914 1563 praevio
1930 1522 2070 1564 prologo.

1389 1573 1426 1602 ln
1442 1572 1536 1609 calce,
1553 1583 1644 1602 ‘mama
1661 1572 1741 1613 Zonqe
1756 1572 1920 1610 recentiori,
2131 1614 2137 1615 .

1339 1637 1343 1640 ·
1366 1629 1383 1638 “
1399 1623 1535 1663 Explicit
1552 1623 1601 1653 hie
1618 1623 1703 1653 Petri
1719 1623 1875 1664 glosarum
1893 1628 1977 1654 meta
1992 1623 2160 1665 magistri.”

1387 1674 1516 1709 Deinde,
1570 1680 1586 1689 ‘¹
1613 1674 1801 1706 Psalterium
1849 1675 2024 1712 Glosatum,
2070 1675 2160 1716 precii

1367 1738 1429 1758 xxx
1441 1726 1487 1757 ss

1387 1777 1554 1808 Prtemissa
1569 1783 1616 1808 est
1639 1776 1736 1808 codici
1753 1777 1866 1807 notitia
1882 1788 2023 1819 sequens,
2041 1784 2058 1794 ‘¹
2073 1778 2161 1809 Liber

1365 1829 1483 1869 collegii
1505 1840 1543 1859 ex
1567 1829 1648 1858 dono
1668 1828 1808 1869 magistri
1827 1828 1974 1859 Willelmi
1994 1829 2062 1859 Yve
2079 1840 2160 1860 sacre

1366 1880 1520 1920 theologie
1544 1880 1681 1910 doctoris
1705 1880 1816 1910 Sarum
1839 1879 1966 1910 ecclesie
1992 1879 2160 1911 cancellarii

1366 1931 1528 1961 scolarium
1546 1931 1664 1972 collegii
1682 1931 1772 1961 beate
1791 1930 1893 1962 Marie
1908 1942 2005 1972 prope
2021 1931 2158 1962 Winton.

1367 1993 1464 2023 nuper
1480 1982 1724 2012 informatoris.’'

1631 2077 1818 2110 XXXIII.

1284 2138 1582 2178 Momm-amamus,
1619 2139 1652 2171 in
1690 2139 1780 2175 folio,
1818 2139 1852 2172 ff.
1886 2138 1965 2179 162,
1997 2151 2062 2174 sec.
2093 2140 2157 2173 xiv.

1306 2196 1465 2231 incuntis,
1486 2197 1574 2230 binis
1597 2196 1766 2230 columnis
1780 2202 1952 2234 exaratus,
1972 2197 2053 2231 olim
2073 2197 2159 2230 Wil-

1307 2253 1399 2286 lelmi
1421 2253 1598 2293 XVarliam,
1618 2254 1863 2299 archiepiscopi
1883 2255 2145 2289 Cantuariensis.

1325 2324 1355 2354 S.
1370 2323 1563 2364 Hieronymi,
1588 2323 1760 2363 presbyteri
1783 2323 2003 2359 Stridoncnsis,
2025 2324 2055 2354 in
2077 2322 2158 2354 Psal-

1333 2378 1340 2385 ⁴
1366 2374 1478 2405 terium
1496 2374 1656 2414 expositio,
1675 2385 1743 2404 cum
1760 2375 1951 2415 praefatione.

1388 2425 1448 2455 Tit.
1475 2425 1623 2466 “Incipit
1647 2426 1782 2466 prefacio
1805 2427 2009 2468 exposicionis
2032 2426 2157 2468 psalmo-

1367 2488 1443 2511 rum,
1462 2477 1560 2507 sancti
1578 2477 1725 2507 Ieronimi
1742 2478 1934 2518 presbiteris*

1388 2529 1543 2558 P1·ae0‹=dit
1559 2528 1679 2565 notitia,
1698 2534 1716 2543 “
1731 2528 1822 2559 Liber
1835 2528 1983 2559 Willelmi
1996 2528 2156 2564 XVarham,

1367 2579 1515 2609 Cantuar.
1528 2578 1788 2619 archiepiscopi?
1805 2583 1836 2609 et
1853 2579 1883 2609 in
1899 2579 2036 2620 margine
2048 2589 2115 2620 pag.
2133 2587 2155 2607 1.

1366 2629 1511 2663 infcriori,
1539 2629 1782 2670 “Hieronymus
1805 2641 1898 2669 super
1921 2629 2099 2671 psalterium
2121 2638 2156 2658 ex

1367 2679 1448 2709 dono
1464 2679 1709 2709 reverendissimi
1733 2679 1764 2709 in
1785 2679 1909 2710 Christo
1933 2679 2030 2720 patris
2052 2689 2087 2709 ac
2107 2677 2156 2707 do-

1366 2730 1439 2759 mini
1471 2730 1586 2760 domini
1617 2730 1764 2760 willelmi
1796 2730 1977 2765 Whreham,
2013 2730 2156 2760 Cantuar.

1366 2781 1587 2822 archiepiscopi
1604 2793 1640 2812 ac
1657 2782 1812 2821 quondam
1826 2781 1916 2822 liujus
1929 2781 2045 2822 collegii
2058 2778 2158 2811 socii.”
