2254 3117
526 265 565 294 In
585 262 645 293 fine
667 259 772 291 homil.
792 257 895 289 tertiae
914 257 1033 288 inserta
1054 260 1102 288 est
1129 257 1255 289 homilia

503 314 608 356 spuria
626 313 657 342 iu
674 311 818 342 Galilaeos
834 308 958 339 occisos.

420 381 446 409 4.
464 378 502 409 In
518 377 591 408 illud
609 375 734 405 ‘Vidua
749 372 903 414 eligatur)
919 377 978 403 etc.
1001 371 1052 402 fol.
1069 382 1123 402 101
1140 372 1169 402 b.

524 429 604 459 Ibid.
621 432 697 458 tom.
713 426 754 456 iii.
770 437 800 467 p.
818 435 890 466 311.

419 496 445 524 5.
463 493 581 524 Contra
607 502 658 521 eos
685 490 735 531 qui
765 489 872 519 dicunt
901 489 1057 519 ‹laemones
1083 488 1256 529 gubernare

481 543 638 578 mundum,
655 545 686 572 et
702 541 769 572 aliae
786 541 863 571 (lum.
887 540 938 570 fol.
958 550 968 569 1
979 549 1025 579 17.

524 593 603 623 Ibid.
620 596 695 622 tom.
713 591 741 622 ii.
760 602 809 632 pp.
829 591 1005 629 246—276.

418 656 446 687 G.
465 657 503 686 In
521 654 680 685 Psalmum
696 664 762 683 xcv.
787 652 838 683 fol.
858 662 924 693 143.

524 706 603 736 Ibid.
620 710 695 736 tom.
713 716 740 735 v.
757 715 786 745 p.
801 704 871 734 628.

419 770 502 803 7.1n
528 770 612 805 illud,
640 777 646 784 ’
662 769 748 800 Pone
773 779 899 799 manum
926 771 1013 798 tuam
1040 767 1171 803 subtusss
1198 769 1256 796 cte.

481 821 532 851 fol.
550 830 606 861 152
618 821 648 850 b.

523 872 604 902 Ibid.
620 875 696 902 tom.
713 871 753 901 vi.
770 882 798 911 p.
815 872 886 911 569.

418 941 447 968 8.
466 938 505 967 In
520 937 606 974 illud,
623 942 629 951 ‘
645 936 726 967 Nolo
743 947 795 966 vos
814 935 976 975 ignorares
999 938 1056 965 otc.
1082 933 1131 964 sol.
1150 935 1215 970 164.

527 987 607 1017 Ibid.
625 990 700 1017 tom.
717 986 757 1016 iii.
776 997 807 1027 p.
826 987 896 1016 228.

419 1053 448 1084 9.
466 1051 517 1081 Ad
541 1050 688 1091 populum
705 1049 936 1080 Antioc-henum
959 1047 1085 1077 homilia
1101 1046 1255 1087 vigesima.

482 1102 533 1132 fol.
549 1112 608 1142 174
621 1102 649 1132 b.

524 1152 587 1182 Tit.
604 1154 653 1181 τοῦ
677 1152 709 1181 ἐν
732 1151 824 1190 ἁγίοις
847 1150 961 1189 πατρὸς,
983 1164 1005 1179 κ.
1019 1154 1047 1179 λ.
1070 1149 1135 1187 περὶ
1156 1161 1256 1186 μνησι-

504 1202 602 1233 κακίας
619 1202 681 1240 ἤτοι
699 1203 786 1241 ὀργῆς
807 1203 851 1232 καὶ
874 1202 939 1240 περὶ
956 1201 1110 1238 μετανοίας
1131 1200 1177 1229 καὶ
1193 1200 1257 1238 περὶ

503 1256 554 1283 τοῦ
570 1253 648 1291 πάσῃ
665 1254 775 1290 σπουδῇ
793 1254 914 1292 φεύγειν
930 1252 980 1281 τὸν
996 1252 1090 1290 ὅρκον.

526 1304 608 1334 Ibid.
624 1308 698 1334 tom.
717 1304 746 1333 ii.
763 1315 791 1344 p.
817 1315 880 1345 199.

400 1369 450 1398 10.
469 1369 507 1398 In
522 1367 719 1398 nativitatem
736 1367 862 1397 Christi.
887 1367 937 1397 fol.
955 1368 1023 1406 187.

526 1419 603 1449 Ibid.
621 1422 697 1449 tom.
714 1418 772 1449 viii.
792 1419 821 1448 in
838 1418 958 1459 spuriis,
976 1430 1004 1459 p.
1025 1427 1093 1457 213.

400 1480 448 1509 11.
467 1479 506 1509 In
527 1478 620 1514 istud,
639 1484 645 1491 ‘
658 1478 704 1508 Nc
721 1478 860 1508 timueris
877 1489 946 1508 eum
962 1478 1045 1508 divos
1061 1476 1181 1511 factus-,¹
1197 1480 1254 1507 etc.

483 1530 613 1560 homiliae
630 1530 706 1559 duae.
732 1529 785 1559 fol.
801 1538 858 1569 203
872 1529 899 1559 b.

527 1581 605 1611 Ibid.
624 1585 697 1611 tom.
716 1592 742 1610 v.
759 1591 789 1621 p.
807 1590 878 1620 504.

399 1643 448 1671 12.
467 1641 506 1671 In
522 1640 606 1677 illud,
625 1646 630 1654 ‘
646 1639 678 1669 Si
694 1638 836 1669 esurierit
853 1638 1013 1668 inimicus.'
1036 1637 1086 1667 fol.
1101 1646 1169 1667 220.

526 1691 606 1721 Ibid.
623 1694 698 1720 tom.
715 1689 755 1719 iii.
772 1701 801 1730 p.
822 1698 890 1730 157.

399 1752 447 1781 13.
466 1751 505 1780 In
521 1749 791 1790 S.Pl1ilog0niu1n.
816 1748 866 1778 fol.
882 1757 949 1789 234.

526 1800 607 1831 Ibid.
624 1804 698 1830 tom.
716 1800 734 1829 i.
752 1811 780 1840 p.
800 1809 870 1839 492.

398 1862 448 1891 14«.
467 1860 503 1890 In
519 1859 604 1896 illud,
622 1865 628 1874 ‘
643 1859 729 1889 Exiit
745 1859 900 1889 edictum.q
924 1859 1057 1898 f01.242.

525 1911 606 1940 Ibid.
624 1914 699 1940 tom.
718 1910 748 1940 ii.
766 1921 795 1951 p.
814 1912 884 1947 800,
902 1910 983 1940 iuter
998 1910 1109 1951 spuria.

398 1972 447 2001 15.
467 1970 605 2001 Homilia
620 1970 651 2000 in
669 1969 835 2000 Kalendas.
860 1969 911 2000 fol.
924 1978 981 2009 247
997 1970 1025 1999 b.

525 2021 605 2052 Ibid.
624 2024 699 2051 tom.
716 2021 734 2051 i.
754 2032 782 2062 p.
801 2022 872 2061 697.

398 2080 446 2111 16.
466 2082 504 2111 In
520 2081 611 2122 epist.
627 2081 667 2111 ad
684 2080 841 2111 Romanos
857 2081 983 2111 homilia
998 2080 1057 2110 xvi.
1082 2079 1133 2109 fol.
1148 2080 1206 2120 256
1218 2079 1246 2109 b.

525 2132 605 2162 Ibid.
623 2135 698 2162 tom.
715 2132 756 2161 ix.
772 2143 801 2173 p.
818 2133 887 2174 603.

397 2194 444 2225 17.
465 2193 503 2222 In
519 2192 604 2229 illud,
623 2198 629 2207 ‘
643 2192 791 2233 Angusta
807 2196 855 2222 est
870 2191 938 2222 via.7
962 2191 1012 2221 fol.
1028 2198 1086 2230 272
1099 2191 1127 2220 b.

525 2244 606 2274 Ibid.
624 2247 698 2274 tom.
714 2243 756 2273 iii.
773 2255 804 2284 p.
821 2251 870 2283 25.

396 2304 446 2333 18.
463 2302 511 2333 De
527 2302 677 2333 oratione.
702 2303 752 2333 fol.
771 2312 831 2343 279
845 2303 875 2333 b.

524 2354 603 2384 Ibid.
620 2358 695 2384 tom.
713 2354 743 2385 ii.
759 2365 790 2395 p.
808 2355 879 2393 778.

396 2410 445 2442 19.
464 2410 503 2439 In
520 2409 739 2440 Chananaeam.
764 2409 813 2439 fol.
833 2409 903 2450 284.

524 2461 604 2491 Ibid.
620 2464 694 2492 tom.
712 2461 773 2491 viii.
790 2460 821 2491 in
837 2460 958 2501 spuriis,
976 2472 1004 2501 p.
1026 2468 1093 2501 177.

394 2517 444 2546 20.
464 2516 502 2546 In
519 2516 621 2546 David
637 2519 669 2546 ct
686 2515 759 2546 Saul
776 2515 902 2545 homilia
918 2515 1023 2546 tertia.
1048 2515 1098 2546 fol.
1118 2517 1187 2556 296.

526 2567 606 2598 Ibid.
624 2571 699 2598 tom.
716 2567 754 2598 iv.
771 2578 799 2608 p.
818 2568 889 2607 768.
940 2599 944 2603 ,

393 2622 444 2651 21.
466 2622 503 2651 In
520 2622 604 2659 illud,
623 2628 630 2637 ‘
645 2622 765 2653 Sufficit
780 2621 837 2652 tibi
855 2621 959 2662 gratia
973 2620 1062 2651 mea.'
1084 2620 1134 2651 fol.
1148 2630 1219 2662 309.

524 2673 605 2703 Ibid.
624 2676 700 2704 tom.
716 2673 777 2704 viii.
795 2672 826 2702 in
842 2672 965 2714 spuriis,
982 2683 1012 2713 p.
1029 2682 1076 2711 24.

394 2727 443 2756 22.
461 2726 509 2758 De
526 2728 558 2757 S.
574 2727 762 2769 Epiphania.
786 2728 838 2758 fol.
851 2737 925 2769 319.

522 2778 603 2809 Ibid.
621 2783 695 2810 tom.
713 2779 744 2809 ii.
762 2790 793 2820 p.
811 2781 884 2820 367.

932 159 1233 194 CATALOGUS
1260 160 1494 196 CODICUM
1522 161 1630 195 MSS.

1326 261 1377 290 23.
1397 259 1543 290 Homiliae
1559 259 1627 289 duae
1643 259 1681 290 de
1696 259 1890 301 poenitentia.
1913 262 1964 292 sol.
1975 271 2046 304 327.

1447 311 1524 341 Ibid.
1540 314 1616 341 tom.
1633 310 1662 340 ii.
1678 322 1708 351 p.
1725 320 1797 351 340.

1329 376 1380 405 24.
1396 374 1443 405 Dc
1459 375 1661 415 eleemosyna.
1685 375 1736 405 fol.
1755 376 1815 415 336
1831 375 1859 405 b.

1458 425 1535 455 Ibid.
1553 428 1628 455 tom.
1644 425 1674 455 ii.
1690 436 1718 466 p.
1738 435 1808 465 294.

1330 488 1380 517 25.
1398 487 1448 517 Ad
1465 498 1526 521 eos,
1545 487 1595 527 qui
1614 487 1712 527 primo
1729 487 1851 517 Pascha
1862 487 2015 528 jejunant.
2038 486 2089 517 fol.
2102 496 2170 529 343.

1457 539 1538 568 Ibid.
1556 541 1630 568 tom.
1649 538 1668 568 i.
1686 550 1713 579 p.
1732 539 1803 569 606.

1331 601 1380 632 26.
1402 602 1439 631 In
1456 601 1615 631 Psalmum
1631 601 1689 631 cxl.
1714 601 1764 631 fol.
1779 610 1840 641 352
1852 601 1881 631 b.

1460 653 1541 684 Ibid.
1558 657 1633 683 tom.
1652 664 1678 683 v.
1696 664 1725 694 p.
1741 655 1813 692 426.
2116 688 2118 691 .

1461 705 1499 733 In
1525 703 1617 739 calce,
1646 707 1696 734 τοῦ
1722 705 1931 743 Χρυσοστόμου
1957 703 2056 741 ὁμιλία
2083 703 2122 734 εἰς
2143 701 2182 738 τὸ,
2217 739 2218 752 ¹

1438 756 1525 793 Κύριε
1542 754 1680 794 ἐκέκραξα
1695 755 1766 794 πρὸς
1782 756 1817 785 σὲ
1834 754 2007 785 εἰσάκουσόυ
2022 766 2085 792 μου.

1459 805 1625 836 Praemissa
1641 812 1688 836 cst
1703 805 1801 836 codici
1818 805 1925 836 tabula
1941 804 2143 835 homiliarum.
2218 805 2219 825 l

1311 958 1430 991 Codex
1458 957 1751 995 membranaceus,
1779 957 1812 989 in
1840 956 1934 998 folio,
1964 955 1997 989 ff.
2017 953 2098 995 364,
2124 966 2185 989 sec.
2218 963 2219 971 ¹

1335 1017 1403 1055 xi.;
1423 1016 1511 1049 bene
1529 1020 1690 1049 exaratus
1709 1020 1745 1048 et
1764 1019 1927 1048 servatus.

1353 1087 1385 1115 S.
1403 1085 1424 1115 J
1427 1085 1557 1115 ohannis
1595 1084 1809 1126 Chrysostomi
1848 1084 2055 1115 Homiliarum
2089 1087 2186 1114 tomus
2218 1069 2219 1079 ἵ

1373 1135 1471 1171 alterg
1489 1135 1614 1170 scilieet,
2218 1126 2219 1131 ¹

1354 1191 1382 1220 1.
1403 1189 1547 1220 Homiliae
1571 1189 1678 1230 viginti
1703 1200 1765 1220 una
1787 1189 1825 1219 do
1848 1189 1961 1219 statuis
1984 1189 2022 1219 ad
2045 1188 2186 1230 populum
2217 1193 2219 1233 j

1416 1242 1649 1272 Antiochenum
1664 1241 1790 1276 habitae,
1804 1241 1918 1281 prfevia
1934 1240 2050 1271 tabula.
2074 1240 2126 1270 fol.
2137 1250 2165 1281 3.
2218 1261 2219 1280 ff

1459 1293 1522 1323 Tit.
1535 1293 1553 1322 i.
1570 1291 1707 1322 Ἰωάννου
1724 1295 1773 1322 τοῦ
1789 1291 1948 1331 ἱιγιωτάτου
1964 1292 2186 1331 ἀρχιεπισκόπου

1439 1345 1777 1375 Κωνσταντιιόυπόλεως
1797 1346 1847 1373 τοῦ
1866 1343 2075 1382 Χρυσοστόμου
2092 1343 2185 1381 ὁμιλία

1437 1397 1580 1434 λεχθεῖσα
1614 1396 1645 1424 ἐν
1675 1393 1841 1434 Ἀντιοχείᾳ
1873 1393 2072 1432 πρεσβυτέρου
2105 1393 2186 1423 αὐτοῦ

1436 1445 1618 1485 ὑπάρχοντος
1638 1446 1678 1477 εἰς
1701 1445 1733 1475 τὸ
1754 1445 1842 1484 ῥητὸυ
1863 1448 1913 1475 τοῦ
1928 1446 2105 1480 ἀποστόλου,
2123 1445 2186 1486 οἵυῳ

1436 1498 1526 1536 ὀλίγῳ
1543 1500 1611 1536 χρῶ.
1631 1510 1655 1526 κ.
1665 1501 1694 1526 λ.

1459 1548 1596 1578 Exstant
1609 1548 1748 1589 impress.
1762 1547 1844 1578 inter
1858 1558 1962 1589 opera,
1979 1550 2054 1578 tom.
2071 1547 2099 1577 ii.
2116 1558 2146 1588 p.
2162 1556 2184 1577 Ι,

1335 1612 1381 1640 ,2.
1399 1610 1450 1640 Ad
1467 1610 1684 1640 illuminandos
1699 1610 1869 1640 catechesis
1885 1609 2030 1640 secunda.
2054 1609 2105 1640 fol.
2120 1618 2184 1651 223.
2217 1620 2219 1628 ⁴

1460 1661 1538 1691 Ibid.
1556 1669 1630 1691 tom.
1650 1661 1679 1691 ii.
1696 1672 1725 1702 p.
1744 1671 1815 1701 234.
2216 1656 2219 1660 ⁴

1351 1726 1380 1754 3.
1398 1724 1446 1754 Do
1471 1723 1779 1764 Iucomprehcnsibili
1807 1727 1917 1753 contra
1940 1724 2108 1753 Anomaeos
2133 1722 2184 1752 ho-
2217 1726 2218 1753 l

1415 1775 1506 1805 miliae
1524 1779 1604 1805 octo.
1629 1774 1679 1804 fol.
1698 1783 1767 1814 234.

1459 1826 1539 1856 Ibid.
1567 1830 1642 1856 tom.
1668 1825 1686 1856 i.
1712 1836 1762 1866 pp.
1788 1835 1966 1865 444—491‚
1989 1833 2062 1866 541,
2085 1835 2186 1866 501——
2218 1824 2222 1851 ἶ

1435 1887 1509 1917 5243·

1352 1944 1382 1972 4.
1400 1942 1518 1973 Contra
1533 1941 1661 1971 Judaeos
1676 1941 1803 1972 homilia
1818 1941 1930 1982 prima..
1954 1941 2006 1972 fol.
2016 1951 2088 1982 309.

1460 1993 1539 2023 Ibid.
1558 1996 1634 2023 tom.
1651 1992 1670 2022 i.
1687 2003 1717 2032 p.
1734 1993 1807 2032 587.

1351 2058 1380 2086 5.
1398 2055 1433 2086 In
1449 2055 1511 2086 Job
1527 2055 1660 2086 homiliae
1677 2058 1822 2096 quatuor.
1845 2054 1894 2085 sol.
1908 2065 1980 2096 323.

1460 2107 1541 2137 Ibid.
1558 2110 1633 2137 tom.
1650 2107 1688 2137 vi.
1704 2118 1733 2147 p.
1750 2115 1822 2147 579,
1840 2106 1872 2136 in
1887 2106 2007 2147 spuriis.
2216 2107 2217 2146 l

1353 2171 1381 2202 6.
1398 2171 1446 2202 De
1474 2171 1628 2212 fugiendis
1658 2170 1842 2212 spectaculis
1872 2174 1903 2201 ct
1930 2171 1968 2201 de
1998 2170 2184 2201 Abrahamo.
2216 2195 2217 2199 ,

1416 2221 1467 2252 f01.
1480 2222 1541 2262 348
1556 2222 1584 2252 b.
2215 2205 2217 2245 l

1458 2273 1519 2304 Tit.
1536 2275 1586 2303 τοῦ
1610 2274 1642 2303 ἐν
1665 2273 1757 2312 ἁγίοις
1779 2272 1886 2311 πατρὸς
1908 2273 1996 2310 ἡμῶν,
2018 2285 2042 2302 κ.
2055 2276 2082 2302 λ.
2102 2272 2186 2311 λόγος
2215 2272 2217 2301 ἶ

1436 2337 1455 2364 γ
1477 2325 1517 2355 εἷς
1541 2324 1573 2353 τὸ
1597 2324 1635 2362 μὴ
1660 2325 1831 2361 πλησιάζειν
1856 2323 1985 2362 θεάτροις
2010 2323 2056 2353 καὶ
2082 2324 2122 2354 εἰς
2139 2321 2186 2352 τὸν
2216 2317 2217 2349 J

1438 2375 1584 2414 Ἀβραάμ.

1458 2426 1625 2457 Consentit
1648 2436 1717 2456 cum
1738 2425 1865 2456 homilia
1880 2425 1975 2456 tertia
1995 2425 2026 2455 in
2042 2424 2143 2456 David
2157 2426 2186 2455 et
2214 2422 2216 2448 ἶ

1438 2478 1512 2509 Saul
1538 2478 1578 2508 ad
1603 2478 1696 2508 verba
1722 2477 1771 2508 fol.
1791 2485 1862 2518 352,
1886 2477 1904 2507 l.
1925 2487 1974 2514 11,
1995 2479 2124 2516 καθαρὰν
2138 2476 2186 2514 τὴν
2214 2505 2216 2511 .

1437 2530 1633 2568 φιλοσοφίαν,
1657 2528 1688 2558 in
1711 2529 1785 2559 edit.
1807 2528 1857 2559 cit.
1879 2532 1951 2558 tom.
1968 2528 2005 2558 iv.
2022 2539 2051 2569 p.
2071 2537 2138 2568 772,
2155 2527 2184 2559 C.
2222 2540 2223 2543 ¹

1433 2588 1460 2613 2,
1474 2582 1584 2619 postea
1596 2589 1668 2609 vcro
1684 2578 1726 2609 sic
1743 2578 1950 2615 continuatur,
1961 2578 2066 2609 λοιπὸν
2079 2579 2104 2608 εἰ
2115 2579 2190 2608 δοκεῖ
2203 2578 2217 2618 ‘J

1439 2630 1486 2659 ἐπὶ
1498 2629 1530 2659 τὸ
1543 2630 1733 2668 προκείμενον
1745 2630 1797 2659 τὸν
1809 2630 1901 2668 λόγον
1916 2629 2184 2669 χειραγωγήσωμεν,
2214 2662 2215 2666 ¹

1437 2684 1469 2710 et
1489 2680 1585 2710 desin.
1606 2682 1679 2719 μετὰ
1699 2680 1801 2711 Ἰσαὰκ
1826 2681 2070 2719 ἀναπαυσώμεθα,
2097 2678 2187 2720 χάριτι
2214 2667 2216 2686 ,³

1439 2732 1487 2762 καὶ
1524 2733 1728 2774 φιλανθρωπίᾳ
1764 2735 1814 2763 τοῦ
1852 2732 1947 2771 κυρίου
1984 2735 2060 2771 ἡμῶν
2095 2732 2186 2769 Ἰησοῦ
2214 2719 2215 2729 ¹

1441 2784 1578 2821 Χριστοῦ,
1595 2796 1618 2812 κ.
1631 2786 1660 2812 λ.
