2254 3117
318 160 363 194 36

341 263 499 292 exaratus
530 263 565 292 et
591 262 740 297 ornatus,
771 269 815 291 ex
847 259 936 292 dono
968 258 1058 292 Rob.
1081 258 1196 292 Fleni-
1223 273 1225 281 =

340 327 454 354 invuo‘.

356 344 536 406 Ᾰ111ῗ661111
553 375 698 405 Noctium
713 374 893 405 Atticarum
910 375 979 405 libri
996 387 1059 413 xx.,
1075 376 1193 417 capitu-

375 427 412 456 lis
427 426 535 466 cuique
551 426 628 456 libro
644 425 828 467 praeniissis;
854 437 924 456 eum
946 427 1060 457 notulis
1080 428 1192 469 margi·
1222 430 1224 434 ‘

375 477 504 507 nalibus.

417 527 479 558 Tit.
499 527 601 557 “Auli
626 527 715 558 Gellii
740 527 887 558 Noctium
912 528 1091 559 Atticarum
1115 530 1192 560 liber
1222 534 1223 541 ¹

393 579 508 620 primus
527 578 636 619 incipit
652 579 811 610 feliciter.''

715 685 792 718 LX.

309 754 428 788 Codex
449 754 658 793 chartaceus,
678 756 711 788 in
731 758 803 795 4to,
822 755 855 789 ff.
873 759 952 795 305,
972 769 1039 791 sec.
1059 769 1125 795 xv„
1145 770 1188 792 ex

328 813 417 845 dono
437 812 581 846 Robcrti
601 813 765 857 ejusdem.

350 882 377 910 1.
396 880 557 911 Plutarchi
575 881 821 922 comparationes
837 893 949 923 parvae,
966 882 1077 913 Lat-inc
1093 894 1187 914 versas-

410 943 465 972 per
495 932 668 962 Guarinum
696 932 917 969 Veronensem,
948 934 1065 974 praevia
1094 934 1187 965 inter-

409 981 505 1022 pretis
521 982 704 1021 praefatione
728 983 768 1013 ad
791 983 812 1013 J
815 984 947 1014 acobum
965 984 1185 1025 Lavagnolum.

410 1031 461 1061 fol.
478 1041 503 1062 2.

452 1082 512 1112 Tit.
531 1082 743 1113 “Doctissimi
758 1084 813 1114 viri
837 1085 967 1115 Guarini
990 1085 1030 1115 ad
1056 1085 1184 1116 clarissi-

428 1144 512 1163 mum
532 1134 632 1164 virum
652 1134 807 1165 Jacobum
826 1135 1039 1177 Lauagnolum
1058 1136 1089 1166 in
1105 1148 1184 1167 com-
1216 1134 1217 1140 ¹

428 1184 607 1224 parationes
622 1196 735 1225 parvas
750 1185 909 1217 Plutarchi
927 1186 1096 1227 proemium
1113 1187 1184 1217 inci—

428 1235 475 1275 pit
493 1235 676 1266 foelicitcl·.''

451 1286 547 1327 Incip.
565 1294 582 1303 ⁸*
596 1289 673 1318 Cum
690 1293 721 1318 tc
738 1288 896 1325 Poliauus,
914 1289 1119 1319 suavissimc.”

342 1343 370 1371 Ω.
391 1341 549 1372 Laurentii
567 1342 666 1373 Vallae
691 1343 728 1373 dc
751 1343 905 1384 elegantia
928 1343 1039 1385 linguae
1064 1344 1182 1375 Latina*

404 1392 475 1422 libri
491 1404 554 1422 sex.
579 1393 629 1423 fol.
648 1404 694 1433 15.

450 1447 487 1477 In
504 1447 597 1484 calce,
612 1452 630 1465 “
648 1448 805 1479 Laurentii
818 1449 1062 1486 Valla·,R01nani
1079 1457 1181 1481 orato-

424 1500 466 1529 ris
489 1500 667 1533 doctissimi.
694 1501 732 1531 de
754 1501 863 1541 linguae
882 1502 1002 1533 Latinae
1027 1503 1181 1544 elegantia

424 1551 500 1581 liber
515 1556 620 1582 sextus
637 1557 667 1583 ct
684 1553 810 1583 ultimus
826 1553 968 1584 stelicitcr
984 1554 1136 1595 explicit.”

690 1657 790 1691 LXI.

297 1719 415 1752 Codex
435 1719 559 1763 partim
589 1719 788 1753 chartaceus
812 1722 936 1765 partim
962 1723 1177 1757 membrana-

322 1788 411 1816 ceus,
428 1777 462 1809 in
483 1779 542 1810 4to
562 1777 693 1813 minori.
713 1778 746 1811 ff.
766 1781 844 1818 171,
863 1791 949 1813 secc.
965 1793 1021 1815 xv.
1037 1787 1072 1814 ct
1089 1783 1158 1816 xiv.

336 1847 533 1878 Uollectanea
550 1848 635 1878 varia
650 1848 803 1889 praecipue
819 1850 859 1880 ad
875 1854 976 1881 artem
996 1853 1175 1893 grammati-

356 1910 422 1929 cam
439 1899 632 1940 spectantia3
656 1900 782 1936 scilicet,

316 1951 341 1980 1.
359 1950 552 1989 Quaestiones
572 1955 604 1981 et
626 1951 737 1992 regulae
760 1953 1009 1993 grammaticales
1033 1954 1064 1984 in
1085 1966 1173 1985 usum

377 2012 551 2042 puerorum.
575 2001 626 2032 fol.
644 2012 668 2031 1.
686 2007 712 2032 et
719 2003 845 2043 passim.

419 2051 516 2092 Incip.
535 2056 553 2069 “
568 2052 652 2091 Quot
668 2056 740 2083 sunt
756 2053 924 2094 qualitates
940 2054 971 2084 in
987 2056 1137 2087 nomine.”

418 2104 597 2143 Sequuntur
612 2114 719 2134 versus
734 2104 860 2142 leonini,
876 2105 966 2146 incip.

354 2158 371 2171 (-
386 2154 452 2193 Quo
468 2154 508 2184 do
524 2154 681 2194 componit
697 2155 821 2185 inflexio
837 2156 934 2186 tercia
950 2156 1058 2187 dieit.''

311 2212 339 2239 Ω.
357 2209 548 2239 Glossarium
566 2209 713 2240 Latinum
729 2214 761 2241 et
778 2210 947 2252 Belgicum.
971 2213 1020 2243 sol.
1040 2214 1085 2243 18.

417 2261 514 2301 Incip.
533 2266 549 2278 ‘⁴
563 2262 681 2292 Domus
697 2262 792 2292 fundi.
823 2263 937 2306 'Laetff'

310 2318 338 2345 ti.
356 2316 405 2346 De
421 2322 491 2347 octo
509 2317 650 2357 partibus
667 2317 825 2348 orationis.
850 2318 901 2348 fol.
914 2328 964 2358 47.

416 2368 512 2409 Incip.
531 2374 547 2385 ‘⁸
567 2369 643 2400 Cum
658 2369 811 2410 presentis
827 2373 932 2400 nostre
948 2370 1155 2401 intentionis.”
1200 2372 1201 2386 ³

311 2426 337 2453 ⁴l-.
356 2424 475 2454 Versus
490 2424 707 2464 proverbiales.
730 2424 781 2454 fol.
794 2433 847 2465 52,
863 2426 897 2454 61
919 2424 947 2454 b.

416 2474 512 2515 Incip.

311 2535 327 2541 ··
342 2525 413 2555 Huc
430 2525 507 2557 bene
523 2536 612 2556 omne
624 2526 767 2566 remigat,
780 2526 940 2556 nobiscum
956 2537 1025 2557 cras
1043 2527 1168 2568 naviga-

373 2576 446 2605 bitf'
969 2571 973 2575 .

413 2628 463 2657 Ad
487 2628 537 2658 fol.
555 2629 591 2658 61
617 2630 751 2660 occurrit
777 2630 919 2670 epistola,
943 2630 1006 2660 sive
1036 2630 1169 2660 formula

392 2678 540 2719 epistolio,
564 2679 649 2710 Petri
675 2681 894 2712 commorantis
916 2681 1103 2722 Andvcrpiae
1128 2681 1167 2711 ad

391 2729 580 2766 Johannem,
606 2731 791 2761 scholarium
818 2736 970 2762 rectorem
999 2732 1030 2761 in
1054 2731 1167 2767 Bccck,

395 2779 581 2810 Willelmum
598 2785 742 2822 nepotem
768 2793 855 2813 suum
880 2783 1107 2819 commendans,
1133 2786 1167 2812 ut

868 158 1169 194 CATALOGUS
1195 161 1429 196 CODICUM
1460 163 1568 198 MSS.

1223 290 1225 311 1
1355 260 1515 301 disciplina
1536 260 1721 292 scholastica
1743 269 1774 292 et
1796 263 1934 294 moribus
1956 264 2127 297 honestatis

1223 319 1225 332 ¹
1352 311 1507 342 induatur.

1223 374 1224 413 1
1267 365 1295 393 5.
1314 362 1449 394 Libellus
1464 364 1502 394 de
1518 363 1618 404 poenis
1634 363 1754 394 inferni.
1778 364 1831 396 fol.
1847 365 1896 405 96.

1374 414 1470 456 Incip.
1488 420 1506 431 ‘²
1522 415 1611 445 Inter
1626 415 1725 446 multa
1740 415 1830 446 utilia
1845 415 1876 446 in
1892 415 1959 457 lege
1974 416 2064 447 Dei.”

1222 462 1224 474 l

1222 491 1223 532 ἰ
1266 470 1294 501 6.
1312 470 1362 501 De
1378 471 1573 502 ordinatione
1589 471 1723 512 quinque
1739 482 1875 502 casuum.
1899 471 1949 502 fol.
1966 482 2033 503 112.

1372 521 1469 563 Incip.
1498 526 1514 539 “
1535 522 1596 553 Pro
1623 522 1818 553 ordinatione
1843 522 1978 564 quinque
2001 535 2125 556 casuum

1350 574 1381 603 in
1398 574 1538 604 oratione
1554 575 1719 615 congrua.”

1220 707 1221 714 ¹
1266 677 1294 707 7.
1311 676 1503 715 Quaestioncs
1518 676 1776 717 grammaticales.
1800 676 1849 706 fol.
1869 686 1934 706 120.

1220 719 1221 730 ¹
1372 727 1467 767 Incip.
1486 732 1503 744 ‘⁸
1516 728 1677 764 Dominus,
1695 739 1754 768 que
1770 729 1863 768 pars?
1894 727 2040 757 Nmnenfi'

1370 777 1484 809 Deficit
1499 779 1531 809 in
1547 780 1658 815 verbis,
1676 783 1694 797 “
1708 779 1756 809 dic
1773 790 1857 820 crgo,
1874 783 1922 809 cst
1942 779 2058 810 bonum
2081 780 2123 811 la-

1349 830 1481 860 tinum.''

1262 926 1290 953 8.
1307 923 1435 963 Regulae
1451 924 1518 954 aliae
1534 924 1792 964 grammaticales.
1818 925 1868 955 fol.
1886 933 1953 965 152.

1368 975 1466 1016 Incip.
1492 979 1512 993 “
1530 975 1629 1005 Omne
1655 986 1767 1006 nomen
1794 979 1842 1006 est
1867 975 2053 1017 adjectivum
2074 979 2121 1010 vel

1344 1026 1582 1057 substantivum.
1628 1027 1695 1067 Ego
1712 1038 1862 1068 cognosco
1879 1026 2019 1057 nomen.”

1367 1076 1404 1106 In
1420 1077 1513 1113 calce,
1531 1081 1548 1093 “
1562 1077 1742 1118 Expliciunt
1757 1077 1862 1119 regule
1878 1078 2071 1118 puerorum.”

1365 1127 1556 1168 Sequuntur,

1280 1190 1308 1209 a.
1325 1183 1343 1195 “
1363 1178 1505 1219 Scriptor
1532 1179 1582 1219 qui
1610 1179 1744 1220 scripsit,
1771 1190 1841 1209 cum
1870 1178 1996 1210 Christo
2020 1179 2119 1210 vivere

1408 1231 1504 1271 possit
1516 1243 1524 1266 3

1365 1282 1423 1321 Qui
1440 1293 1488 1312 me
1504 1282 1660 1313 scribebat
1675 1307 1680 1312 .
1699 1283 1813 1313 Petrus
1829 1293 1940 1313 nomen
1956 1282 2118 1313 habebat.”

1280 1334 1308 1363 b.
1327 1338 1343 1349 “
1358 1333 1423 1364 Istc
1449 1333 1526 1363 liber
1549 1334 1685 1374 pertinet
1706 1333 1727 1364 J
1731 1335 1829 1365 udoco
1853 1335 1891 1365 (le
1907 1334 2068 1375 WVaryerQ
2093 1335 2117 1365 si

1341 1385 1408 1426 quis
1424 1385 1560 1416 inveniat
1577 1397 1682 1416 amore
1697 1385 1758 1416 Dei
1774 1386 1831 1416 sibi
1848 1386 1991 1416 red(lat.”

1256 1444 1285 1475 9.
1302 1442 1352 1472 De
1368 1445 1436 1472 arte
1453 1441 1591 1472 met-rica..
1615 1442 1665 1472 fol.
1683 1444 1751 1481 164.

1361 1493 1457 1534 Incip.
1484 1497 1500 1510 *⁶
1512 1493 1752 1524 Introducendis
1768 1494 1798 1523 in
1814 1497 1915 1523 artem
1930 1491 2115 1523 metrifican—

1339 1544 1381 1581 di,
1396 1544 1494 1585 primo
1510 1544 1674 1574 videndum
1691 1548 1738 1575 est
1754 1544 1827 1584 quid
1843 1544 1884 1574 sit
1900 1543 2059 1574 metrum.''

1359 1595 1475 1626 Deficit
1491 1595 1522 1625 in
1538 1596 1649 1633 verbis,
1668 1600 1685 1612 ‘⁶
1698 1595 1730 1625 in
1753 1595 1856 1626 iambo
1875 1595 2056 1626 ascenditur
2077 1595 2114 1626 de

1207 1639 1210 1709 f
1337 1646 1423 1676 brevi
1440 1645 1549 1677 sillaba
1565 1646 1595 1676 in
1610 1646 1756 1687 longam”

1209 1583 1211 1599 t

1209 1600 1211 1611 1

1206 1772 1208 1808 3
1611 1764 1730 1798 LXII.

1205 1854 1207 1878 j
1229 1837 1348 1870 Codex
1376 1837 1587 1875 chartaceus,
1612 1836 1645 1868 in
1668 1835 1760 1873 folio.
1788 1834 1821 1867 ff.
1842 1837 1922 1873 201,
1947 1846 2014 1868 sec.
2032 1846 2110 1875 xv.;

1253 1896 1427 1939 utrimque
1446 1893 1558 1927 mutil.

1270 1960 1298 1989 1.
1316 1958 1471 1999 Anonymi
1489 1958 1647 1998 cujusdam
1672 1957 1911 1987 commentarius
1930 1956 1961 1986 in
1985 1956 2015 1986 S.
2033 1955 2108 1986 Hie-

1331 2009 1451 2050 ronymi
1475 2008 1638 2050 epistolam
1663 2009 1703 2038 ad
1728 2009 1875 2038 Fratrem
1897 2006 2108 2044 Ambrosium,

1331 2061 1393 2091 sive
1424 2060 1636 2101 praefationem
1660 2060 1700 2090 ad
1725 2059 1857 2090 Bibliam
1885 2069 2013 2095 sacram,
2038 2068 2107 2088 cum

1330 2110 1474 2151 prologo;
1498 2109 1588 2140 initio
1604 2110 1703 2140 mutil.
1727 2110 1779 2139 sol.
1796 2119 1818 2139 1.

1374 2162 1469 2202 Incip.
1486 2161 1563 2202 prol.
1580 2161 1610 2191 in
1632 2161 1742 2198 verbis,
1760 2166 1778 2177 ⁴*
1791 2160 2009 2202 tropologicus,
2035 2160 2105 2190 alle—

1350 2213 1501 2254 goricus.”

1372 2265 1468 2305 Incip.
1482 2267 1645 2294 comment.
1659 2268 1678 2280 ‘⁸
1693 2263 1805 2294 Frater
1817 2262 2019 2298 Ambrosius3
2039 2262 2105 2292 Ista

1350 2316 1481 2359 epistola
1494 2316 1577 2346 beati
1588 2314 1741 2345 -Jeronimi
1754 2313 1935 2355 preponitur
1947 2313 2006 2343 toti
2018 2324 2103 2343 sacre

1350 2365 1528 2406 scripturos*

1370 2417 1476 2447 Desin.
1496 2417 1628 2458 abrupte
1644 2416 1676 2446 in
1692 2416 1792 2446 verbis
1817 2426 1882 2456 cap.
1901 2416 1928 2451 8,
1953 2419 1973 2431 “
1990 2415 2102 2445 debeat

1348 2479 1414 2498 csse
1430 2467 1540 2498 festiva
1557 2467 1620 2497 sine
1637 2477 1724 2497 mora
1744 2466 1889 2497 consiliis

1198 2491 1200 2554 i
1263 2524 1292 2553 2.
1312 2523 1459 2563 Ejusdem
1476 2523 1579 2552 forsan
1595 2521 1732 2552 auctoris
1754 2521 1907 2562 expositio
1927 2521 1958 2551 in
1979 2521 2009 2551 S.
2024 2520 2100 2551 Hie-

1198 2566 1199 2582 ³
1326 2574 1445 2614 ronymi
1461 2573 1622 2614 prologum
1638 2573 1669 2602 in
1687 2573 1944 2603 Pentateuchum.
1966 2572 2017 2602 sol.
2031 2580 2099 2610 107.

1197 2587 1199 2656 i
1370 2628 1467 2669 Incip.
1486 2632 1505 2645 ‘⁴
1518 2627 1672 2657 Desiderii
1689 2627 1766 2661 mei;
1792 2626 1950 2666 Expedito
1972 2626 2098 2667 prologo

1197 2674 1199 2747 y
1346 2679 1481 2721 generali
1502 2679 1533 2708 in
1549 2682 1649 2709 totam
1673 2678 1798 2708 bibliam
1822 2678 1853 2707 in
1873 2688 1932 2718 quo
1953 2676 2097 2718 multipli—

1346 2731 1423 2761 eiter
1438 2729 1600 2760 notificata
1614 2731 1693 2760 cst.'’

1261 2783 1290 2812 3.
1308 2781 1431 2812 Notieia
1447 2781 1485 2811 de
1501 2779 1716 2811 observatione
1732 2778 1879 2820 paschali.
1903 2779 1952 2809 fol.
1967 2788 2034 2810 122.
