2254 3117
636 165 877 200 COLLEGII
905 166 1278 204 MERTONENSIS.
1825 178 1869 207 25

67 266 96 295 4.
114 263 375 306 Hypognosticon
385 263 455 294 libri
464 267 603 305 quatuor
612 268 723 294 contra
734 263 929 306 Pelagianos.

130 315 180 346 fol.
198 324 247 345 21.

174 366 255 397 ΙΙ)1(1.
272 370 347 396 tom.
362 377 391 396 x.
409 367 492 407 App.
510 365 565 396 col.
581 366 609 396 6.

66 424 94 452 5.
111 421 345 452 Confessionum
362 421 431 451 libri
448 421 606 451 tredecim.
632 420 682 450 fol.
699 430 751 461 32.

175 472 253 503 Ibid.
272 477 346 503 tom.
360 472 379 502 i.
396 471 452 502 col.
467 474 517 510 69.

65 527 94 557 6.
112 527 160 557 De
178 527 295 568 nuptiis
319 531 350 557 et
373 526 641 568 concupiscentiis,
660 538 730 557 cum
746 527 875 568 prologo
890 527 930 557 ad

128 578 298 609 Valerium.
323 577 373 608 fol.
392 586 441 617 79.

171 629 251 659 Ibid.
269 633 344 660 tom.
360 640 389 659 x.
406 629 463 659 col.
480 637 549 668 279.

62 694 92 724 7.
112 692 205 723 Liber
227 693 267 723 ad
284 692 450 723 Paulinum
475 697 507 723 et
533 692 721 734 Eutropium
745 693 784 723 de
811 692 928 734 perfec-

127 743 210 774 tione
222 743 354 784 justitiae
370 743 513 780 hominis,
530 744 679 774 adversus
700 755 753 774 eos
774 744 826 785 qui
847 754 930 774 asse-

126 799 200 825 runt
216 794 373 825 hominem
390 806 478 836 posse
494 795 560 826 fieri
581 796 702 836 justum
724 795 797 826 solis
814 795 930 825 viribus

126 846 198 876 suis.
222 845 273 876 fol.
293 848 343 884 84.

169 898 248 928 Ibid.
266 903 341 929 tom.
355 909 384 928 x.
402 898 459 929 col.
475 900 562 939 167.—

61 955 91 984 8.
111 953 155 984 De
172 958 286 984 natura
306 958 338 984 et
358 953 463 995 gratia
483 954 523 984 ad
541 953 712 984 Timasium
729 957 761 984 et
777 954 816 984 ad
834 953 854 983 J
856 964 926 984 aco-

125 1005 207 1035 bum.
231 1005 283 1035 fol.
301 1006 340 1045 89
354 1005 383 1035 b.

170 1055 249 1085 Ibid.
268 1060 343 1085 tom.
357 1067 386 1086 x.
404 1055 460 1086 col.
479 1064 546 1096 127.

61 1112 89 1144 9.
107 1110 158 1141 Ad
175 1108 380 1141 Valentinum
397 1114 428 1141 et
440 1111 555 1142 fratres
568 1111 706 1153 epistolae
719 1112 797 1143 duae.
815 1112 866 1143 fol.
877 1123 927 1152 99.

169 1161 250 1191 Ibid.
270 1166 345 1192 tom.
359 1161 389 1191 ii.
407 1161 463 1192 col.
479 1170 549 1203 791.

42 1219 89 1247 10.
106 1217 157 1248 De
186 1217 291 1258 gratia
322 1222 354 1248 et
379 1217 478 1248 libero
502 1219 634 1249 arbitrio
658 1219 699 1250 ad
727 1219 927 1250 Valentinum

123 1269 211 1299 liber.
236 1269 288 1299 fol.
310 1279 368 1299 100
381 1269 410 1300 b.

166 1320 246 1350 Ibid.
264 1326 339 1351 tom.
353 1332 383 1351 x.
401 1321 456 1352 001.
474 1323 545 1361 718.

39 1376 86 1405 11.
105 1375 153 1406 De
168 1376 364 1418 correptione
381 1381 412 1408 et
427 1377 531 1418 gratia
547 1378 586 1409 ad
600 1379 740 1409 eundem.
758 1379 810 1409 fol.
828 1388 883 1418 107
896 1379 925 1410 b.

166 1426 245 1458 Ibid.
264 1435 340 1458 torn.
355 1439 384 1458 x.
402 1429 459 1459 col.
474 1438 546 1470 750.

39 1482 89 1512 12.
107 1482 156 1512 De
171 1482 308 1513 utilitate
325 1483 470 1514 credendi
487 1483 574 1514 liber.
598 1484 649 1515 sol.
672 1494 703 1514 11
722 1485 751 1515 b.

166 1533 248 1564 Ibid.
265 1538 340 1564 tom.
355 1533 414 1564 viii.
432 1534 488 1564 col.
501 1544 552 1576 45.

39 1589 88 1618 18.
104 1587 153 1618 De
167 1588 272 1619 anima
288 1593 320 1619 et
336 1588 447 1629 spiritu
465 1589 551 1620 liber.
575 1589 626 1620 fol.
645 1599 711 1630 125.

164 1639 245 1669 Ibid.
262 1644 337 1670 tom.
352 1640 389 1670 vi.
407 1640 491 1682 App.
510 1640 567 1671 001.
581 1651 631 1682 35.

39 1706 87 1735 14.
105 1704 154 1735 De
176 1704 414 1736 immortalitate
434 1705 545 1736 animae
562 1705 650 1742 liber,
664 1705 779 1746 praevia
796 1705 925 1736 Retrac—

120 1757 249 1787 tatione.
272 1756 323 1787 fol.
346 1766 413 1798 131.

164 1807 243 1838 Ibid.
261 1811 337 1838 tom.
350 1807 372 1838 i.
389 1808 446 1838 001.
460 1809 533 1850 387.

2 1899 8 1903 .
38 1871 87 1902 15.
104 1871 151 1902 De
180 1871 298 1913 origine
328 1872 438 1903 animae
466 1872 544 1903 liber
573 1873 614 1904 ad
638 1873 768 1904 Petrum
799 1873 924 1914 presby-

121 1927 234 1954 terum.
258 1923 310 1953 fol.
330 1933 398 1965 134.

164 1975 243 2006 Ibid.
260 1979 336 2006 tom.
349 1987 379 2006 x.
396 1975 453 2006 col.
466 1985 539 2017 357.

38 2039 86 2069 16.
104 2039 155 2069 Ad
178 2038 383 2070 Vincentium
408 2039 567 2070 Victorem
595 2040 633 2070 de
659 2040 767 2070 eadem
793 2051 825 2071 re
854 2040 924 2071 libri

119 2090 189 2121 dno.
213 2090 264 2121 fol.
286 2091 354 2131 138.

163 2141 245 2172 Ibid.
262 2147 338 2172 tom.
353 2153 383 2172 X.
401 2142 458 2173 col.
472 2151 546 2183 373.

37 2201 86 2232 17.
103 2200 153 2231 De
169 2202 348 2242 quantitate
363 2202 485 2239 animae,
503 2213 573 2233 cum
588 2203 726 2243 prologo.
751 2202 803 2233 fol.
828 2213 893 2243 ¹49·

164 2254 245 2284 Ibid.
260 2258 336 2285 tom.
350 2254 368 2284 i.
386 2254 443 2285 col.
456 2265 529 2293 401.

37 2313 85 2342 18.
104 2313 151 2343 De
174 2316 287 2344 natura
310 2314 422 2344 animae
446 2314 486 2344 ad
504 2313 671 2346 Renatum,
689 2324 759 2343 011111
784 2313 923 2355 prologo.

120 2364 171 2394 fol.
193 2366 260 2394 161.

164 2415 242 2446 Ibid.
259 2422 334 2446 tom.
349 2427 377 2446 x.
395 2417 451 2447 col.
465 2426 538 2457 337.

37 2474 85 2506 19.
103 2474 149 2505 De
166 2475 287 2506 duabus
303 2476 476 2506 animabus.
501 2475 549 2505 fol.
573 2477 640 2511 167.

163 2526 242 2557 Ibid.
261 2531 336 2558 toni.
351 2527 411 2557 viii.
429 2526 485 2557 col.
500 2536 547 2566 75.

37 2585 86 2614 20.
102 2585 153 2615 De
175 2585 292 2617 Genesi
319 2587 360 2617 ad
385 2586 518 2623 literam,
540 2585 653 2626 praevia
676 2586 920 2618 Retractatione.

119 2636 169 2666 fol.
192 2646 258 2677 173-

164 2687 243 2718 Ibid.
261 2691 336 2718 tom.
351 2687 392 2718 iii.
409 2687 467 2718 col.
482 2697 532 2728 93.

163 2743 287 2774 Desinit
317 2743 348 2773 in
371 2743 484 2780 verbis,
508 2748 527 2761 “

142 2795 338 2836 imaginem.”

545 2744 628 2784 quod
659 2743 776 2774 dictum
807 2748 854 2774 est
881 2745 921 2775 ad

981 266 1031 295 21.
1050 266 1100 296 De
1117 267 1229 297 Genesi
1246 268 1396 298 adversus
1413 268 1608 299 Manichoeos
1624 268 1692 299 libri
1709 269 1782 306 duo,
1800 281 1869 300 cum

1068 317 1204 358 prologo.
1229 318 1278 348 fol.
1303 320 1358 348 180
1371 319 1400 349 b.

1111 368 1191 399 Ibid.
1208 374 1282 399 tom.
1296 370 1314 400 i.
1332 370 1388 401 001.
1402 372 1472 411 645.

981 423 1032 451 22.
1051 421 1099 453 De
1115 423 1212 453 libero
1228 424 1359 455 arbitrio
1375 425 1445 455 libri
1462 426 1533 456 duo.
1558 425 1608 456 fol.
1629 436 1696 467 194.

1111 474 1194 504 Ibid.
1213 480 1288 505 tom.
1303 475 1321 506 i.
1338 476 1393 506 col.
1407 478 1478 516 569.

981 529 1033 559 28.
1050 529 1099 560 De
1115 541 1187 560 vera
1203 531 1360 571 religiono.
1386 532 1437 562 sol.
1457 542 1525 562 211.

1111 580 1191 611 Ibid.
1209 585 1283 612 tom.
1297 582 1316 612 i.
1334 582 1390 612 col.
1406 592 1475 623 747.

981 637 1031 666 24.
1048 635 1097 666 De
1113 636 1264 677 magistro
1281 636 1431 678 dialogus.
1455 638 1505 668 fol.
1526 647 1585 677 224
1597 639 1627 669 b.

1111 687 1191 717 Ibid.
1208 692 1284 718 tom.
1298 687 1315 718 i.
1334 688 1389 718 col.
1403 699 1474 729 539.

980 743 1030 772 25.
1048 742 1099 772 De
1115 742 1233 772 musica
1244 742 1323 773 liber
1332 742 1370 773 vi.
1384 754 1453 773 cum
1467 743 1713 776 Retractatione.
1732 746 1782 776 fol.
1797 756 1865 788 232.

1110 793 1190 824 Ibid.
1208 797 1282 824 tom.
1296 794 1314 824 i.
1332 794 1387 824 col.
1401 804 1472 835 511.

980 848 1031 879 ⁶26.
1050 849 1099 879 De
1130 848 1239 879 ordine
1269 848 1339 879 libri
1373 849 1444 885 (1110,
1476 851 1589 890 praevia
1620 851 1866 883 Retractatione.

1066 900 1115 932 fol.
1135 910 1189 940 241
1207 900 1238 931 b.

1110 951 1191 982 Ibid.
1209 956 1283 983 tom.
1297 952 1316 982 i.
1333 952 1388 982 col.
1403 963 1473 994 3¹5·

981 1009 1030 1040 527.
1048 1007 1167 1039 Contra
1184 1007 1391 1038 Academicos
1407 1007 1447 1037 ad
1464 1007 1691 1039 Romanianum
1709 1010 1776 1040 libri
1794 1016 1866 1041 tres.

1065 1059 1117 1089 fol.
1137 1068 1197 1099 254
1209 1058 1238 1088 b.

1108 1110 1190 1140 Ibid.
1208 1114 1282 1140 tom.
1296 1109 1314 1140 i.
1332 1110 1390 1140 col.
1406 1119 1475 1150 250.

980 1167 1030 1196 28.
1050 1166 1099 1197 De
1115 1166 1209 1197 beata
1221 1166 1296 1202 vita,
1309 1166 1425 1208 praevia
1440 1166 1687 1198 Retractatione.
1705 1168 1754 1198 fol.
1770 1170 1826 1207 269
1839 1169 1866 1198 b.

1109 1217 1190 1248 Ibid.
1208 1222 1283 1248 tom.
1298 1217 1316 1248 i.
1335 1217 1390 1248 col.
1406 1227 1476 1258 297.

980 1275 1031 1307 ⁶29.
1049 1273 1290 1315 Soliloquiorum
1311 1274 1380 1304 libri
1401 1274 1474 1310 dno,
1490 1274 1604 1315 prfevia
1620 1274 1867 1306 Retractatione.

1064 1325 1116 1356 fol.
1136 1335 1205 1367 275.

1109 1377 1187 1408 Ibid.
1203 1382 1280 1408 tom.
1294 1378 1310 1408 i.
1330 1378 1385 1408 col.
1399 1388 1470 1420 355.

979 1435 1030 1464 30.
1047 1433 1098 1464 De
1113 1433 1252 1463 moribus
1268 1433 1404 1464 ecclesiae
1422 1433 1592 1464 catholicae.
1618 1434 1668 1464 fol.
1688 1434 1757 1465 286.

1108 1484 1190 1515 Ibid.
1208 1485 1315 1516 tom.i.
1333 1485 1390 1515 col.
1405 1485 1477 1525 587.

978 1540 1028 1570 31.
1049 1540 1099 1570 De
1115 1539 1252 1570 moribus
1269 1540 1528 1570 Manichaeorum.
1553 1540 1606 1570 fol.
1626 1549 1695 1580 297.

1109 1591 1189 1622 Ibid.
1206 1596 1282 1622 tom.
1297 1591 1316 1622 i.
1335 1591 1392 1622 col.
1407 1592 1477 1628 687.

1105 1642 1254 1684 Sequitur
1269 1643 1378 1674 tabula
1395 1647 1601 1674 tractatuum.

1321 1730 1528 1764 XXXVII.

977 1791 1100 1826 Codex
1131 1793 1427 1833 membranaceus,
1457 1794 1492 1826 in
1520 1793 1613 1832 folio,
1638 1793 1672 1826 ff.
1690 1796 1771 1831 380,
1800 1804 1864 1826 sec.

1003 1849 1071 1882 xiv.
1091 1850 1254 1889 ineuntis,
1274 1850 1364 1883 binis
1383 1849 1555 1884 columnis
1573 1855 1745 1884 exaratus.

1020 1909 1053 1940 S.
1068 1909 1239 1951 Augustini
1256 1910 1404 1951 opuscula
1421 1911 1523 1945 varim
1549 1910 1675 1945 scilicet,

1020 1961 1048 1990 1.
1066 1961 1116 1990 De
1133 1960 1313 2002 virginitate
1336 1961 1496 2002 genitricis
1520 1961 1578 1991 Dei
1602 1961 1642 1991 ad
1660 1961 1863 1991 Volusianum

1084 2011 1226 2053 epistola.
1251 2012 1300 2043 fol.
1323 2023 1347 2042 1.

1107 2062 1170 2094 Tit.
1187 2066 1205 2080 “
1219 2064 1269 2094 De
1286 2063 1467 2104 virginitate
1489 2063 1648 2104 genitricis
1672 2063 1776 2103 incipit
1802 2062 1863 2102 epi-

1083 2115 1165 2145 stola
1181 2115 1352 2156 Augustini
1369 2115 1409 2145 ad
1426 2115 1664 2145 Volusianums'

1105 2166 1224 2197 Exstat
1237 2166 1376 2208 impress.
1392 2166 1474 2197 inter
1486 2177 1589 2207 opera,
1601 2172 1673 2197 toni.
1684 2166 1712 2196 ii.
1727 2165 1860 2202 col.401.

1019 2223 1046 2252 Q.
1067 2221 1161 2252 Liber
1176 2222 1214 2253 de
1231 2223 1312 2253 bono
1329 2223 1493 2264 conjugali.
1518 2222 1568 2252 fol.
1583 2234 1613 2260 4.

1105 2273 1221 2304 Exstat
1238 2274 1311 2304 ibid.
1328 2278 1403 2305 tom.
1417 2274 1456 2304 vi.
1473 2274 1529 2304 col.
1543 2283 1615 2314 319.

1017 2330 1047 2360 3.
1065 2329 1113 2359 De
1129 2329 1313 2360 adulterinis
1330 2329 1481 2370 conjugiis
1497 2328 1566 2358 libri
1583 2328 1653 2358 duo.
1678 2327 1726 2355 fol.
1751 2336 1793 2355 10.

1105 2379 1184 2410 Ibid.
1201 2384 1276 2410 tom.
1291 2379 1329 2410 vi.
1347 2379 1403 2410 col.
1416 2380 1489 2421 387.

1018 2438 1045 2466 4.
1064 2436 1114 2467 De
1130 2436 1236 2467 decem
1253 2436 1377 2467 chordis
1393 2447 1504 2466 sermo.
1529 2435 1577 2476 fol.
1599 2444 1643 2464 20.

1102 2487 1184 2518 Ibid.
1201 2492 1276 2518 tom.
1291 2500 1318 2519 v.
1335 2488 1389 2518 col.
1404 2488 1454 2526 48.

1016 2546 1045 2574 5.
1063 2544 1111 2575 De
1123 2545 1240 2586 nuptiis
1252 2549 1284 2575 et
1297 2543 1552 2584 concupiscentiis
1563 2542 1601 2572 ad
1616 2540 1774 2570 Valerium
1788 2540 1855 2569 libri

1080 2595 1150 2631 (1110,
1168 2606 1237 2626 cum
1254 2595 1392 2636 prologo.
1417 2593 1467 2624 fol.
1487 2603 1533 2633 25.

1102 2647 1182 2677 Ibid.
1199 2651 1273 2678 tom.
1287 2658 1316 2677 x.
1333 2646 1389 2676 col.
1406 2654 1475 2684 279.

1015 2700 1044 2732 6.
1063 2702 1112 2732 De
1137 2702 1278 2742 symbolo
1305 2710 1462 2731 sermones
1487 2705 1619 2738 quatuor
1642 2697 1680 2727 ad
1704 2696 1854 2727 Catechu-

1079 2763 1196 2783 menos.
1221 2752 1269 2782 fol.
1285 2762 1335 2792 43.

1102 2803 1180 2833 Ibid.
1198 2808 1274 2834 tom.
1290 2803 1328 2833 vi.
1346 2801 1400 2832 col.
1414 2809 1485 2841 547.

1136 2858 1157 2880 Ε
