2254 3117
343 329 462 363 Codex
490 328 780 365 membranaceus,
810 326 845 358 in
873 325 964 365 folio,
994 325 1028 359 ff.
1043 325 1125 365 463,
1153 338 1218 361 sec.

364 388 435 421 xiii.
455 386 624 425 exeuntis,
643 385 732 418 binis
746 383 914 417 columnis
933 388 1112 424 exaratum
1137 385 1218 418 olim

365 449 554 478 convent-us
590 443 625 477 S.
654 442 796 483 Albani,
833 454 876 475 ex
919 442 1009 476 dono
1051 441 1219 476 Johannis

367 502 414 534 W
418 501 667 537 hethamstede.
688 500 825 534 Prioris.

383 561 539 592 Vincentii
573 561 744 602 Burgundi‚
782 560 1017 596 Bellovacensis,
1054 561 1217 601 Speculum

403 612 562 649 Naturale,
580 612 642 642 sive
660 611 840 648 Historiale,
857 611 942 641 libris
963 611 1058 641 xxxii.
1082 622 1218 652 compre-

402 664 528 694 hensum
541 676 548 697 ;
571 663 693 704 praeviis
708 664 855 704 cujusque
870 663 938 693 libri
955 663 1107 704 capitulis.

445 715 506 745 Tit.
525 720 543 731 ⁸⁵
559 715 665 745 Prima
680 725 752 756 pars
768 714 882 755 speculi
901 738 906 743 .
926 738 931 744 .
950 739 955 744 .

422 766 500 796 liber
520 766 659 797 continet
682 769 805 797 tantum
829 765 1050 796 annotaciones
1070 764 1217 805 capitulo-

422 826 490 846 rum
502 815 650 846 librorum
663 815 860 857 sequencium
873 818 904 846 et
916 815 984 845 idco
997 814 1218 845 annotacioncs

422 866 548 897 inferius
563 867 664 908 posite
680 866 831 908 incipiunt
846 877 865 897 a
880 866 958 896 libro
974 866 1136 896 secun(l‹›.”

447 917 482 947 In
499 917 580 948 calce
591 917 715 954 tabulae,
734 921 751 934 ‘⁸
763 917 855 947 Hunc
871 915 984 946 librum
996 916 1035 946 ad
1049 926 1136 945 usum
1147 927 1215 945 cou-

422 972 530 999 ventus
560 968 739 999 monasterii
770 967 876 999 Sancti
901 966 1017 997 Albani
1047 967 1216 1007 assignavit

421 1020 602 1050 venerabilis
614 1023 704 1061 pater
715 1019 856 1050 dominus
868 1019 1214 1050 JohannesWhotham-

420 1072 517 1108 stede,
541 1072 637 1102 abbas
660 1071 839 1102 monasterii
860 1071 1020 1108 antedicti,
1037 1071 1215 1110 vinculoque

421 1122 631 1153 anathematis
661 1122 822 1153 innodavit
847 1123 913 1153 illos
940 1133 1056 1158 onmes,
1082 1122 1133 1163 qui
1159 1125 1214 1151 aut

421 1173 546 1204 titulum
569 1173 649 1204 illius
671 1174 775 1204 dolere
799 1174 974 1204 curaverint
998 1178 1053 1204 aut
1078 1174 1117 1204 ad
1142 1184 1215 1203 usus

421 1223 577 1264 applicare
592 1224 835 1264 presumpserint
851 1224 995 1254 alienos”

440 1274 587 1304 Evulsum
602 1278 646 1305 est
665 1274 770 1304 folium
792 1275 924 1315 primum
940 1275 990 1305 lib.
1008 1275 1035 1305 ii.

417 1325 487 1365 gine
509 1325 560 1355 fol.
580 1335 596 1355 2
614 1325 802 1362 inscribitur,
820 1328 839 1342 ‘⁴
853 1325 914 1355 Hic
935 1329 983 1355 est
1006 1325 1083 1355 liber
1108 1324 1212 1354 Sancti

417 1376 532 1406 Albani
548 1376 585 1406 (le
600 1376 728 1407 libraria
743 1378 943 1407 conventus.”

442 1428 534 1459 Defic.
551 1428 600 1458 lib.
619 1429 715 1459 xxxii.
736 1429 767 1458 in
790 1429 899 1466 verbis,
917 1434 935 1445 “
952 1429 1069 1459 fervore
1091 1439 1213 1458 conver-

417 1483 512 1510 satur.
559 1480 653 1520 Apud
670 1479 794 1510 Raven”

977 738 982 743 .
1000 715 1086 755 cujus
1101 714 1217 755 primus

1084 1275 1118 1304 ln
1135 1285 1214 1304 mar-

718 1572 825 1607 XVI.

336 1632 631 1671 Membranaeeus,
646 1632 681 1664 in
696 1631 787 1670 folio,
804 1631 835 1664 fl'.
846 1634 925 1669 207,
941 1643 1006 1664 sec.
1021 1644 1086 1671 xva,
1101 1632 1212 1675 quoad

357 1694 489 1733 partem
508 1690 655 1734 priorem
674 1689 762 1722 binis
781 1689 948 1722 columnis
967 1695 1150 1727 exaratum
1169 1701 1212 1723 ex

356 1748 446 1780 dono
479 1747 647 1780 Johannis
682 1746 835 1786 Alward,
871 1748 1010 1780 rectoris
1051 1747 1133 1781 ecel.
1171 1748 1213 1780 ‹le

358 1805 604 1843 stokebruem,
617 1805 650 1837 in
665 1801 831 1837 comitatu
847 1804 1116 1850 Northampton,
1130 1805 1211 1838 olim

357 1863 433 1896 coll.
455 1863 564 1896 Exon.
584 1863 677 1896 socii.

376 1924 402 1952 1.
417 1922 559 1953 Gulielmi
571 1922 703 1960 Norton,
714 1922 788 1953 Ord.
799 1923 888 1959 Mirr,
898 1924 1005 1954 tabula
1018 1935 1108 1964 super
1119 1923 1213 1953 Nico-

437 1974 477 2004 lai
493 1974 531 2004 (le
551 1974 631 2014 Lyra
654 1975 891 2005 commentarios
909 1975 938 2005 iu
955 1979 1054 2006 totam
1072 1975 1212 2012 Bibliam,

438 2025 542 2055 ordine
558 2025 765 2066 alphabetico.
790 2025 841 2055 fol.
861 2035 888 2055 z.

481 2076 543 2106 Tit.
561 2080 578 2092 “
593 2076 705 2117 Incipit
720 2076 827 2106 tabula
847 2088 938 2118 super
964 2077 1067 2107 Liram
1088 2077 1157 2107 novi
1178 2089 1214 2108 ac

459 2126 570 2157 veteris
587 2126 809 2156 Testamenti?

482 2177 578 2218 Incip.
597 2182 614 2193 ‘⁸
628 2178 657 2207 A
680 2177 762 2208 alma
787 2177 900 2207 dicitur
923 2178 1007 2218 virgo
1031 2179 1214 2209 abscondita

460 2229 489 2259 in
506 2232 575 2259 tota
591 2239 679 2259 sacra
695 2228 850 2269 scriptura
866 2240 926 2259 non
943 2229 1168 2261 inveniuntur.”

480 2279 588 2309 Desin.
614 2283 631 2295 “
648 2279 703 2308 sub
736 2290 808 2309 voce
836 2280 1019 2317 Zorobabel,
1044 2285 1075 2311 ct
1103 2281 1214 2312 utrius-

460 2342 518 2371 que
533 2330 666 2360 officium
678 2329 812 2359 debebat
825 2330 954 2360 conferri
970 2342 1025 2371 per
1036 2332 1214 2362 unccionem

460 2386 491 2412 et
504 2382 573 2412 ideo
585 2381 661 2412 dicti
678 2385 750 2411 sunt
765 2380 819 2411 filii
833 2381 914 2418 olim,
927 2386 1012 2418 nota,
1025 2383 1118 2413 Zach.
1137 2384 1214 2413 1.f.”

484 2434 520 2464 In
535 2433 626 2470 calce,
645 2437 662 2450 “
673 2432 811 2474 Explicit
827 2433 934 2464 tabula
950 2444 1041 2474 super
1057 2435 1214 2465 doctorem

461 2486 499 2515 ‹lc
516 2485 590 2516 Lira
613 2484 780 2525 compilata
800 2495 855 2525 per
878 2484 1006 2514 fratrem
1025 2485 1213 2516 NVillclmum

462 2536 582 2578 Norton
606 2536 644 2566 (le
665 2547 753 2566 sacro
777 2535 882 2566 ordine
904 2536 1035 2572 fratrum
1057 2536 1214 2566 Minorum

461 2588 492 2617 in
509 2591 661 2618 conventu
677 2587 841 2623 Coventre,
856 2597 938 2617 anno
954 2586 1077 2617 Domini
1093 2598 1213 2618 m.cecc.

461 2639 586 2669 teu-io?

377 2692 404 2719 Q.
423 2690 554 2728 Quidam
572 2693 728 2721 tractatus
744 2689 781 2719 dc
798 2689 896 2720 tribus
917 2688 1039 2729 regibus
1055 2689 1214 2719 Colonien-

441 2741 534 2778 sibus,
548 2741 577 2771 in
594 2741 731 2782 capitula
745 2740 802 2771 xlv.
816 2739 992 2776 distinctus,
1008 2739 1121 2780 praevia
1134 2741 1214 2781 capi-

437 2792 573 2822 tulorum
588 2792 704 2823 tabula.
728 2792 757 2822 ff.
771 2801 829 2832 94—
839 2801 847 2821 1
859 2799 892 2830 17
905 2791 944 2827 b..
962 2800 1100 2832 193-203
1114 2791 1142 2820 b.

900 167 1199 203 CATALOGUS
1225 167 1459 203 CODICUM
1488 167 1595 201 MSS.

1402 266 1499 307 Incip.
1516 265 1566 296 tit.
1579 265 1598 295 i.
1616 268 1633 281 “
1650 264 1687 294 In
1706 264 1805 305 primo
1821 265 1955 306 capitulo
1970 265 2061 306 hujus
2074 265 2152 302 libri,

1379 317 1429 359 qui
1453 320 1501 347 est
1522 316 1666 347 collectus
1683 315 1720 345 de
1735 315 1830 356 gestis
1845 319 1877 346 et
1896 316 2154 347 translacionibus

1377 372 1555 398 sauctorum
1572 366 1666 397 trium
1682 366 1818 407 rcgum.”

1399 419 1496 459 Incip.
1513 418 1563 448 lib.
1581 422 1598 434 ‘⁶
1612 418 1689 448 Cum
1712 418 1954 448 venerandorum
1976 418 2070 449 trium
2091 429 2154 448 ma-

1378 481 1486 511 gorum
1511 469 1605 499 immo
1630 468 1730 499 verius
1754 469 1849 499 trium
1871 480 1978 510 regum
2000 469 2154 510 gloriosis-

1377 519 1552 551 simorum.⁷'

1399 572 1505 602 Desin.
1531 575 1548 587 ‘⁴
1565 571 1646 611 quod
1670 570 1712 600 hii
1736 574 1800 601 tres
1824 581 1912 611 reges
1933 571 2065 612 virgines
2089 571 2152 602 fue-

1376 627 1468 658 runt;
1489 622 1558 652 Deo
1572 621 1723 662 gracias.''

1291 676 1319 705 3.
1338 673 1493 714 Anonymi
1516 672 1676 713 cujusdam
1696 672 1935 702 commentarius
1951 671 1981 701 in
1999 672 2030 702 S.
2043 672 2071 702 H
2077 672 2153 703 iero-

1356 724 1438 765 nymi
1462 723 1608 764 prologos
1631 734 1724 764 super
1747 726 1848 753 totam
1873 722 2017 758 Bibliam,
2042 723 2153 764 praevio

1355 774 1481 816 prologo
1497 773 1635 804 metrico.
1660 773 1689 803 ff.
1705 774 1850 813 169—192
1868 773 1907 807 b..
1930 773 2069 803 118-168
2087 773 2116 803 b.

1398 824 1494 865 Incip.
1514 824 1591 865 prol.

1291 881 1309 893 ‘⁵
1324 877 1472 907 Partibus
1487 875 1636 917 expositis
1651 879 1757 906 textus
1774 886 1852 905 nova
1868 886 1942 905 cura
1957 886 2009 905 cor
2023 875 2119 917 angit,

1324 927 1366 957 Et
1382 927 1506 968 fragiles
1522 927 1666 957 humeros
1683 927 1781 956 honus
1798 926 1994 966 importabile
2010 926 2152 968 frangit.''

1399 977 1494 1018 Incip.
1512 989 1597 1018 opus,
1616 982 1632 994 “
1650 977 1762 1008 Frater
1787 977 1978 1013 Ambrosius,
1995 982 2054 1008 ete.
2101 978 2153 1008 Ad

1375 1028 1563 1059 evidenciam
1579 1028 1671 1069 hujus
1691 1028 1820 1069 epistole
1837 1039 1928 1068 quam
1944 1028 2051 1059 scribit
2066 1028 2154 1059 Jero-

1374 1080 1474 1110 nimus
1490 1080 1530 1110 ad
1548 1079 1741 1110 I’aulinum.”

1291 1133 1317 1161 4.
1338 1131 1383 1172 [S.
1402 1131 1602 1172 Augustinit]
1635 1130 1744 1161 Sermo
1770 1130 1800 1160 in
1831 1130 1925 1167 istud,
1954 1136 1961 1147 ⁶
1978 1130 2090 1161 Stabat
2113 1131 2153 1161 ad

1354 1181 1610 1212 1110nume11tum.⁷
1633 1181 1685 1212 sol.
1703 1191 1772 1219 204.

1396 1233 1493 1274 Incip.
1512 1238 1529 1249 “
1541 1232 1734 1269 Audivimus,
1746 1233 1868 1266 fratrea
1882 1232 2017 1262 Mariam
2033 1232 2072 1262 ad
2089 1243 2151 1263 mo-

1373 1288 1556 1314 numentum
1570 1284 1674 1314 foris.”

1395 1335 1433 1365 In
1455 1334 1506 1365 fol.
1524 1345 1533 1364 1
1555 1335 1583 1365 b.
1601 1338 1738 1371 notatur,
1758 1339 1774 1350 ‘⁴
1788 1333 1852 1364 Iste
1877 1334 1954 1364 liber
1976 1334 2153 1375 assignatur

1374 1387 1414 1417 acl
1432 1390 1616 1427 perpetuum
1629 1396 1716 1416 usum
1731 1385 1858 1415 rectoris
1872 1389 1904 1415 et
1916 1385 2079 1416 scolarium
2092 1385 2151 1415 col-

1373 1438 1443 1478 legii
1461 1438 1561 1467 Exon.
1578 1437 1609 1467 in
1626 1437 1726 1468 Oxou.
1750 1447 1804 1477 per
1829 1437 2033 1467 venerabilem
2054 1436 2151 1467 virum

1371 1489 1553 1530 magistrum
1575 1489 1751 1519 ,Iohannem
1774 1488 1910 1524 Alward,
1928 1492 2079 1519 rectorem
2103 1499 2150 1519 ee-

1372 1541 1468 1582 clesiae
1485 1540 1670 1581 parochialis
1682 1540 1720 1570 de
1734 1540 1942 1570 Stokebruerc
1955 1540 1985 1569 in
1998 1539 2148 1570 comitatu

1373 1591 1615 1632 Northampton,
1624 1591 1780 1632 quondam
1790 1590 1864 1620 dicti
1876 1590 1992 1631 collegii
2004 1590 2149 1620 socium.”

1648 1693 1772 1727 XVII.

1266 1758 1385 1791 Codex
1405 1757 1698 1793 membranaceus,
1714 1757 1747 1789 in
1767 1756 1849 1789 folio
1868 1756 1999 1800 majori,
2018 1756 2051 1790 ff.
2068 1755 2148 1793 246,

1290 1827 1357 1849 sec.
1374 1816 1452 1851 xiv..
1472 1815 1561 1847 binis
1586 1814 1755 1848 columnis
1778 1820 1948 1847 exaratus.

1310 1877 1337 1906 ].
1364 1876 1546 1917 Apparatus
1583 1875 1698 1905 domini
1736 1874 1916 1916 W[illelmi]
1957 1875 1995 1904 de
2038 1874 2148 1904 Monte

1375 1927 1560 1967 [mauduno
1586 1937 1677 1967 super
1703 1925 1979 1956 constitutionibus
2008 1925 2147 1955 Clemen—

1373 1978 1455 2008 tinis.
1480 1977 1529 2007 fol.
1549 1987 1573 2007 1.

1414 2028 1511 2069 Incip.
1535 2032 1555 2045 “
1574 2028 1740 2069 Magnifice
1771 2027 1931 2064 bonitatis,
1956 2031 2012 2058 etc.
2067 2027 2147 2066 Quo-

1394 2080 1475 2110 niam
1491 2091 1509 2109 a
1525 2079 1670 2109 Johanne
1693 2084 1724 2109 et
1750 2079 1787 2110 (le
1811 2079 1957 2110 Johanne
1981 2090 2037 2120 pro
2062 2090 2144 2109 reve-

1395 2131 1487 2161 landa
1503 2130 1666 2161 veritate.'’

1414 2182 1486 2213 Des.
1498 2187 1515 2199 ‘⁶
1527 2193 1566 2212 ex
1581 2185 1670 2222 parte
1685 2186 1717 2212 et
1733 2183 1771 2212 (le
1784 2183 1845 2223 Ap.
1863 2181 2146 2223 reprehensibilesf*

1416 2233 1451 2263 ln
1464 2233 1557 2270 calce,
1571 2238 1588 2249 “
1602 2233 1737 2274 Explicit
1752 2238 1922 2274 apparatus
1935 2233 2049 2263 domini
2063 2232 2146 2263 Guil-

1393 2284 1478 2313 lermi
1490 2284 1528 2313 dc
1540 2283 1676 2313 Auduno
1690 2294 1782 2324 super
1794 2283 2068 2313 constitutionibus
2081 2282 2145 2313 Gle-

1392 2334 1567 2365 inentinis.”

1308 2386 1336 2415 Ω.
1354 2385 1503 2426 Ejusdem
1533 2389 1704 2426 apparatus
1735 2396 1824 2426 super
1846 2384 2000 2414 ‘Iohannis
2027 2383 2144 2413 XXII.

1372 2436 1632 2476 Extravagantes.
1656 2436 1707 2466 sol.
1725 2446 1776 2477 54.

1413 2487 1509 2528 Incip.
1528 2492 1545 2503 ‘²
1558 2487 1711 2528 Sasima&
1733 2487 1800 2517 Hoc
1813 2487 1970 2516 decretum
1987 2489 2090 2527 potest
2102 2486 2145 2515 in-

1392 2538 1545 2568 titulari?

1413 2589 1449 2619 In
1463 2589 1555 2626 calce,
1573 2593 1590 2605 ‘²
1604 2588 1740 2630 Explicit
1755 2592 1925 2629 apparatus
1941 2587 2055 2618 domini
2066 2587 2144 2617 Wil-

1306 2680 1309 2684 .
1392 2640 1472 2670 lelmi
1489 2651 1582 2680 super
1600 2639 1878 2681 Extravagantes”

1307 2692 1336 2721 3,
1354 2692 1533 2732 Apparatus
1550 2692 1666 2722 domini
1683 2691 1831 2722 Gesselini
1850 2690 1927 2732 [sive
1943 2689 2087 2732 Jocelini]
2105 2690 2143 2720 de

1371 2742 1513 2772 Cassellis
1537 2753 1629 2783 super
1644 2741 1855 2776 Clementinis,
1870 2741 1909 2771 ad
1929 2739 2140 2777 Eustochium,

1371 2792 1533 2823 diaconum
1550 2792 1754 2824 Cardinalem.
1778 2792 1827 2822 sol.
1841 2793 1890 2822 62.
