2254 3117
331 174 396 204 102
890 160 1187 196 CATALOGUS
1214 158 1447 194 CODICUM
1474 158 1582 191 MSS.

348 270 398 297 ²20.
418 266 563 306 Ejusdem
581 262 709 294 Antonii
727 260 835 291 Oratio
852 258 1059 289 consolatoria
1075 257 1114 287 ad
1137 268 1201 287 car-

435 316 565 346 dinalem
582 315 757 354 Capranum
774 311 803 341 in
820 310 907 340 obitu
928 308 1033 339 fratris
1053 308 1127 348 ejus.
1152 307 1202 337 fol.

437 370 494 407 236
508 368 534 396 b.

477 416 572 456 Incip.
604 420 621 429 “
636 413 753 453 Magna
783 411 921 452 profecto
958 408 1203 450 prestantissime

454 467 574 497 domine
590 465 692 506 opinio
709 470 755 493 est
773 462 915 493 omnibus
934 460 1082 491 Latinis.''

349 522 397 549 21,
417 526 432 533 “
449 517 631 548 Plutarchus
643 515 682 545 ad
695 514 832 545 sossium
845 512 1043 543 Senecionem
1056 511 1094 541 de
1104 511 1204 540 Dione

432 581 467 599 ac
494 567 618 601 Brut‹›,”
642 577 711 596 cuin
734 563 975 605 comparatione,
1001 566 1032 592 et
1054 561 1204 603 procemio

432 620 469 649 ad
500 618 699 648 Franciscum
728 615 901 645 Barbarum
927 613 1126 654 posthabit03
1161 612 1204 641 in-

432 674 567 710 terprete
583 667 722 699 (hiarino
738 665 925 696 Veronensi.
948 664 998 694 sol.
1015 673 1082 702 244.

474 720 569 761 Incip.
601 729 730 759 procem.
764 723 781 732 “
794 717 871 747 Cum
903 715 1106 747 Plutarchum
1137 725 1205 744 cum

453 783 511 801 non
529 770 665 811 hospicio
682 768 810 799 solum?

475 824 511 852 In
528 822 601 852 edit.
620 821 733 850 Venet.
751 819 801 849 fol.
821 818 907 849 cclix.
921 818 940 847 b

347 877 394 904 22.
416 874 513 904 Marci
538 872 677 903 Marcelli
696 871 792 905 Vita;
818 870 926 900 eodem
949 869 1127 909 interprete.
1153 867 1203 897 fol.

435 930 490 956 252
506 925 533 954 b.

474 976 568 1016 lncip.
589 981 605 990 ‘¹
621 975 763 1004 Marcum
780 973 943 1004 Claudium
960 971 1150 1012 quinquies.”

475 1027 551 1057 lbid.
569 1026 618 1056 fol.
636 1026 728 1055 lxxvi.
746 1025 774 1054 l).

346 1081 394 1107 2³3.
413 1078 545 1108 Janottii
573 1076 717 1109 Manetti,
740 1074 921 1108 Florentini,
943 1073 1108 1104 Orationes
1131 1083 1203 1113 qua-

433 1134 512 1162 tuor,
530 1139 659 1169 quarum
676 1126 758 1157 tituli
775 1130 807 1156 et
823 1125 913 1155 initia
925 1128 1110 1165 sequuntur;
1129 1123 1192 1153 scil.

390 1192 417 1209 a.
436 1188 452 1194 ‘¹
471 1179 607 1209 Prefatio
638 1177 758 1208 Janozii
789 1176 927 1207 Manetti
964 1175 995 1205 in
1024 1174 1205 1205 laudacione

454 1230 659 1261 Januensium
687 1229 725 1259 ad
754 1228 938 1259 clarissimos
961 1226 1063 1257 Janue
1088 1225 1204 1266 legatos

456 1281 616 1311 Florencie
632 1280 888 1310 csnnmorantes.’⁷
912 1277 963 1308 fol.
980 1286 1048 1316 274.

498 1333 594 1373 Incip,
618 1332 702 1373 praef.
732 1331 845 1361 “Mihi
869 1329 971 1370 sepius
998 1328 1148 1370 cogitanti
1173 1339 1205 1358 se

476 1394 594 1413 mecum
612 1383 668 1423 ipsi
684 1381 904 1422 frequencius.”

498 1434 594 1474 Ineip.
624 1439 641 1448 ‘¹
656 1432 836 1473 Complures
866 1431 1012 1462 Germani
1043 1441 1130 1471 reges
1162 1430 1205 1459 in-

476 1485 581 1515 clitum
599 1484 739 1525 Apulie.''

392 1537 420 1565 1).
440 1543 456 1551 ‘¹
472 1535 611 1566 Januozii
631 1535 766 1565 Manetti
788 1534 929 1576 laudacie
944 1532 1149 1563 Januensium
1165 1532 1205 1562 ad

456 1586 691 1617 illustrissinnnn
705 1576 873 1627 principem
886 1584 1043 1615 domiuum
1055 1583 1206 1613 Thomam

456 1637 494 1667 dc
517 1638 636 1677 Campo
662 1636 808 1677 Fmgoso,
830 1635 888 1665 Dei
909 1634 1015 1676 gracia
1031 1633 1131 1664 Janue
1151 1633 1205 1663 du-

455 1689 548 1719 cens*
571 1688 622 1718 fol.
638 1688 696 1727 278
710 1688 740 1717 b.

499 1738 596 1778 Incip.
625 1744 643 1752 ‘'
658 1737 827 1768 Nonnullas
857 1737 995 1778 egregias
1025 1736 1129 1777 populi
1159 1735 1204 1766 tui

476 1789 611 1819 laudcsff'
746 1794 749 1796 “

391 1852 419 1870 c.
439 1846 455 1855 ‘⁴
467 1840 611 1870 Januozii
628 1840 765 1870 Manctti
787 1839 927 1870 laudacie
943 1839 963 1869 J
965 1839 1146 1869 anuensium
1165 1839 1205 1869 ad

455 1891 693 1921 illustrissimum
707 1890 875 1931 principem
886 1890 1043 1920 dominum
1054 1890 1204 1920 Thomam
1235 1921 1236 1930 ἵ

456 1943 493 1971 <le
510 1942 626 1982 Campo
645 1942 781 1982 Fregoso
798 1941 900 1972 Janue
917 1942 1054 1972 ducem.”
1070 1942 1119 1972 fol.
1135 1951 1204 1981 279.
1235 1942 1236 1947 ¹

500 1993 595 2034 Incip.
614 1999 631 2007 “
648 1992 792 2022 Inclitam
808 1993 887 2023 hanc
903 1993 1010 2023 urbem
1028 1993 1141 2023 tuams*

392 2049 419 2078 «l.
440 2055 456 2063 “
473 2048 614 2079 Prefacio
637 2047 779 2078 Januocii
798 2047 933 2078 Manetti
957 2048 995 2078 de
1018 2048 1205 2078 secularibus
1235 2074 1236 2079 ,

455 2104 486 2129 ct
510 2098 736 2140 pontificalibus
758 2098 878 2138 pompis
899 2099 939 2128 ad
961 2098 1117 2128 dominum
1140 2099 1204 2129 An·
1235 2118 1236 2122 =

454 2150 555 2190 gelum
572 2150 610 2180 de
627 2149 792 2179 Azamlisf*
818 2149 868 2179 fol.
884 2159 942 2189 290
957 2149 985 2179 b.

498 2200 593 2241 Incip.
613 2200 801 2241 “Cogitanti
825 2199 881 2230 tibi
906 2211 977 2240 sepe
1001 2211 1126 2230 numero
1146 2201 1205 2229 An·
1236 2210 1237 2216 ¹

476 2252 542 2292 gele
559 2251 769 2282 suavissi1nc.”

351 2304 399 2331 24.
419 2303 465 2332 De
482 2303 643 2332 duodecim
660 2302 807 2343 gradibus
828 2301 992 2333 abusionis,
1010 2301 1071 2331 sive
1087 2302 1207 2331 abusio-

436 2354 524 2383 nibus
541 2354 632 2384 seculi
645 2358 810 2387 tractatus,
825 2351 878 2382 SS.
890 2352 1043 2392 Cypriane
1057 2357 1085 2382 et
1102 2353 1208 2393 Augu-

436 2404 516 2433 stino
533 2415 693 2444 perperam
707 2403 828 2439 tributi,
840 2403 1054 2443 fragmentum.
1072 2402 1122 2432 fol.
1138 2412 1206 2443 295.

619 2489 919 2525 (CLXXXVII.

331 2548 449 2580 s'mlex
490 2548 700 2587 chartaceus,
740 2549 773 2581 in
815 2551 874 2581 4t0
914 2547 1048 2585 minori,
1089 2546 1119 2579 ff.
1151 2549 1206 2586 12,

357 2618 422 2637 sec.
443 2605 510 2637 xvi.

378 2665 525 2694 Hei-nardi
550 2665 682 2695 Androm
707 2665 785 2695 'Novi
806 2665 878 2695 anni
900 2664 1121 2698 munusculum]
1146 2664 1207 2693 sive

395 2715 504 2745 Oratio
519 2716 725 2755 gratulatoria
741 2716 780 2746 ad
798 2715 967 2746 Henricum
984 2715 1087 2746 VIII.
1105 2726 1207 2755 regem

397 2766 523 2800 Angliw.

1361 257 1556 293 Inscribitur,
1578 256 1673 286 “Pro
1696 267 1778 286 anno
1800 256 1959 287 millesimo
1983 258 2129 298 quingen-

1340 359 1419 400 regis
1445 358 1572 389 Hem-ici
1600 357 1710 388 Octavi
1740 357 1912 388 felicissime
1942 359 2131 399 regnacionis

1339 422 1420 441 anuo
1437 410 1574 451 septimo.

1362 464 1513 495 Bernardi
1542 464 1668 494 Andr-ee
1694 463 1931 504 auspicatissinii
1962 463 2030 494 novi
2061 465 2131 494 anni

1340 515 1579 546 munusculum?

1364 570 1459 611 Incip.
1473 576 1490 585 ‘¹
1502 570 1578 600 Cum
1592 567 1832 610 preclarissimas
1844 568 1957 609 ingenii
1969 569 2014 599 tui
2027 580 2132 610 corpo-

1341 621 1382 651 ris
1394 626 1425 652 et
1438 622 1559 651 fortune
1576 621 1664 650 dotes
1676 630 1796 649 mecum
1808 619 1910 650 animo
1922 619 2110 651 considero.·'

1362 672 1469 702 Desin.
1488 678 1571 702 “tua
1588 674 1786 701 sacrosancta
1806 670 1953 710 majestas
1976 671 2132 711 pervenire

1341 724 1441 754 valeat
1458 734 1537 753 nunc
1553 729 1585 753 et
1602 727 1635 753 tu
1652 733 1721 752 cum
1737 721 1984 763 triumphatura;
2005 723 2133 755 Amen?

1536 874 1856 909 CCLXXXVIII.

1256 943 1376 977 Codex
1396 943 1686 979 membranaceus,
1702 942 1735 974 iu
1751 940 1843 980 folio,
1858 940 1892 974 ff.
1905 943 1926 974 3
1942 946 1978 974 et
1993 943 2049 979 70,
2068 952 2132 974 sec.

1281 1012 1356 1037 xxa:
1385 1006 1403 1018 ⁶⁶
1415 1012 1457 1032 ex
1486 1000 1576 1032 dono
1602 999 1780 1032 reverendi
1808 999 1842 1031 in
1867 998 2003 1031 Christo
2030 999 2133 1043 patris

1281 1058 1409 1091 domini
1441 1057 1574 1089 Thome
1605 1057 1647 1089 de
1676 1055 1896 1100 Bekyntona‚
1924 1056 2072 1089 Bathon.
2099 1062 2133 1090 et

1283 1115 1470 1148 XVellensis
1484 1114 1645 1158 episcopi.
1658 1119 1694 1146 et
1709 1113 1824 1146 labore
1839 1114 1991 1158 magistri
2004 1113 2134 1147 Thome

1281 1171 1530 1209 Cliaundelcre.
1543 1171 1645 1215 liujus
1659 1170 1804 1204 ecclesie
1818 1171 2021 1205 cancellarii.
2051 1171 2135 1205 Ore-

1282 1232 1325 1264 tis
1344 1243 1404 1275 pro
1423 1229 1602 1263 animabus
1619 1229 1830 1273 ut1·iusque.”

1301 1305 1328 1333 l.
1347 1301 1573 1333 Collocutiones
1590 1305 1706 1341 septem
1726 1301 1764 1331 de
1785 1300 1930 1331 laudabili
1948 1301 2011 1331 vita
2026 1306 2058 1332 et
2073 1312 2134 1331 mo·
2170 1321 2172 1324 -

1363 1353 1447 1383 ribus
1475 1352 1586 1382 nobilis
1609 1351 1761 1382 antistitis
1786 1351 1935 1381 willelmi
1957 1351 2135 1392 WVykeham

1363 1405 1565 1434 ducentorum
1582 1402 1756 1433 fundatoris
1775 1403 1963 1440 clericorum,
1981 1414 2049 1433 cum
2066 1414 2134 1444 pro-

1363 1456 1431 1497 logo
1453 1455 1492 1486 ad
1510 1455 1659 1485 Thomam
1684 1455 1721 1485 de
1744 1455 1938 1494 Bekymona,
1960 1455 2135 1496 episcopum

1363 1507 1572 1539 wellensoni:
1608 1510 1735 1536 auctore
1763 1507 1792 1535 T
1796 1506 1888 1536 homa
1913 1505 2134 1542 Chaundelero,

1363 1558 1497 1589 ecclc-sim
1517 1557 1683 1587 wellensis
1698 1556 1889 1587 cancellario,
1914 1568 1942 1598 p.
1960 1567 1985 1587 1.

1367 1606 1371 1610 ⁵
1406 1613 1469 1643 Tit.
1486 1611 1562 1652 prol.
1581 1617 1598 1626 ‘¹
1613 1611 1664 1641 Ad
1689 1611 1837 1652 insignem
1862 1611 2019 1642 dominum
2039 1616 2071 1643 et
2086 1612 2135 1643 lit-

1384 1663 1606 1695 teratissimum
1630 1662 1783 1701 presulem
1806 1662 1963 1692 dominum
1985 1662 2134 1693 Thomam

1384 1715 1421 1745 de
1435 1715 1630 1755 Bekyntona,
1644 1713 1832 1743 W‘elleuscm
1848 1718 1879 1744 et
1896 1713 2134 1745 Bathoniensem

1383 1766 1569 1807 pontificem,
1587 1765 1618 1794 in
1634 1764 1756 1795 suturas
1777 1764 1996 1796 collocuciones
2017 1766 2054 1796 de
2072 1766 2135 1796 lau-

1384 1818 1474 1848 dibus
1495 1817 1605 1847 nobilis
1626 1816 1777 1846 antistitis
1795 1816 1943 1846 willelmi
1963 1817 2001 1846 de
2019 1816 2135 1857 lVyke-

1383 1870 1453 1899 liam
1471 1869 1674 1899 ducentorum
1690 1867 1863 1897 fundatoris
1879 1867 2093 1898 clericorum.'’

1405 1925 1450 1955 Cf.
1465 1924 1634 1954 XVharton.
1648 1922 1741 1964 Angl.
1757 1922 1842 1953 Sacr.
1860 1926 1934 1953 tom.
1948 1923 1977 1953 ii.
1995 1934 2023 1964 p.
2038 1932 2108 1964 357.

1406 1981 1444 2010 In
1472 1979 1564 2015 calce,
1585 1979 1664 2009 “De
1688 1978 1825 2008 moribus
1848 1983 1879 2009 et
1903 1978 1966 2009 vita
1988 1978 2134 2008 laudabili

1383 2031 1498 2061 ‹lomini
1525 2029 1675 2060 willelmi
1706 2029 1743 2059 de
1770 2029 1813 2059 W
1816 2029 1960 2070 ykeham,
1990 2029 2133 2059 Wint-on.

1384 2083 1528 2124 episcopi,
1562 2082 1694 2111 duorum
1731 2080 1905 2110 fundatoris
1941 2080 2136 2121 collegiorum

1384 2136 1483 2165 Oxou.
1512 2145 1547 2164 ac
1577 2144 1671 2174 prope
1698 2132 1841 2162 Winton.
1873 2131 2135 2171 duceutorumque

1384 2186 1563 2216 clericorum
1580 2183 1610 2213 in
1627 2183 1754 2218 eisdem,
1766 2182 1847 2212 inter
1858 2181 2056 2222 philosophos
2070 2180 2135 2210 fini-

1384 2243 1439 2267 unt
1457 2234 1705 2267 collocuciones.”

1300 2306 1328 2334 2.
1346 2303 1558 2334 Allocutiones
1583 2302 1651 2331 duae
1677 2301 1714 2330 dc
1740 2298 1886 2330 laudabili
1913 2298 1977 2328 vita
2001 2298 2136 2338 ejusdem

1360 2348 1511 2384 ‘willelmi
1535 2358 1566 2382 et
1589 2352 1725 2393 ejusdem
1742 2349 1920 2381 Christiana
1940 2348 2136 2389 perfectione,

1364 2416 1433 2435 cum
1450 2404 1576 2445 prologo
1594 2403 1652 2433 ‘ad
1670 2402 1818 2443 insignem
1842 2400 1999 2430 dominum
2019 2403 2051 2429 et
2066 2399 2136 2429 bea-

1363 2456 1516 2486 tissimum
1546 2454 1698 2495 presulem
1731 2452 1888 2483 dominum
1919 2451 2070 2481 Thomam
2099 2449 2136 2479 de

1364 2508 1560 2548 Bekyntona‚
1578 2505 1766 2536 WVellensem
1783 2504 1978 2545 pontificem.'
2002 2514 2031 2543 p.
2043 2512 2094 2542 55.

1408 2563 1444 2592 ln
1475 2562 1568 2597 caleo,
1595 2567 1611 2575 ‘¹
1628 2561 1680 2590 Ad
1707 2559 1856 2599 insignem
1883 2558 2049 2591 dominum,
2077 2562 2135 2587 etc.

1386 2614 1538 2644 Thomam
1576 2612 1613 2642 de
1652 2611 1847 2651 Bekyntona,
1881 2609 2069 2639 &Vellcnsem
2105 2611 2136 2638 et

1387 2664 1627 2695 Bathoniensem
1663 2661 1840 2703 pontificem
1870 2661 1908 2690 do
1937 2659 2078 2690 laudibus
2106 2666 2136 2688 et

1385 2714 1448 2744 vita
1464 2713 1573 2743 nobilis
1595 2711 1746 2743 antistitis
1762 2711 1805 2740 W
1808 2710 1909 2740 illelmi
1932 2710 2061 2740 duorum
2076 2707 2135 2738 col-

1386 2764 1534 2805 legiorum
1572 2763 1701 2794 Oxoniae
1738 2773 1774 2792 ac
1811 2771 1907 2802 prope
1943 2759 2136 2791 wintoniam

2238 2546 2251 2561 01
