2254 3117
715 149 954 184 COLLEGII
984 151 1120 187 Novi.
1785 158 1823 188 31

125 255 156 282 et
186 251 223 281 de
254 247 388 283 Sanctis,
418 247 481 278 sive
516 258 691 278 sermonum
730 248 834 288 capita
863 259 901 278 ex
933 272 934 278 ,

125 301 301 334 collectione
329 299 463 340 quadam
491 299 552 329 alia
581 300 743 334 confecta3
773 310 902 329 numero
933 303 935 317 '

125 357 247 384 centum
263 354 335 381 tres.
363 350 413 380 fol.
429 360 459 390 5.

167 404 228 434 Tit.
246 408 264 417 “
279 402 443 432 Sermones
460 401 658 431 Vasconici.”

169 455 263 496 Incip.
296 453 523 494 “Abjiciamus
557 464 652 494 opera
690 453 898 488 tenebrarum,

145 512 203 538 etc.
250 505 288 536 In
325 505 515 535 auctoritate
552 508 691 540 notatur,
732 504 812 544 quod
855 515 899 534 se-

145 556 307 589 cundunr”

167 609 273 640 Desin.
295 607 352 638 ult.
378 611 439 637 “et
463 606 586 637 videtur
608 606 638 636 in
663 607 900 637 comendacione

144 660 215 691 boni
233 659 339 689 militis
355 663 386 689 et
402 657 612 698 cujuscunque
626 657 703 697 juris
720 658 796 687 est)q

169 711 376 743 Praemittitur
405 709 514 740 tabula
544 720 719 739 sermonum
745 715 762 724 “
779 709 898 740 thema-

144 764 240 796 tumf’

167 816 217 847 Ad
248 815 361 846 calcem
393 816 566 854 sequuntur
595 811 710 842 tabulae
741 816 806 842 tres
831 811 900 842 aliae

143 865 354 908 alphabeticfe,
373 874 503 905 quarum
520 863 615 899 tituli,

82 931 108 950 a.
126 925 142 934 “
158 917 270 958 Incipit
294 915 403 946 tabula
427 915 465 945 de
489 914 682 945 sermonibus
707 913 900 950 Vasconicis,

144 968 283 1000 videlicet
306 971 371 997 tam
388 967 425 996 de
442 966 543 996 verbis
561 966 736 996 thematum
754 976 845 1006 quam
862 965 900 995 de

145 1020 244 1051 verbis
274 1019 499 1050 auctoritatum
527 1017 719 1047 diversarum
747 1017 777 1047 in
809 1017 900 1047 dictis

144 1071 336 1104 sermonibus
352 1074 383 1100 et
399 1069 494 1100 etiam
518 1069 555 1099 de
579 1068 646 1099 aliis
670 1069 762 1099 rebus
786 1068 899 1098 ibidem

144 1123 237 1155 tactis
263 1127 295 1152 et
322 1120 511 1152 moralizatis
539 1125 571 1150 et
598 1123 646 1150 est
674 1130 820 1150 numerus
850 1119 899 1149 hie

144 1174 280 1216 positus;
306 1183 452 1203 numerus
477 1182 651 1202 sermonum
672 1171 766 1212 juxta
790 1175 899 1212 quota-

144 1226 260 1257 cionem
276 1224 325 1254 hic
341 1223 482 1264 superius
498 1223 643 1253 facta1n.⁷'
687 1222 739 1252 fol.
750 1232 801 1263 3¹·

82 1284 110 1314 b.
128 1289 145 1298 “
157 1281 337 1323 Applicaeio
350 1280 540 1310 diversorum
557 1282 775 1309 contentorum
792 1279 822 1308 in
839 1289 899 1308 ser-

143 1333 284 1364 monibus
310 1331 489 1363 Vasconicis
517 1331 556 1361 ad
588 1330 725 1360 diversas
752 1330 900 1360 materias

144 1389 173 1416 et
190 1384 255 1415 dies
271 1389 302 1414 et
318 1388 365 1414 est
386 1382 531 1424 quotacio
547 1382 586 1412 de
602 1382 824 1412 sermonibus?
847 1381 898 1412 fol.

144 1437 192 1478 36.

82 1504 106 1524 c.
125 1498 141 1508 ‘¹
154 1492 221 1522 Hec
244 1491 352 1522 tabula
371 1495 418 1521 est
438 1490 476 1520 de
500 1490 657 1521 vocabulis
674 1490 900 1521 auctoritatum

143 1543 346 1585 allegatarum
376 1547 408 1573 et
438 1542 605 1572 divisarum
641 1542 672 1572 in
708 1541 900 1572 sermonibus

146 1594 335 1631 Vasconicis,
367 1604 426 1634 que
457 1593 692 1634 prescribuntur
723 1593 753 1623 in
789 1593 900 1634 quibus

145 1645 244 1676 verbis
256 1645 405 1675 fundatur
419 1644 544 1685 aliquod
558 1644 730 1674 membrum
743 1644 900 1674 divisionis

144 1702 176 1728 et
198 1701 245 1728 est
269 1696 413 1738 quotacio
437 1696 475 1726 de
494 1696 687 1726 sermonibus
708 1701 740 1727 et
761 1695 901 1736 sequitur

144 1748 278 1780 tabula.”
300 1747 352 1778 fol.
364 1756 415 1788 37.

63 1811 90 1840 2.
109 1809 269 1840 Sermones
290 1807 435 1849 permixti
458 1808 496 1838 de
512 1811 653 1848 tempore
669 1810 699 1837 et
723 1806 761 1836 de
777 1806 900 1837 Sanctis

123 1871 176 1902 per
186 1860 316 1891 eundem
329 1859 507 1890 ‚Iohannem
519 1858 650 1894 collecti,
664 1858 695 1888 in
706 1861 812 1899 partes
822 1858 900 1888 duas

124 1911 271 1948 distincti,
297 1911 411 1952 praevia
437 1910 546 1941 tabula
573 1915 747 1950 temporum
776 1914 808 1940 et
833 1909 899 1940 the-

123 1967 250 1998 matum,
267 1962 393 1997 scilicet,

72 2027 109 2055 a
127 2015 288 2046 Sermones
312 2013 521 2056 quadraginta
542 2012 672 2043 Parisiis
694 2016 726 2042 et
745 2011 818 2042 alibi
840 2012 898 2043 col·
930 2027 932 2039 ι

142 2066 222 2097 lecti.
246 2066 297 2096 fol.
313 2076 364 2103 41.

186 2117 285 2158 Incip.
298 2117 450 2148 “Salutat
459 2127 514 2146 vos
526 2115 637 2150 Lucas,
649 2118 708 2145 etc.
722 2113 896 2149 Karissimi,

165 2169 249 2200 scitis
280 2169 338 2199 hoc
364 2167 618 2199 consuetudinem
646 2166 813 2196 humanam
840 2165 897 2196 sibi

164 2231 219 2261 pro
234 2220 301 2261 lege
316 2218 497 2250 statuisse.''

185 2271 292 2301 Desin.
319 2271 374 2301 ult.
403 2274 538 2311 “potest
563 2269 677 2299 lumine
701 2267 802 2308 gratie
826 2279 896 2309 pur-

163 2333 236 2363 gare
252 2321 420 2352 sanctitate
436 2321 527 2352 vite.”

184 2373 220 2403 In
237 2373 294 2404 hac
315 2378 404 2414 parte
420 2376 586 2403 occurrunt
608 2381 689 2411 saepe
705 2370 736 2400 in
758 2369 897 2410 margine

163 2430 336 2460 auctorum,
365 2428 400 2454 ut
431 2424 606 2464 conjectare
636 2422 739 2456 liccat,
771 2420 897 2451 nomina

164 2475 353 2512 concionum,
366 2480 401 2506 ut
413 2486 461 2506 ex.
472 2485 520 2515 gr.
532 2475 571 2504 ad
583 2473 634 2504 fol.
645 2482 695 2513 55,
709 2478 717 2490 ‘
730 2472 896 2502 Dominica

163 2525 180 2556 i.
200 2525 465 2558 Praedicatorum:
485 2525 593 2556 Griffin
606 2525 622 2561 ;'
638 2524 678 2555 ad
695 2523 745 2553 fol.
758 2532 808 2563 57,
829 2523 895 2553 ‘De

164 2576 243 2606 bono
281 2577 439 2608 Clemente
476 2588 558 2618 papa
576 2589 583 2611 3
623 2574 869 2605 Przedicatorum
884 2587 892 2608 ς
927 2611 928 2614 ¹

164 2628 296 2659 Suttone
307 2629 327 2663 ;’
343 2629 383 2659 ad
395 2628 447 2659 fol.
461 2639 510 2669 73,
529 2634 535 2643 ‘
550 2628 597 2658 De
608 2628 702 2657 beato
715 2626 875 2666 Stephano
887 2639 894 2662 3

163 2679 340 2716 Minorum;
364 2680 417 2710 Fr.
443 2680 478 2710 T.
503 2680 541 2710 de
564 2678 723 2720 Cappelad
739 2678 756 2713 ς’
779 2678 819 2708 ad
843 2678 893 2708 fol.
926 2703 928 2716 ‹

165 2739 214 2770 77,
246 2737 252 2746 ‘
264 2731 312 2761 De
336 2731 429 2761 beato
457 2731 493 2761 T.
524 2729 668 2772 pontifice
683 2741 690 2764 ;
717 2728 894 2764 Minorum3
926 2721 928 2744 ἶ

164 2780 317 2812 Henricus
329 2782 366 2812 de
380 2782 513 2812 Suttone
524 2781 542 2817 3⁵
557 2781 596 2811 ad
613 2779 662 2810 fol.
678 2780 727 2815 80,
747 2785 752 2794 ‘
765 2778 802 2809 In
815 2779 895 2809 festo

1103 250 1362 288 circumcisionis3
1391 251 1547 282 Minorum
1562 264 1569 287 ;
1598 251 1731 292 llyclink
1747 251 1762 284 2*
1791 251 1829 281 :ul

1104 302 1154 333 fol.
1168 304 1204 332 82
1218 303 1257 336 b..
1277 309 1282 317 ‘
1299 302 1332 332 In
1350 303 1428 333 festo
1444 303 1628 344 epiphanie:
1649 302 1805 332 Minorum
1821 316 1827 333 ;

1106 353 1286 383 1101111011οῑἸ
1308 354 1348 384 ad
1372 355 1422 384 fol.
1447 357 1486 383 258
1503 355 1541 388 b.,
1567 360 1573 370 ‘
1591 354 1750 384 Dominica
1765 365 1830 394 sep-

1103 404 1282 444 tuagesime,
1300 416 1399 435 sermo
1420 405 1571 445 generalis
1595 405 1699 435 fratris
1724 406 1775 435 W.
1794 405 1831 434 de

1104 456 1236 486 Betham
1251 458 1271 490 ς’
1287 457 1324 486 ad
1341 457 1391 486 fol.
1410 469 1461 496 94,
1479 464 1483 472 ‘
1497 458 1600 497 Synon
1618 457 1655 487 de
1672 457 1830 491 Gandavo„

1104 508 1329 538 Cancellarius.'

1125 558 1299 589 Occurrunt
1325 570 1445 599 quoque
1471 559 1596 589 nomina
1618 559 1778 589 civitatum
1803 559 1831 588 in

1106 610 1229 650 Anglia,
1249 610 1313 640 scil.
1338 610 1539 645 Mahnesbiri,
1563 610 1739 645 Liminster‚
1758 610 1831 640 Not-

1103 661 1262 701 hingham,
1282 661 1418 691 Lineoln.

1019 721 1048 751 b.
1066 720 1229 751 Sermones
1245 720 1351 761 viginti
1369 732 1475 751 novem
1497 721 1584 752 mixti
1600 734 1606 757 ;
1629 722 1752 751 ‹livet-sis
1767 732 1831 751 cca-

1041 1734 1070 1764 (l.
1089 1740 1106 1748 “

1040 2219 1068 2249 (1η

1083 772 1145 802 rati
1160 771 1306 802 librariis.
1331 772 1380 802 sol.
1399 774 1463 802 116.

1127 823 1223 863 Incip.
1251 823 1270 852 i.
1300 829 1317 838 “
1333 823 1446 853 Rector
1472 823 1612 857 fratrum,
1641 828 1697 853 etc.
1747 822 1832 852 Inter

1107 873 1186 903 viros
1202 873 1312 903 eximie
1329 874 1533 904 sanetitatisf'

1128 924 1193 954 Ult.
1211 928 1258 954 est
1274 924 1304 953 in
1322 924 1414 959 istud,
1436 931 1440 938 ‘
1458 925 1534 954 Ecce
1550 924 1741 955 ascendimus
1759 924 1830 954 Hie-

1106 975 1312 1016 rosolyman
1335 979 1367 1005 et
1390 976 1485 1005 desin.
1511 982 1574 1005 “ut
1592 976 1620 1005 id
1645 976 1708 1005 Deo
1725 976 1831 1006 offerat

1106 1026 1291 1056 sacrificium
1325 1026 1424 1056 laudis
1457 1032 1488 1057 et
1523 1027 1730 1067 inpensionem
1764 1027 1783 1056 h
1802 1052 1807 1056 .
1827 1052 1831 1056 .

1105 1089 1210 1108 eorum
1227 1078 1434 1108 debitorum.''

1127 1137 1309 1167 Sermonum
1323 1137 1453 1167 istorum
1467 1136 1640 1166 exscribere
1656 1136 1745 1166 liceat
1761 1137 1833 1167 titu-

1104 1189 1149 1219 los
1166 1193 1338 1229 sequentes,

1087 1248 1104 1256 ‘¹
1118 1241 1226 1271 Sermo
1256 1240 1286 1270 in
1317 1251 1405 1271 coena
1433 1239 1560 1269 Domini
1588 1250 1668 1269 anno
1701 1249 1775 1280 ¹343
1804 1239 1832 1268 in

1104 1292 1232 1322 ecclesia
1249 1291 1417 1322 Roffensi.”
1441 1291 1492 1321 fol.
1512 1301 1568 1331 139
1579 1291 1608 1320 b.

1089 1352 1159 1382 “In
1187 1352 1324 1392 exequiis
1352 1351 1466 1382 domini
1493 1350 1631 1381 Nicholai
1661 1350 1835 1390 'Malemeyu

1106 1414 1187 1434 anno
1219 1403 1334 1434 Christi
1371 1414 1447 1444 ¹349
1480 1403 1509 1433 iu
1540 1401 1675 1432 erastino
1698 1427 1702 1431 .
1722 1426 1727 1431 .
1745 1425 1776 1431 ..
1806 1401 1834 1430 in

1105 1456 1233 1487 ecclesia
1250 1456 1287 1486 de
1304 1456 1490 1486 Feversham
1509 1456 1557 1493 (Ξ).
1584 1455 1632 1485 fol.
1658 1454 1751 1492 1441).

1084 1526 1100 1534 ‘¹
1118 1519 1181 1550 Iste
1212 1530 1312 1549 sermo
1342 1519 1401 1549 fuit
1431 1518 1593 1548 ordinatus
1620 1528 1675 1557 pro
1701 1515 1836 1556 exequiis

1104 1570 1227 1601 domine
1252 1571 1290 1600 de
1313 1570 1463 1604 Cobham,
1488 1580 1569 1599 anno
1593 1567 1707 1599 Christi
1735 1577 1834 1608 1344:

1104 1633 1165 1652 non
1187 1621 1348 1652 dicebatur
1369 1632 1424 1661 pro
1440 1632 1476 1651 eo
1491 1619 1572 1661 quod
1589 1618 1836 1659 archiepiscopus

1105 1672 1338 1705 Cantuariensis
1350 1671 1529 1713 praedicavit
1542 1670 1684 1701 ibidemf*
1703 1669 1753 1699 fol.
1770 1672 1835 1706 148.

1121 1733 1181 1763 Die
1208 1732 1353 1763 Cinerum
1384 1731 1465 1772 apud
1494 1730 1613 1760 Roffiun
1646 1729 1756 1769 1353.‘'
1786 1728 1834 1757 fol.

1108 1794 1165 1825 152
1180 1784 1209 1814 b.

1084 1846 1101 1855 ‘⁴
1116 1840 1153 1870 In
1184 1839 1322 1880 exequiis
1353 1837 1502 1878 Stephani
1535 1836 1636 1876 Selym
1664 1838 1701 1873 (ί)
1731 1834 1834 1875 1347.”

1103 1891 1152 1921 fol.
1175 1892 1242 1930 156.

1087 1946 1170 1976 “Ad
1198 1955 1319 1976 crucem
1351 1943 1458 1974 Sancti
1488 1943 1584 1976 Pauli„
1613 1952 1693 1971 :inno
1719 1941 1831 1971 Christi

1108 1997 1214 2039 1336*
1238 1996 1288 2026 sol.
1305 1997 1371 2034 167.

1146 2049 1183 2078 In
1198 2059 1338 2078 sermone
1351 2047 1411 2077 isto
1424 2050 1590 2076 occurrunt
1602 2055 1700 2086 pauca
1712 2045 1738 2074 A
1743 2043 1832 2084 uplice

1124 2099 1251 2141 scripta,
1277 2110 1324 2130 ex.
1348 2109 1395 2139 gr.
1421 2101 1486 2139 “Pe
1509 2102 1573 2127 stat
1595 2100 1648 2137 liat
1669 2106 1739 2125 man
1756 2094 1831 2124 hath

1123 2162 1191 2182 now
1207 2151 1232 2181 is
1248 2150 1327 2181 seble
1343 2150 1403 2180 and
1421 2148 1569 2189 lo‹llych.”

1088 2214 1105 2222 “
1118 2207 1155 2237 In
1172 2206 1299 2237 ecclesia
1316 2205 1346 2236 S.
1360 2205 1448 2235 Pauli
1461 2205 1499 2234 ad
1516 2213 1635 2234 crucem
1652 2202 1681 2231 in
1697 2201 1746 2231 die
1762 2211 1830 2231 con-

1103 2257 1251 2289 versionis
1269 2257 1298 2287 S.
1312 2256 1401 2287 Pauli
1418 2267 1499 2286 anno
1516 2253 1628 2285 Christi
1651 2252 1756 2292 1337.”
1779 2251 1829 2280 fol.

1106 2318 1173 2349 174.

1124 2366 1313 2405 Sequuntur,

1102 2429 1127 2446 α.
1145 2414 1423 2455 Computationum
1447 2412 1627 2452 fragmenta,
1653 2409 1733 2439 inter
1752 2418 1828 2448 qua:

1080 2473 1097 2482 “
1114 2466 1261 2507 Heghan,
1289 2465 1367 2495 xx.l.
1418 2465 1513 2503 Grym
1538 2461 1612 2491 xx.l.
1638 2460 1706 2489 xis.
1731 2459 1828 2488 viii.d.

1080 2517 1178 2547 Barot
1195 2516 1273 2546 xx.l.
1320 2515 1453 2545 Thomas
1470 2513 1607 2551 Maryns,
1627 2510 1724 2540 xxx.l.
1767 2509 1829 2539 Gil-

1080 2568 1225 2608 lyngham
1243 2566 1324 2596 x.l.”
1348 2565 1397 2595 fol.
1421 2574 1477 2602 ¹74
1494 2563 1523 2592 b.

1098 2627 1129 2660 β.
1147 2621 1302 2662 Anonymi
1319 2619 1477 2660 cujusdam
1495 2616 1586 2657 legati
1611 2615 1690 2655 regis
1707 2613 1829 2653 Angliae

1080 2674 1134 2715 [ad
1152 2673 1328 2713 Philippum
1348 2670 1405 2699 VI.
1430 2679 1531 2709 regem
1550 2666 1703 2707 franciae]
1722 2665 1829 2694 exhor·

1079 2726 1159 2756 tatio
1182 2730 1217 2755 ut
1241 2723 1351 2753 bellum
1380 2726 1504 2751 moveat
1531 2724 1639 2748 contra
1669 2718 1828 2756 l'aganosz

1080 2776 1201 2806 Gallice.
1226 2775 1276 2805 fol.
1293 2783 1358 2814 175.
