2254 3117
356 146 401 180 62

462 244 559 286 Incip.
575 244 651 286 prol.
668 244 699 274 ii.
715 247 735 261 “
749 242 923 273 Matthaeus
939 253 978 273 ex
994 242 1014 273 J
1016 242 1135 273 udaea.”

462 295 559 336 Incip.
573 306 662 336 opus,
680 293 803 324 “Liber
818 293 1046 334 generationis;
1071 293 1133 324 Hic
1148 304 1238 324 evan—

439 346 551 388 gelista
571 346 683 376 librum
705 344 857 382 intitulat,
879 345 961 386 quod
984 344 1027 375 sic
1048 345 1086 375 de
1108 356 1235 386 genera-

441 397 526 428 cione
541 396 563 426 J
566 396 640 426 hesu
656 395 772 427 Christi
784 395 813 429 ;”
833 396 915 427 inter
930 407 999 437 opp.
1017 400 1093 426 tom.
1109 396 1151 426 ix.
1166 407 1196 437 p.
1212 406 1236 426 Ι.

461 447 565 477 Desin.
589 450 667 477 “est
688 446 832 477 sacerdos
854 446 885 477 in
907 450 1047 477 eternum
1070 447 1238 477 secundum

439 497 577 528 ordinem
594 497 824 528 Melchisedech
841 497 897 529 Cui
915 501 963 528 est
978 497 1078 528 honor
1093 501 1124 528 et
1140 497 1238 539 gloria

438 548 470 578 in
486 548 588 579 secula
604 548 804 579 seculorum.”

661 653 929 689 CLXXXVII.

352 720 472 754 Codex
499 721 790 760 membranaceus,
818 722 853 754 in
887 721 978 761 folio,
1007 721 1040 754 ff.
1060 723 1142 761 314,
1170 732 1236 753 see.

377 780 449 813 xiii.
469 781 650 820 exeuntis;
676 781 766 814 binis
784 780 963 814 columnis.

396 847 424 877 1.
444 847 569 878 Alberti
593 847 850 888 Ratisponnensis
880 846 1119 878 commentarius
1146 857 1238 887 super

459 898 491 929 S.
505 898 598 929 Lucae
614 898 815 939 evangelium,
832 909 900 928 cum
917 898 1053 939 prologo.
1078 898 1128 928 sol.
1146 907 1173 928 2.

502 949 600 991 Incip.
617 949 693 991 prol.
710 954 729 966 “
744 950 808 979 Ubi
824 954 976 991 apparent
993 949 1159 991 plurimae.”

501 1001 597 1042 Incip.
615 1012 702 1042 opus,
721 1005 738 1017 “
752 1001 824 1032 Toti
847 1001 917 1031 huic
939 1001 1023 1042 operi
1042 1000 1142 1031 Lucas
1154 1000 1180 1037 ;”
1203 1004 1237 1030 ut

480 1052 561 1082 inter
576 1063 679 1093 opera,
698 1056 775 1083 tom.
789 1063 818 1082 x.
836 1064 864 1093 p.
880 1062 905 1082 1.

502 1102 539 1133 In
556 1103 648 1140 calce,
665 1107 683 1119 “
695 1103 874 1144 Expliciunt
891 1103 995 1134 notule
1011 1114 1103 1143 super
1122 1103 1238 1132 Lucam

480 1154 647 1184 secundum
662 1154 790 1185 fratrem
806 1154 970 1185 Albcrtum
983 1155 1020 1184 de
1035 1154 1142 1184 ordine
1156 1154 1237 1183 ΡΜ»-

480 1205 653 1236 dicatorum
689 1205 864 1246 episcopum
900 1206 1054 1246 quondam
1091 1204 1237 1245 Ratispo-

479 1257 634 1287 nensen1.”

396 1313 424 1342 2.
441 1312 589 1354 Ejusdem
601 1312 754 1353 expositio
770 1323 862 1352 super
876 1312 906 1342 S.
923 1311 1020 1342 Marci
1036 1311 1236 1352 evangelium,

458 1374 527 1394 cum
544 1363 679 1404 prologo.
704 1363 755 1393 fol.
772 1372 841 1401 242.

502 1414 598 1454 Incip.
615 1414 690 1455 prol.
709 1418 727 1430 ‘⁶
741 1414 821 1444 Ecce
837 1414 909 1444 vicit
929 1413 1009 1447 Lem
1034 1413 1107 1443 'Pria
1129 1418 1236 1443 notan-

481 1470 533 1496 tur
548 1466 626 1496 hic.”

504 1517 598 1558 lncip.
623 1529 708 1558 opus,
735 1522 752 1534 ‘³
769 1517 856 1547 Sicut
884 1517 999 1547 dictum
1026 1522 1073 1547 est
1101 1517 1130 1546 in
1162 1528 1236 1557 praae-

479 1568 593 1599 babitis
605 1570 633 1604 3³³
658 1574 693 1599 ut
709 1569 790 1599 inter
806 1580 876 1609 opp.
894 1574 967 1598 tom.
986 1569 1025 1598 ix.
1043 1575 1122 1608 part.
1142 1569 1168 1598 ii.

501 1620 539 1650 In
561 1620 652 1657 calce,
671 1626 688 1639 ‘⁸
702 1620 881 1661 Expliciuut
904 1620 1010 1650 notule
1033 1631 1125 1660 super
1152 1619 1236 1649 Mar-

562 1670 579 1682 ἰθ

479 1682 560 1702 cum.

649 1754 940 1788 CLXXXVIII.

355 1820 655 1860 Membranaeeus,
681 1821 715 1853 in
740 1820 832 1859 folio,
854 1820 887 1853 ff.
908 1824 989 1860 293,
1014 1832 1079 1854 sec.
1100 1821 1157 1853 xii.
1178 1832 1237 1854 ex-

377 1880 500 1916 euntis,
520 1879 746 1918 bicolumnis;
773 1892 815 1913 ex
835 1880 924 1913 dono
942 1879 1040 1912 Will.
1057 1880 1161 1925 Gray.

396 1943 551 1974 Ambrosii
565 1945 712 1985 Antperti
726 1956 777 1975 seu
794 1945 953 1981 Ansbcrti,
968 1945 1031 1986 [seu
1044 1945 1237 1986 Authbe1·ti,]

415 1994 569 2036 expositio
591 1995 622 2025 in
646 1995 676 2025 S.
696 1995 852 2026 Johannis
876 1996 1086 2037 Apocalypsin
1109 1996 1194 2026 libris
1216 2008 1238 2026 x

415 2050 536 2083 exacta,
556 2046 671 2088 praevia
690 2051 907 2078 contentorum
924 2047 1041 2084 tabula,
1059 2052 1090 2078 et
1106 2048 1238 2089 epistola

415 2098 455 2128 ad
473 2097 666 2139 Stephanum
683 2098 802 2140 Papam
819 2100 1019 2130 dedicatoria.

460 2148 554 2190 Incip.
570 2149 658 2190 epist.
677 2154 694 2166 ‘²
707 2150 820 2191 Incipit
838 2151 967 2192 epistola
983 2151 1141 2181 Ambrosii
1158 2151 1237 2181 Ant-

436 2200 516 2241 perti
545 2201 584 2230 ad
609 2200 801 2249 Stephanum
826 2202 909 2232 urbis
934 2202 1032 2233 Rome
1058 2203 1237 2243 episcopum

437 2262 493 2292 pro
510 2250 595 2281 libris
612 2251 702 2281 suis.”

460 2301 557 2342 Incip.
574 2301 659 2343 praef.
677 2306 694 2318 ⁴²
707 2302 766 2332 Dei
783 2302 1002 2343 omnipotentis
1018 2303 1214 2334 illustratio.”

459 2353 556 2394 Incip.
573 2364 661 2393 opus,
676 2357 694 2369 ‘⁴
706 2353 928 2394 Apocalypsi53
948 2358 1005 2384 etc.
1042 2353 1148 2383 Primo
1165 2365 1237 2395 ergo

438 2404 495 2434 hoc
512 2405 542 2434 in
558 2404 624 2434 loco
641 2404 796 2434 notandus
809 2404 834 2438 3⁵³
856 2404 886 2434 in
903 2405 977 2435 edit.
997 2406 1084 2445 1536.

459 2455 564 2486 Dcsin.
584 2460 601 2471 ‘⁶
613 2466 649 2485 ac
665 2455 749 2485 dicat
766 2455 900 2485 Domine
917 2455 990 2491 fiat3
1015 2456 1144 2486 Amen.u

459 2506 496 2536 Iu
514 2507 581 2542 fine,
602 2510 619 2522 ‘⁵
634 2506 769 2547 Explicit
786 2506 862 2550 liber
878 2506 1013 2536 decimus
1036 2507 1238 2547 expositionis

439 2557 597 2587 Ambrosii
624 2556 773 2598 Antperti
802 2567 893 2597 super
918 2557 1127 2598 Apocalipsim
1156 2557 1237 2588 beati

437 2609 459 2639 J
462 2608 592 2639 ohannis
608 2607 772 2649 apostoli.“'

462 2659 618 2690 Przcmisit
635 2659 736 2690 scriba
751 2658 905 2689 distichon
922 2670 1061 2700 sequens,

387 2716 404 2728 ⁴⁴
418 2711 564 2742 Sensibus
582 2711 714 2752 Auperti
731 2722 837 2741 sensus
855 2711 1012 2741 nudantur
1027 2712 1127 2752 operti

419 2763 533 2793 Clausa
550 2763 757 2800 recluduntur,
775 2762 860 2804 prius
876 2762 1019 2803 ignorata
1035 2762 1202 2794 sciuntur.''

915 141 1216 177 CATALOGUS
1242 143 1478 178 CODICUM
1505 143 1618 178 MSS.

1607 243 1857 278 CLXXXIX.

1290 305 1411 340 Codex
1425 307 1717 345 membranaceus,
1732 307 1766 339 in
1782 305 1873 345 folio,
1887 305 1920 339 ff.
1931 308 2011 346 178,
2026 317 2092 340 sec.
2105 318 2171 348 xv„

1314 363 1540 403 bicolumnis3
1562 361 1822 408 [autographss]
1844 374 1887 396 ex
1903 363 1993 396 dono
2008 363 2170 407 ejusdem.

1332 427 1486 457 Johannis
1505 426 1667 467 Capgrave
1688 427 1842 468 expositio
1865 438 1957 468 super
1974 427 2073 458 Actus
2089 428 2172 469 Apo-

1354 477 1503 508 stolorum
1524 477 1641 518 praevia
1662 477 1793 518 epistola
1809 478 1846 508 ad
1866 478 1969 518 [Will.
1983 479 2095 519 Gray]‚
2112 478 2173 520 epi-

1354 539 1480 569 scopum
1500 528 1692 567 [Eliensem].

1398 579 1494 620 Incip.
1517 580 1607 620 epist.
1633 584 1650 596 ‘⁴
1667 579 1858 610 chiiniscor
1881 580 1994 611 Sancte
2018 580 2171 618 Antistes,

1375 635 1493 671 quanta
1510 631 1560 671 pia
1576 631 1752 661 visitatione
1770 635 1871 662 vestra
1887 631 1917 661 in
1934 643 1982 662 me
1998 631 2174 662 miserum.'‘

1398 681 1496 720 Incip.
1513 692 1601 721 opus,
1617 685 1635 697 ‘⁴
1651 681 1789 711 Primum
1806 682 1929 722 quidem
1946 683 2145 713 sermonem.”

1397 731 1502 761 Desin.
1520 736 1538 747 “
1552 731 1655 771 Hujus
1678 731 1772 773 igitur
1786 732 1919 772 apostoli
1939 732 2039 773 adjuti
2060 732 2173 763 doctri-

1374 783 1422 812 nis
1451 782 1570 812 sacilius
1600 782 1727 813 celestia
1757 783 1924 823 capiamuS,
1953 783 2089 814 donante
2116 784 2173 815 Illo

1375 834 1425 874 qui
1442 833 1544 870 vivit,''
1560 837 1617 864 etc.
1666 839 1683 850 ‘⁵
1698 834 1842 864 Felieiter
1857 845 1912 874 por
1928 835 2120 875 Capgrave.”

1677 935 1786 970 CXC.

1292 999 1589 1038 Membranaceus,
1612 999 1645 1032 in
1670 1001 1740 1037 atto,
1760 998 1793 1032 ff.
1811 999 1889 1037 116,
1916 1011 1981 1033 see.
2001 1011 2068 1039 xv„
2087 1000 2175 1034 bene

1316 1063 1499 1095 exa1·atus;
1527 1069 1570 1090 ex
1589 1057 1679 1090 dono
1697 1057 1861 1100 ejusdem.

1332 1127 1353 1156 J
1357 1127 1486 1157 ohannis
1502 1126 1662 1167 Capgrave
1681 1137 1758 1167 opus
1781 1137 1873 1167 super
1890 1126 2046 1167 Symbola,
2062 1127 2174 1168 praevia

1354 1177 1485 1217 epistola
1506 1177 1698 1208 dedicatoria
1719 1177 1759 1207 ad
1775 1177 1861 1207 Will.
1879 1178 1974 1218 Gray,
1996 1177 2173 1220 episcopum

1356 1228 1521 1259 Eliensem.

1397 1279 1493 1320 Incip.
1518 1279 1606 1320 epist.
1632 1278 1815 1318 “Quoniam
1840 1279 2093 1320 psalmigraphus
2115 1279 2171 1317 ait,

1375 1330 1551 1361 Secundum
1567 1341 1678 1360 nomen
1694 1334 1782 1361 tuum
1801 1330 1848 1360 ita
1864 1334 1895 1360 et
1910 1330 1977 1360 laus
1998 1334 2064 1367 tua,
2080 1330 2171 1361 michi

1375 1394 1496 1423 quoquo
1512 1386 1546 1413 ut
1562 1393 1632 1412 reor
1648 1381 1797 1423 loquitur,
1813 1381 1860 1412 cui
1883 1381 2003 1412 animus
2019 1382 2085 1422 jam
2101 1382 2172 1413 ebes

1375 1438 1433 1470 est,
1449 1445 1560 1474 eorpus
1576 1433 1729 1464 firtescit.”

1396 1484 1493 1525 Incip.
1510 1495 1596 1524 opus,
1614 1488 1633 1500 “
1648 1483 1826 1524 Symbolum
1848 1483 1929 1523 quod
1946 1486 2074 1514 vocatur
2090 1483 2172 1524 Apo-

1374 1535 1536 1571 stolorum,
1560 1535 1589 1565 in
1614 1546 1674 1575 quo
1697 1540 1769 1565 sunt
1798 1545 1833 1572 14
1857 1534 1978 1565 articuli
2006 1535 2172 1565 secundum

1374 1587 1533 1626 quosdam,
1563 1586 1616 1616 sod
1644 1586 1757 1616 certior
1784 1586 1887 1626 opinio
1917 1590 1964 1616 est
1991 1586 2072 1627 quod
2100 1590 2171 1617 sunt

1376 1642 1499 1668 tantum
1516 1637 1705 1667 duo‹leeim.”

1396 1689 1542 1729 Symbola
1555 1689 1592 1719 de
1605 1688 1716 1729 quibus
1730 1688 1834 1729 agitur
1846 1688 1876 1718 in
1889 1698 1981 1727 opere
1994 1687 2072 1725 ist03
2088 1691 2171 1725 sunt,

1312 1741 1339 1770 l.
1358 1740 1536 1781 Symbolum
1554 1739 1672 1770 Nieaeni
1689 1739 1817 1770 concilii.
1842 1739 1892 1769 fol.
1906 1748 1925 1779 5
1940 1738 1970 1769 b.

1310 1792 1337 1820 Ω.
1356 1791 1545 1832 Symbolum,
1567 1791 1649 1831 quod
1672 1790 1837 1821 Anselmus
1860 1790 2116 1832 archiepiscopus,
2139 1801 2171 1821 se

1374 1846 1537 1883 praesente,
1553 1842 1626 1872 fecit
1642 1841 1733 1872 scribi
1752 1847 1824 1872 ante
1844 1853 1955 1882 corpus
1975 1842 2011 1872 B.
2027 1842 2171 1883 Apostoli

1373 1894 1413 1924 ad
1433 1894 1591 1934 exemplar
1611 1899 1767 1933 argentea}
1791 1893 1917 1929 tabulae,
1936 1904 2003 1933 quae
2025 1904 2044 1924 a
2066 1893 2171 1925 Nicaea

1374 1945 1467 1975 missa
1483 1944 1583 1975 fuerat
1601 1944 1715 1974 Roman
1740 1944 1790 1974 fol.
1808 1946 1836 1975 6.

1334 2022 1340 2027 .
1357 1996 1535 2037 Symbolum
1547 1996 1752 2036 compositum
1767 2007 1786 2026 a
1799 1995 1836 2026 B.
1848 1995 2033 2027 Athanasio.
2049 1995 2100 2026 fol.
2111 1997 2130 2026 6
2141 1996 2168 2026 b.

1335 2070 1339 2076 .
1357 2047 1376 2077 J
1379 2047 1508 2077 ohannis
1524 2046 1744 2087 Chrysostmni.
1770 2047 1820 2077 fol.
1836 2047 1862 2077 8.

1334 2122 1340 2128 .
1357 2097 1393 2128 B.
1407 2097 1598 2138 Hieronymi,
1617 2108 1654 2127 ex
1670 2097 1748 2128 libro
1765 2097 1984 2138 Epistolarum.
2009 2097 2059 2128 fol.
2076 2108 2113 2128 10
2126 2098 2154 2128 b.

1334 2173 1339 2178 .
1357 2148 1405 2179 Ex
1421 2148 1549 2179 coneilio
1565 2148 1716 2179 Toletano
1733 2148 1902 2178 undecimo.
1926 2148 1977 2178 fol.
1994 2158 2030 2180 12
2044 2148 2072 2178 b.

1333 2224 1339 2230 .
1355 2199 1620 2241 Carthaginiensis
1643 2199 1761 2230 concilii
1778 2199 1889 2240 quarti,
1907 2199 1958 2229 ubi
1980 2199 2120 2230 interfuit
2139 2199 2168 2230 S.

1373 2250 1577 2292 Augustinus,
1584 2255 1723 2290 tempore
1733 2250 1873 2286 Honorii,
1881 2255 1911 2281 et
1919 2251 2071 2292 allegatur
2078 2250 2109 2281 in
2116 2250 2166 2281 lib.

1374 2302 1592 2338 Decrctorum,
1607 2302 1689 2332 Dist.
1704 2312 1751 2343 23,
1766 2308 1773 2319 ⁴
1785 2303 1843 2341 Qui
1859 2302 2040 2343 episcopus?
2058 2302 2078 2333 f.
2092 2304 2130 2333 16
2140 2303 2168 2333 b.

1309 2355 1338 2384 8.
1355 2353 1392 2383 B.
1407 2353 1587 2394 Augustini,
1603 2358 1610 2369 ⁴
1620 2357 1651 2384 et
1665 2358 1711 2384 est
1727 2365 1827 2384 sermo
1843 2354 1960 2394 primus
1975 2354 2123 2395 ejusdem,
2139 2354 2168 2384 in

1373 2403 1508 2433 secunda
1523 2409 1612 2444 parte
1629 2404 1831 2435 Sermonum?
1851 2404 1902 2435 fol.
1921 2413 1955 2444 17
1970 2405 1999 2435 b.

1309 2457 1339 2489 9.
1356 2454 1451 2484 Aliud
1479 2454 1626 2495 ejusdem,
1654 2459 1662 2473 ‘
1675 2459 1707 2486 et
1736 2458 1784 2486 est
1814 2467 1914 2486 sermo
1940 2464 1990 2497 59,
2017 2455 2049 2486 in
2075 2455 2169 2486 tertia

1372 2510 1462 2547 parte
1479 2505 1681 2537 Sermonum.'
1704 2506 1754 2537 fol.
1770 2516 1817 2537 21.

1290 2557 1338 2587 10.
1356 2557 1439 2586 Item
1461 2556 1544 2586 aliud
1561 2557 1740 2598 Augustini,
1758 2562 1765 2574 ‘
1778 2569 1815 2588 ex
1837 2568 1897 2588 uno
1918 2557 2046 2598 antiquo
2066 2557 2170 2588 codice

1374 2608 1556 2649 conscripto,
1569 2609 1712 2649 quoniam
1729 2608 1759 2639 in
1773 2620 1899 2639 numero
1916 2609 2097 2639 Sermonum
2110 2620 2169 2639 non

1310 1998 1331 2232 κ’ἱῦδῢινὶὸζιῡ

1375 2659 1441 2689 est?
1465 2659 1516 2689 fol.
1534 2668 1581 2689 2⁶¹.

1291 2712 1339 2742 11.
1356 2710 1451 2741 Aliud
1469 2710 1498 2740 S.
1514 2681 1690 2751 Aiigustino
1712 2709 1902 2751 adscriptum
1918 2714 1926 2726 ‘
1939 2714 1970 2740 et
1991 2714 2074 2740 recte
2097 2721 2168 2750 quo-

1266 2749 1267 2761 *
1375 2762 1457 2792 niam
1473 2761 1522 2792 ille
1538 2762 1673 2792 famosus
1689 2772 1788 2792 sermo
1801 2761 1852 2802 qui
1868 2761 1980 2803 legitur
1992 2761 2022 2791 in
2035 2761 2167 2792 eeclesiae
