2254 3117
365 193 411 225 34
913 174 1210 214 CATALOGUS
1235 169 1468 208 CODICUM
1495 166 1605 202 MSS.

745 279 864 315 CXII.

366 351 486 386 Codex
513 346 802 382 membranaceus,
828 341 863 374 iu
890 339 983 379 folio,
1010 337 1045 371 ff.
1065 339 1145 376 182,
1172 346 1238 368 sec.

391 408 462 443 xiii.
481 404 640 443 ineuntis,
664 401 752 435 binis
777 397 944 433 columnis
969 396 1058 430 bene
1082 397 1240 428 exaratus

393 471 428 500 et
445 468 617 501 servatus3
644 461 679 493 in
696 457 790 492 calce
808 454 960 489 mutilus.

411 524 498 556 Petri
514 520 712 555 Comestoris,
728 515 899 559 presbyteri
915 512 1085 548 Trecensis,
1098 508 1242 541 Historia

432 572 633 609 Scholastica,
657 569 772 612 praevia
795 566 974 609 praefatione
994 564 1035 595 ad
1058 562 1097 593 N.
1114 562 1242 592 Remen-

433 636 496 657 sem
511 622 795 663 archiepiscopum3
812 616 953 659 glossulis
964 613 1183 656 marginalibus
1196 610 1243 640 hic

432 678 490 708 illic
506 678 667 707 instructa.

475 727 588 759 Deficit
614 726 645 756 in
676 724 762 755 Hist.
787 722 860 753 Act.
888 717 1109 761 Apostolorum
1135 712 1245 747 verbis,

455 785 473 798 “
489 779 569 810 Nam
594 777 632 807 de
655 776 790 806 Ytamar
815 783 876 803 nou
899 773 989 801 erant
1015 765 1124 798 summi
1149 772 1246 794 sacer-

455 831 544 861 dotes
560 828 613 859 sed
628 826 763 857 minores
778 823 835 855 nisi
852 821 939 864 pauci
952 820 1033 851 circa
1047 814 1247 857 tempora''——

740 924 878 961 CXIII.

375 1003 671 1039 Membranaceus,
686 999 720 1032 in
735 996 826 1035 folio,
845 995 878 1028 ff.
892 992 972 1032 168,
987 1003 1052 1025 sec.
1066 990 1147 1027 xiii„
1161 988 1250 1021 binis

398 1059 565 1096 columnis
583 1061 765 1093 exaratus;
793 1053 875 1087 olim
899 1050 1050 1084 ecclesiae
1075 1047 1110 1081 S.
1131 1046 1250 1079 Mariae

400 1116 635 1154 Rievallensis,
663 1126 707 1148 ex
736 1114 836 1149 dono,
855 1115 894 1143 ut
920 1109 1065 1143 videtur,
1084 1103 1251 1139 Johaunis

401 1177 443 1210 de
462 1175 648 1220 Elyngton,
666 1174 785 1216 postea
803 1168 840 1202 C.
857 1163 1045 1211 Hyldyard.

420 1242 447 1270 1.
465 1238 553 1270 Petri
579 1234 747 1267 Lombardi
771 1231 1001 1263 Sententiarum
1023 1227 1092 1258 libri
1108 1230 1252 1267 quatuor,

483 1288 597 1331 praevia
619 1285 727 1318 tabula
743 1282 957 1325 quaestionum,
974 1278 1082 1321 glossis
1102 1276 1253 1317 margina-

483 1342 563 1372 libus
579 1338 702 1380 penitus
716 1334 870 1366 instructi.
895 1333 946 1363 fol.
964 1340 990 1372 7.

423 1400 451 1428 2.
469 1393 629 1437 Hugolini‚
643 1393 704 1433 [ep.
717 1388 915 1428 FaventiniZ]
934 1384 1156 1416 Distinctioncs
1166 1392 1257 1422 super

487 1448 519 1479 O.
538 1447 575 1477 de
591 1441 815 1476 Sacro-sanctis
830 1444 862 1470 et
876 1439 951 1479 lege,
970 1436 1087 1467 Placet.
1110 1433 1161 1464 fol.
1183 1442 1245 1473 152.

529 1496 627 1537 Incip.
651 1499 669 1511 ⁴*
686 1493 850 1524 Munerum
875 1489 936 1520 alia
962 1487 1097 1521 sordida,
1120 1484 1181 1516 alia
1204 1484 1257 1513 ho-

508 1552 606 1583 nesta,
624 1545 748 1577 sordida
762 1548 798 1574 ut
814 1542 904 1573 caleis
924 1539 1081 1581 coquende
1101 1547 1193 1568 arene
1215 1535 1258 1565 fo-

508 1599 650 1630 diende.''

509 1650 614 1682 Desin.
629 1654 646 1665 ‘⁴
659 1647 691 1679 Si
707 1657 778 1677 vero
794 1644 896 1676 collat.
913 1642 975 1683 viij.

490 1701 670 1733 stinctiones
685 1696 800 1728 domini
816 1693 986 1736 Angelini.”

513 1753 690 1792 Sequuntur
706 1748 778 1779 folia
801 1746 862 1778 tria
887 1745 1072 1785 rejectanea,
1096 1741 1126 1771 in
1151 1739 1261 1780 quibus

491 1804 645 1834 habentur
671 1798 817 1830 nonnulla
846 1797 884 1827 de
910 1795 1030 1826 duabus
1057 1791 1205 1824 columnis
1231 1790 1261 1819 in

492 1854 613 1896 porticu
632 1850 739 1892 templi
756 1847 937 1881 Salomonis,
954 1844 1098 1876 Hebraico
1118 1853 1186 1873 cum
1204 1841 1261 1872 La-

1021 1638 1199 1681 Expliciunt
1215 1636 1259 1666 (li-

492 1907 559 1938 tina
578 1901 843 1944 interpretatione.

763 1989 900 2025 CXIV.

392 2059 688 2095 Membranaceus9
715 2055 750 2087 in
779 2052 861 2086 folio
891 2049 1024 2087 minori,
1051 2047 1084 2081 ff.
1100 2049 1180 2085 193,
1199 2056 1265 2078 sec.

415 2120 527 2152 forsan
552 2116 598 2149 xi.
625 2111 804 2149 exeuntis3
836 2109 924 2143 bene
953 2110 1113 2141 exaratus
1138 2108 1174 2138 et
1200 2114 1267 2137 ser-

416 2180 525 2209 vatus.

437 2233 595 2268 Prisciani,
623 2228 816 2273 grammatici
841 2224 1056 2259 Caesareensis,
1082 2224 1268 2253 commenta-
1298 2248 1300 2257 ,

456 2288 571 2317 riorum
585 2280 859 2325 grammaticorum
875 2277 944 2308 libri
960 2274 1141 2310 octodecim,
1158 2271 1270 2314 praevio
1299 2271 1300 2274 ’

459 2337 596 2379 prologo.

501 2388 565 2419 Tit.
583 2391 600 2402 “
617 2383 731 2425 Incipit
751 2382 828 2412 liber
845 2380 961 2421 primus
978 2375 1138 2412 Prisciani,
1154 2374 1209 2405 viri
1228 2373 1271 2403 di-

482 2436 651 2473 sertissimi,
682 2432 876 2476 grammatici
908 2428 1094 2462 Ccsariensis
1126 2424 1272 2461 doctoris,

481 2490 566 2522 urbis
581 2484 933 2526 Constantinopolitanae
949 2478 1179 2523 praecentoris.''

505 2539 754 2572 Praemittuntur,

421 2608 448 2626 a.
465 2594 667 2625 Characteres
684 2588 797 2629 linguae
821 2585 937 2616 Graeoae
958 2583 1109 2613 elementa
1131 2578 1274 2610 exhiben-

485 2649 540 2675 tcs.
564 2638 615 2672 fol.
633 2651 644 2670 1
665 2640 695 2670 b.

423 2703 451 2731 b.
470 2700 519 2730 De
534 2693 766 2736 orthographia.
790 2691 839 2721 fol.
858 2699 884 2720 2.

509 2748 606 2789 Incip.
630 2751 647 2763 “
663 2746 769 2776 Rectae
797 2739 1004 2782 ortographiae
1030 2737 1111 2769 ratio
1137 2746 1205 2776 quae
1229 2733 1278 2764 hie

488 2802 666 2836 annotatur,
683 2795 778 2828 sicubi
794 2789 1031 2836 prevaricatur.”

1309 281 1335 301 c.
1352 268 1408 300 Hii
1434 270 1507 299 sunt
1529 275 1635 297 omnes
1657 260 1791 298 termini,
1817 257 2060 300 Septuagesime,
2085 255 2165 295 Qua-

1373 318 1556 360 dragesime,
1569 314 1700 350 Pasche,
1715 311 1936 353 Rogationum,
1954 308 2166 342 pentecostes,

1374 369 1493 401 collecti
1518 367 1616 404 simul,
1640 369 1681 402 et,
1706 363 1758 405 qui
1782 365 1854 393 sunt
1875 359 1996 401 singuli,
2021 368 2076 399 per
2101 356 2168 387 cicli

1375 417 1588 450 decennovalis
1603 426 1700 448 annos
1716 412 1850 454 singulos
1865 408 2017 442 annotati.
2043 407 2094 438 fol.
2112 415 2128 436 2
2138 406 2166 436 b.

1314 472 1342 502 d.
1359 471 1479 501 Versus
1502 478 1610 498 novem
1632 463 1849 507 proverbiales,
1865 460 1960 492 desin.
1980 460 2011 490 in
2027 457 2168 489 derivati-

1378 521 1422 551 vis
1437 531 1456 550 a
1471 519 1564 550 verbo
1579 517 1677 558 Rogo.
1700 513 1751 545 fol.
1767 524 1796 553 4.

1420 569 1519 611 Incip.

1339 628 1356 640 “
1369 621 1429 662 Qui
1444 621 1524 663 petit
1539 631 1558 650 a
1573 617 1678 649 multis
1693 614 1846 657 stipendia
1861 616 2005 654 corrogat
2020 611 2100 642 ille.”

1317 686 1343 705 e.
1360 674 1478 704 Versus
1493 672 1543 703 alii
1559 667 1816 713 grammaticales.
1840 664 1889 695 fol.
1904 675 1934 702 4.

1423 723 1519 764 Incip.

1342 784 1359 796 ‘⁴
1372 777 1432 808 Est
1447 774 1657 806 barbarismus
1671 769 1756 802 verbi
1772 767 1929 808 corruptio
1945 765 2042 797 vilis.''

1319 830 1339 860 f.
1358 827 1570 869 Alphabetum
1594 825 1745 858 Graecum,
1767 830 1835 851 cum
1859 817 1966 849 tabula
1989 813 2174 846 numeratio-

1384 889 1456 910 num
1471 878 1511 909 ab
1528 887 1588 907 uno
1603 875 1643 906 ad
1658 873 1748 904 mille.
1772 870 1822 901 fol.
1838 878 1856 910 5
1873 869 1904 899 b.

1684 971 1801 1007 CXV.

1302 1044 1421 1078 Codex
1439 1039 1729 1074 membranaceus,
1748 1035 1783 1068 in
1801 1032 1882 1066 folio
1900 1030 2029 1075 majori,
2048 1029 2082 1063 ff.
2097 1030 2177 1066 275,

1328 1113 1394 1135 sec.
1420 1100 1489 1138 xii„
1518 1097 1606 1131 binis
1634 1092 1804 1129 columnis
1831 1090 1962 1135 optime
1998 1091 2178 1125 exaratus;

1330 1157 1482 1192 mutilus.

1348 1215 1539 1249 Testamenti
1557 1211 1682 1243 Veteris
1697 1209 1765 1240 libri
1783 1207 1834 1249 qui
1856 1210 2039 1248 sequuntur,
2055 1203 2180 1239 scilicet,

1371 1265 1614 1301 pentateuchus,
1630 1263 1651 1293 J
1655 1272 1750 1297 osuae,
1770 1259 1791 1290 J
1795 1259 1927 1293 udicum,
1945 1255 2042 1291 Ruth,
2062 1255 2182 1295 Regum

1369 1320 1440 1351 libri
1466 1322 1611 1359 quatuor,
1638 1313 1726 1344 Isaiae
1753 1310 1924 1353 prophetae,
1954 1313 1986 1338 et
2016 1305 2183 1337 Hieremiae

1371 1372 1597 1412 fragmentum,
1620 1364 1754 1407 prologis
1776 1359 1959 1401 Hieronymi
1983 1357 2184 1399 capitulisque

1372 1420 1531 1453 illustrati.

1416 1472 1479 1503 Tit.
1496 1476 1513 1488 “
1526 1468 1641 1510 Incipit
1662 1465 1792 1508 epistola
1807 1462 1890 1494 beati
1907 1459 2056 1492 Jeronimi
2072 1457 2185 1500 presbi-

1395 1524 1452 1555 teri
1482 1522 1522 1553 ad
1554 1519 1717 1551 Paulinum
1747 1514 1951 1557 presbiterum
1979 1512 2018 1542 de
2046 1509 2187 1541 omnibus

1395 1574 1496 1605 divine
1512 1570 1648 1613 hystorie
1663 1567 1775 1599 libris.''

1417 1625 1516 1656 Defic.
1531 1623 1583 1654 lib.
1600 1621 1739 1652 Hierem.
1755 1618 1786 1648 in
1807 1615 1920 1652 verbis,
1935 1618 1954 1631 “
1969 1613 2098 1653 Absque
2120 1622 2188 1653 pec-

1396 1682 1467 1708 cato
1479 1679 1511 1707 et
1522 1675 1667 1705 innocens
1683 1671 1751 1712 Ego
1767 1679 1833 1700 sum
1845 1672 1877 1698 et
1889 1671 2057 1708 propterea
2068 1664 2190 1694 aue'’—

1660 1762 1797 1797 CXVI.

1316 1832 1612 1868 Membranaceus,
1640 1827 1675 1860 in
1699 1824 1780 1859 folio
1806 1821 1937 1866 majori,
1963 1819 1997 1853 ff.
2013 1821 2094 1859 395,
2123 1828 2190 1852 sec.

1340 1892 1411 1925 xiii.
1429 1887 1598 1924 exeuntis,
1616 1884 1705 1918 binis
1724 1879 1892 1916 columnis
1909 1879 1998 1912 bene
2016 1880 2192 1915 exaratus3

1341 1949 1423 1982 olim
1455 1943 1626 1979 VVillelmi
1655 1940 1840 1976 Wharton,
1872 1941 1991 1982 postea
2025 1933 2193 1968 Johannis

1341 2006 1521 2050 Thorgott.

1361 2068 1391 2097 1.
1407 2061 1599 2097 Testamenti
1619 2058 1746 2091 Veteris
1769 2055 1838 2086 libri
1859 2058 2031 2095 sequentes,
2055 2050 2193 2091 Prophe-

1424 2122 1528 2148 tarum
1543 2112 1659 2144 scilicet
1675 2107 1807 2140 sedecim
1831 2105 2013 2147 [succedunt
2028 2101 2195 2133 Hieremiae

1424 2165 1539 2198 Threni
1569 2158 1780 2201 Baruchque],
1819 2155 1991 2188 Salomonis
2022 2151 2196 2188 Parabolae‚

1426 2216 1638 2250 Ecclesiastes,
1652 2210 1784 2243 Cantica
1799 2207 2010 2243 Canticorum,
2027 2203 2196 2246 Sapientia,

1426 2273 1458 2300 et
1481 2263 1728 2299 Ecclesiasticus,
1753 2257 1935 2300 Hieronymi
1959 2255 2093 2298 prologis
2116 2253 2197 2284 illus-

1427 2319 1513 2351 trati.
1536 2317 1587 2348 fol.
1603 2324 1671 2354 177.

1365 2374 1393 2403 2.
1411 2372 1645 2402 Testamentum
1662 2365 1793 2399 Novum,
1806 2372 1875 2392 cum
1891 2360 1922 2390 S.
1934 2356 2115 2398 Hieronymi
2130 2367 2199 2397 pro—

1428 2421 1514 2462 logis.
1537 2419 1587 2449 fol.
1605 2426 1672 2457 177.

1472 2468 1679 2501 Praemittitur
1706 2464 1839 2501 rubrica,
1865 2461 1955 2502 incip.
1983 2464 2001 2476 “
2016 2457 2200 2489 Beatissimo

1451 2533 1529 2565 pape
1541 2521 1691 2555 Damaso,
1704 2517 1725 2548 J
1728 2515 1883 2547 cronimus
1897 2516 1968 2554 post
1979 2509 2201 2552 expositionem

1452 2573 1547 2614 xxiiij.
1571 2571 1734 2606 seniorum,
1759 2567 1811 2609 qui
1835 2568 1976 2597 tenentes
2001 2561 2146 2603 cytharas
2170 2563 2201 2590 et

1453 2624 1573 2666 phialas
1588 2622 1720 2653 adorant
1735 2628 1848 2660 agnum
1864 2615 1949 2647 Deis'

1476 2674 1644 2715 Evangelia
1656 2677 1789 2713 quatuor
1804 2670 1835 2700 in
1850 2666 1988 2707 margine
2000 2663 2135 2695 inferiori
2148 2673 2202 2704 per

1455 2738 1560 2758 versus
1575 2726 1772 2756 hexametros
1787 2718 1963 2751 summatim
1977 2716 2203 2757 exprimuntur,

1460 2779 1513 2820 [au
1528 2789 1566 2809 cx
1582 2775 1669 2807 Petri
1684 2774 1771 2816 Rigae
1787 2770 1910 2811 aurora]
1924 2782 1932 2804 ς
1957 2768 2049 2810 incip.
