2254 3117
341 152 386 182 38
891 143 1191 179 CATALOGUS
1217 143 1451 179 CODICUM
1479 143 1586 177 MSS.

701 243 837 277 LVIII.

340 310 459 343 Codex
478 306 769 341 membranaceus.
784 306 819 339 in
839 305 921 339 folio
940 305 1070 350 majori,
1088 304 1122 339 ff.
1136 307 1216 346 250,

363 379 428 400 sec.
444 366 524 405 xiv„
542 365 630 398 binis
649 363 817 397 columnis
836 369 1005 398 exaratus.

381 427 412 457 S.
430 424 571 466 Gregorii
594 425 689 465 Papae
706 423 731 454 I.
755 424 918 454 moralium
943 435 1035 465 super
1056 424 1120 454 Job
1144 434 1216 465 pars

401 478 546 513 secunda,
563 476 625 507 scil.
642 476 695 506 lib.
711 476 751 506 xi.
768 476 808 506 ad
824 476 915 506 finem
931 476 1087 507 inclusive.

442 529 504 559 Tit.
522 527 670 569 “Incipit
693 527 770 557 liber
796 527 974 558 undecimus
1000 527 1160 558 moralium
1184 526 1215 557 S.

421 579 561 619 Gregorii
584 589 662 620 pape
685 578 770 609 urbis
791 578 889 609 Rome
912 578 942 609 in
965 578 1077 609 librum
1092 577 1167 614 Job,
1185 577 1215 607 id

420 635 479 667 est,
495 642 567 671 pars
583 629 752 660 secunda.”

445 682 560 712 Exstat
576 681 657 712 inter
672 692 778 722 opera,
793 684 867 712 tom.
882 680 900 710 i.
918 680 973 711 col.
987 681 1057 722 365.

722 773 823 808 LIX.

339 837 635 876 Mcmbranaceus,
653 836 687 869 in
708 835 790 869 folio
814 836 942 879 majori,
962 835 994 868 ff.
1011 837 1091 874 192,
1110 846 1214 868 manu

362 895 530 929 Johannis
550 893 742 940 Reynbold,
758 893 800 927 dc
820 893 946 927 Monte
965 893 1106 931 Ornato,
1125 904 1215 926 anno

363 956 456 986 1455
476 953 586 987 nitide
604 957 775 986 exaratus.

378 1013 400 1043 ‚J
403 1013 532 1044 ohannis
562 1012 652 1043 Duns
682 1011 768 1043 Scoti
802 1022 894 1052 super
922 1010 1146 1041 sententiarum
1177 1009 1213 1040 P.

402 1064 568 1095 Lonibardi
585 1063 696 1094 librum
711 1063 843 1104 primum
859 1061 1053 1103 quaestiones,
1064 1061 1126 1091 sive
1138 1072 1215 1102 opus

400 1116 584 1147 Parisiense.

442 1176 540 1217 Incip.
557 1180 575 1193 ‘⁶
591 1176 712 1217 [Oir]ca
727 1174 887 1216 prologum
904 1174 973 1204 libri
989 1173 1213 1204 sententiarum

420 1228 518 1269 primo
545 1226 684 1268 queritur
706 1230 810 1257 utrum
831 1225 915 1255 Deus
938 1225 994 1255 sub
1017 1224 1141 1265 propria
1163 1235 1211 1254 ra.—

420 1278 537 1313 cione,”
548 1280 606 1307 etc.
631 1276 791 1306 “Videtur
803 1276 883 1316 quod
901 1286 970 1305 non.
995 1275 1093 1306 Omne
1110 1275 1213 1305 scibile

420 1329 515 1359 habet
538 1333 718 1368 conceptum
742 1327 864 1363 aliu111,⁴'
879 1331 914 1357 ut
936 1326 1018 1357 inter
1040 1337 1142 1367 opera,
1165 1327 1212 1358 ed.

424 1381 514 1420 1639,
530 1383 604 1409 tom.
618 1378 657 1408 xi.
674 1389 704 1419 p.
720 1387 757 1413 1.,
780 1388 841 1418 qua
862 1388 930 1408 cum
954 1376 1088 1407 editione
1109 1382 1213 1408 tamen

420 1430 580 1460 minimum
596 1429 691 1460 habet
706 1439 896 1459 consensum.

443 1490 514 1520 Des.
531 1494 550 1506 “
565 1489 618 1519 sed
640 1488 698 1519 hoc
719 1488 854 1529 pertinet
873 1491 995 1518 tantum
1018 1487 1057 1517 ad
1074 1487 1213 1518 volunta-

420 1550 483 1572 tem
500 1541 634 1571 divinam
657 1539 916 1581 comprehendere
932 1539 1023 1569 finem
1045 1549 1143 1574 suum,
1161 1539 1213 1580 qui

420 1596 466 1623 est
480 1591 643 1623 beatitudo
655 1602 722 1627 sua,
731 1591 771 1621 ad
784 1601 876 1632 quam
889 1601 942 1621 nos
955 1591 1132 1631 perducat‚”
1143 1596 1201 1622 etc.

441 1652 478 1682 In
494 1652 564 1688 fine,
577 1655 595 1668 “
607 1651 743 1692 Explicit
759 1651 878 1681 lectura
893 1650 1028 1681 doctoris
1044 1651 1164 1681 subtilis
1181 1651 1212 1681 in

420 1703 620 1733 universitate
644 1702 811 1733 parisiensi
835 1713 927 1743 super
947 1701 1078 1742 primum
1100 1702 1211 1733 librum

420 1754 655 1790 sentenciarum‚
673 1753 788 1784 scilicet
804 1753 939 1784 doctoris
951 1753 973 1783 J
976 1753 1106 1784 ohannis
1122 1754 1212 1784 Duns

419 1805 484 1836 nati
502 1805 531 1835 in
548 1805 681 1845 quadam
694 1804 825 1835 villicula
840 1804 983 1845 parochie
996 1804 1034 1834 de
1048 1804 1212 1845 Emyldon,

420 1862 530 1887 vocata
554 1856 710 1892 Dunstan,
734 1856 764 1885 in
789 1855 939 1886 comitatu
964 1855 1210 1893 Northumbriae,

420 1907 604 1949 pertinentis
614 1907 716 1938 domui
729 1907 888 1937 scolarium
899 1907 937 1937 de
948 1906 1170 1937 Merton-halle
1181 1907 1211 1937 in

420 1958 541 1989 Oxonia
556 1963 588 1989 et
604 1959 757 1999 quondam
775 1958 849 1988 socii
865 1958 946 1988 dicte
959 1958 1077 1989 domus.
1111 1958 1211 2000 Scrip-

418 2014 484 2039 tum
509 2020 565 2049 per
585 2020 633 2039 me
650 2009 668 2039 J
672 2009 822 2039 ohannem
845 2009 1005 2050 Rcynbold
1027 2009 1065 2040 de
1086 2009 1211 2040 Monte-

418 2060 547 2095 Ornato,
564 2071 646 2090 anno
662 2060 786 2090 Domini
802 2060 966 2091 milessimo
983 2060 1121 2091 cccc.lv.”

441 2119 588 2160 Sequitur
618 2119 725 2150 tabula
754 2119 986 2150 distinctionum
1013 2124 1044 2151 et
1074 2120 1209 2161 questio-

418 2180 490 2199 num
516 2181 608 2211 super
632 2170 763 2211 primum
792 2170 904 2200 librum
927 2170 1154 2202 sentenciarum
1180 2170 1211 2201 in

418 2232 510 2262 opere
528 2221 704 2252 Parisiensi.

726 2310 804 2344 LX.

334 2372 634 2413 Melnbranaceus,
653 2373 686 2405 in
714 2373 796 2407 folio
823 2374 952 2418 majori,
971 2373 1005 2407 ff.
1022 2377 1103 2414 239,
1121 2385 1210 2408 anuo

358 2432 464 2470 1451,
494 2442 598 2464 manu
632 2431 752 2464 eadem
787 2443 826 2465 ac
861 2432 1055 2476 praecedens
1089 2432 1210 2472 codex,

358 2488 466 2521 nitide
485 2493 665 2527 exaratus3
692 2500 734 2522 ex
762 2490 851 2523 dono
869 2490 1008 2535 Thomae
1026 2489 1209 2529 Bloxham,

359 2546 455 2580 Med.
475 2546 599 2586 Doct.;
626 2547 724 2580 initio
742 2547 853 2581 mutil.

376 2606 526 2637 Johannis
552 2607 640 2638 Duns
668 2607 751 2637 Scoti
778 2607 810 2638 in
836 2608 1073 2639 sententiarium
1097 2608 1209 2638 librum

397 2658 528 2698 primum
546 2658 738 2699 quaestiones,
755 2659 817 2689 sive
833 2659 983 2701 scriptum
999 2659 1183 2690 Oxonicnse.

442 2716 534 2759 Incip.
557 2718 588 2748 in
606 2717 717 2755 verbis,
735 2723 752 2735 ‘⁶
765 2730 869 2749 sumus
892 2719 1078 2750 naturaliter
1100 2729 1210 2760 cogno-

419 2779 502 2799 scere
525 2769 671 2801 distincte
695 2770 778 2811 quod
804 2769 853 2800 ille
875 2770 944 2800 finis
965 2770 1006 2801 sit
1029 2770 1212 2801 conveniens

1354 246 1465 273 nature
1488 246 1594 273 nostre
1604 242 1631 276 3³*
1656 240 1694 271 cf.
1717 240 1792 271 edit.
1809 240 1908 271 Oxon.
1926 239 2038 272 Venet.
2057 242 2147 278 1612,

1378 318 1384 324 .
1403 294 1432 323 8.

1355 304 1415 382 pIn
1431 351 1524 389 calce,
1541 356 1559 368 “
1575 350 1711 392 Explicit
1732 350 1851 382 lectura.
1871 351 2006 383 doctoris
2029 351 2149 383 subtilis

1354 404 1385 433 in
1412 402 1613 433 universitate
1638 402 1807 432 Oxoniensi
1838 414 1930 444 super
1958 403 2090 444 primum
2116 403 2149 433 li-

1354 454 1443 484 brum
1460 453 1686 484 sentenciarum
1702 453 1818 484 scilicet
1840 454 1993 485 doctoris”
2008 458 2086 489 etc.;
2111 458 2147 486 ut

1353 517 1457 546 supra,
1469 510 1486 522 ‘²
1497 505 1645 546 scriptum
1661 516 1716 546 per
1730 516 1779 536 me
1788 505 1810 536 -J
1813 505 1965 537 ohannem
1978 506 2148 547 Reynbold,

1354 556 1551 587 Almanicum
1573 556 1611 586 (le
1634 555 1746 587 Monte
1769 556 1901 593 Ornato,
1921 568 2002 589 anno
2024 557 2148 588 Domini

1353 607 1513 638 millesimo
1529 607 1660 637 cccc.li.”

1375 666 1522 707 Sequitur
1538 666 1646 697 tabula
1658 666 1889 697 distinctionum
1905 671 1936 699 et
1953 668 2148 709 questionum

1353 716 1490 747 doctoris
1505 716 1628 747 subtilis
1644 728 1737 758 super
1752 718 1884 758 primum
1900 718 2010 749 librum
2027 723 2147 750 senten-

1351 767 1468 797 ciarum
1484 767 1515 797 in
1532 778 1624 808 opere
1641 768 1817 799 Oxoniensi.

1376 826 1586 857 Praemittitur
1606 827 1728 864 notitia,
1745 832 1765 845 “
1779 828 1876 859 Orate
1894 840 1950 869 pro
1965 829 2069 860 anima
2084 840 2148 860 ma-

1351 876 1441 918 gistri
1472 876 1599 907 Ricardi
1625 877 1851 919 Scardoburgh,
1876 889 1962 908 sacre
1991 878 2146 920 theologie

1353 928 1547 969 professoris,
1573 928 1624 969 qui
1651 929 1727 959 istos
1753 928 1847 959 libros
1874 929 1939 959 fieri
1966 929 2046 967 fecit,
2071 941 2148 971 quos

1353 984 1461 1022 postea
1482 980 1631 1021 magister
1646 981 1781 1011 Thomas
1798 980 1949 1011 Bloxham
1973 981 2003 1011 in
2025 982 2148 1012 medici-

1352 1032 1399 1062 nis
1414 1032 1524 1062 doctor
1539 1031 1579 1062 ab
1595 1032 1701 1062 eodem
1719 1032 1794 1062 emit
1815 1038 1846 1063 et
1867 1032 1937 1063 huic
1953 1032 2079 1074 collegio
2095 1033 2146 1064 de-

1352 1082 1418 1118 ‹lit;
1443 1087 1530 1114 orate
1547 1083 1642 1125 igitur
1657 1095 1713 1125 pro
1729 1085 1894 1124 utroque.”

1652 1184 1752 1219 LXI.

1268 1248 1387 1283 Codex
1406 1248 1697 1285 membranaceus,
1714 1248 1748 1280 in
1767 1246 1849 1280 folio
1868 1247 1997 1291 majori,
2017 1246 2049 1280 ff.
2063 1249 2145 1287 222,

1291 1318 1381 1341 anno
1409 1309 1502 1340 1452
1529 1318 1633 1340 manu
1657 1305 1825 1339 Johannis
1850 1305 2041 1350 Reynbold,
2060 1305 2146 1339 Ale-

1291 1365 1419 1405 manni,
1443 1365 1485 1398 de
1513 1364 1639 1398 Monte
1664 1363 1806 1402 ornato,
1834 1363 1942 1397 nitide
1965 1368 2145 1404 exaratus;

1292 1423 1389 1456 initio
1408 1422 1520 1456 mutil.

1310 1485 1337 1514 1.
1355 1483 1508 1514 Johannis
1531 1483 1616 1513 Duns
1639 1483 1724 1513 Scoti
1747 1494 1839 1524 super
1862 1482 2086 1514 sententiarum
2110 1482 2144 1513 li-

1372 1536 1462 1566 brum
1478 1534 1644 1565 seeundum
1660 1534 1810 1576 scriptum
1827 1533 2011 1565 Oxoniense.
2036 1533 2087 1564 fol.
2103 1544 2127 1564 1.

1415 1586 1512 1628 Incip.
1536 1585 1568 1615 in
1584 1585 1696 1622 verbis,
1713 1590 1872 1626 “persone
1895 1585 2012 1626 spirate
2036 1585 2067 1615 in
2091 1595 2144 1616 na-

1393 1642 1465 1668 tura
1488 1637 1604 1674 divina,
1621 1637 1707 1677 prius
1730 1636 1824 1678 igitur
1847 1636 2032 1667 naturaliter
2052 1647 2144 1677 quam

1392 1689 1579 1720 intelleet11.”

1414 1740 1523 1770 Desin.
1543 1744 1559 1756 ‘⁶
1572 1744 1619 1770 est
1638 1751 1657 1770 a
1674 1739 1751 1775 Deo,
1769 1739 1913 1780 quoniam
1929 1750 1967 1769 ex
1983 1739 2050 1780 ipso
2065 1743 2096 1770 et
2113 1739 2143 1769 in

1392 1792 1458 1833 ipso
1474 1795 1545 1822 sunt
1562 1790 1676 1827 omnia,
1692 1791 1749 1832 ipsi
1767 1791 1867 1821 honor
1882 1794 1914 1821 et
1928 1790 2059 1831 gloria.”

1414 1841 1451 1871 In
1467 1841 1560 1878 calce,
1578 1845 1595 1857 “
1609 1841 1745 1881 Explicit
1760 1841 1878 1871 lectura
1894 1840 2031 1871 doctoris
2046 1840 2143 1871 subti-

1391 1893 1427 1923 lis
1451 1893 1481 1923 in
1505 1892 1706 1923 universitate
1730 1891 1897 1922 Oxoniensi
1921 1902 2013 1932 super
2037 1902 2143 1922 secun—

1391 1943 1465 1973 dum
1487 1942 1599 1972 librum
1622 1942 1845 1972 sententiarum
1869 1942 1986 1973 scilicet
2008 1942 2143 1973 doctoris

1391 1993 1545 2024 Johannis
1572 1993 1663 2024 Duns
1688 1993 1753 2024 nati
1780 1993 1810 2023 in
1837 1993 2000 2034 quada1n,”
2022 1998 2083 2025 etc.
2107 1998 2142 2025 ut

1391 2054 1493 2085 supra,
1516 2043 1662 2084 “scripta
1687 2054 1742 2085 per
1767 2054 1816 2074 me
1841 2043 2016 2075 Johannem
2042 2044 2142 2086 Reyn-

1390 2095 1473 2130 bold,
1495 2095 1692 2126 Almanicum
1716 2095 1754 2125 de
1782 2095 1892 2126 Monte
1915 2094 2035 2126 Ornato
2060 2106 2142 2127 anno

1392 2147 1518 2177 Domini
1534 2146 1694 2177 millesimo
1710 2146 1853 2177 cccc.lii.”

1305 2210 1335 2238 2.
1361 2208 1509 2250 Ejusdem
1541 2207 1563 2237 J
1566 2206 1697 2237 ohannis
1733 2217 1825 2248 super
1861 2206 1974 2237 librum
2010 2206 2141 2237 eundem

1370 2260 1519 2301 scriptum
1536 2258 1720 2289 parisiense.
1744 2258 1794 2288 fol.
1810 2267 1856 2298 15.

1412 2310 1531 2351 Incipf*
1540 2310 1656 2340 Utrum
1669 2309 1785 2350 primus
1795 2313 1883 2339 actus
1895 2307 2072 2345 causandi‚”
2081 2312 2140 2339 etc.

1390 2366 1409 2379 “
1423 2362 1513 2401 Quod
1529 2373 1600 2397 non,
1619 2361 1772 2391 Ricardus
1788 2360 1882 2392 tertio
1897 2360 1936 2391 de
1952 2359 2141 2396 Trinitate;”

1390 2418 1424 2441 ut
1440 2411 1522 2442 inter
1536 2421 1642 2452 opera,
1660 2414 1735 2441 tom.
1749 2409 1790 2440 xi.
1807 2421 1836 2450 p.
1851 2418 1921 2451 239.

1412 2461 1520 2492 Desin.
1539 2466 1556 2477 “
1569 2464 1659 2491 tanto
1682 2460 1749 2501 plus
1772 2459 1944 2501 posteriora
1966 2458 2141 2500 dependent

1390 2513 1430 2543 ad
1446 2513 1555 2554 ipsum,
1571 2512 1640 2542 ideo
1659 2511 1762 2542 omnia
1781 2511 1954 2552 dependent
1972 2511 2012 2541 ad
2029 2510 2141 2546 Deum,

1391 2564 1450 2603 Qui
1476 2568 1524 2594 est
1554 2563 1734 2594 benedictus
1756 2562 1787 2592 in
1817 2562 1919 2593 secula
1948 2561 2138 2595 seculorum;

1392 2615 1522 2645 Amen.”

1414 2666 1451 2697 In
1468 2666 1561 2703 calce,
1579 2670 1598 2682 “
1612 2664 1750 2707 Explicit
1773 2664 1891 2695 lectura
1912 2664 2048 2695 doctoris
2067 2663 2139 2694 sub-

1391 2718 1455 2749 tilis
1468 2718 1498 2748 in
1507 2718 1708 2748 universitate
1720 2716 1915 2754 Parisiensi,”
1923 2723 1981 2747 etc.
1992 2720 2027 2746 ut
2038 2726 2139 2756 supra.

1412 2770 1590 2810 Sequuntur
1600 2768 1713 2800 tabulae
1724 2768 1871 2810 cujusque
1881 2767 1982 2809 operis
1992 2766 2139 2808 praedicti.
