2254 3117
693 152 930 188 COLLEGII
958 153 1278 190 EXONIENSIS.

451 253 588 287 XLIV.

81 314 201 348 Codex
232 315 523 354 membranaceus,
549 316 583 348 in
612 314 705 354 folio,
734 314 768 348 ff.
788 316 868 349 342.
896 326 960 348 sec.

105 373 184 410 xiv..
200 372 289 406 binis
307 373 476 407 columnis
495 377 665 407 exaratus.

123 432 154 463 S.
168 432 294 463 Thomae
310 433 478 474 Aquinatis
494 443 585 474 super
600 432 711 462 librum
729 431 960 463 Sententiarum
993 438 995 466 ἶ

143 488 289 524 quartum
305 484 552 515 commentarius.

186 534 224 565 In
246 535 336 571 calce,
356 535 523 576 “Explicit
538 545 559 573 4
574 534 651 564 liber
671 535 895 565 sententiarum
916 547 961 565 se-
993 529 994 568 ζ

163 586 298 616 cundum
313 587 441 617 fratrem
458 586 611 617 Thomam
627 586 666 616 de
682 585 827 627 Alquino,
845 587 961 617 ordinis

163 637 295 668 fratrum
312 637 578 668 Predicatoruu1.”

457 731 576 766 XLV.

81 793 381 835 Membranaceus,
399 794 434 827 in
457 793 549 831 folio,
569 793 604 827 ff.
624 796 706 833 270,
725 806 791 828 sec.
811 795 892 831 xiii..
912 795 962 828 bi-

103 853 155 886 nis
178 852 346 886 columnis
370 852 479 886 nitide
497 857 678 892 exaratus3
705 863 749 886 ex
767 853 857 886 dono
871 853 961 886 Wil-
992 853 994 858 ’

104 910 198 945 Ielmi
217 910 331 956 Elyot‚
350 910 476 950 cleriei,
500 911 654 956 magistri
679 911 801 944 domus
825 910 891 944 Dei
918 912 961 945 de

106 968 363 1002 Portesmouth.

122 1028 224 1059 Biblia
246 1039 335 1059 sacra
357 1028 499 1059 universa
519 1039 557 1059 ex
578 1029 716 1059 versione
737 1029 873 1070 vulgata,
889 1041 959 1070 pro-

142 1080 219 1121 logis
249 1080 279 1111 S.
303 1079 486 1120 Hieronymi
517 1079 600 1110 haud
630 1080 760 1111 insolitis
798 1081 959 1117 instructa,
992 1088 994 1099 ¹

142 1142 259 1162 necnon
274 1130 417 1173 glossulis
432 1142 451 1161 a
466 1142 559 1161 manu
584 1131 748 1162 recentiori
769 1131 800 1162 in
823 1131 961 1172 margine

142 1182 273 1224 scriptis.

184 1234 411 1265 Desiderantur
420 1245 475 1264 sex
485 1234 589 1275 capita
601 1233 705 1275 priora
715 1234 784 1264 libri
796 1235 958 1266 Geneseos.

184 1285 365 1316 Notandum
395 1289 443 1316 est
476 1285 558 1326 quod
592 1285 737 1316 Psalterii
768 1286 882 1327 duplex
912 1289 960 1317 est

163 1337 390 1378 interpretatio,
416 1336 480 1367 haec
504 1337 649 1378 vulgatae,
675 1337 775 1367 altera
806 1337 959 1379 Hierony-

162 1388 271 1419 mianae
287 1388 445 1419 versionis.

182 1439 267 1470 Ordo
283 1439 431 1469 librorum
447 1442 495 1469 est
512 1449 653 1479 sequens,
667 1439 960 1470 Genesis—Esdras

160 1490 187 1521 I.
205 1491 322 1521 Esdras
335 1490 391 1527 IL,
408 1490 532 1524 Tobias,
550 1490 569 1520 J
573 1490 672 1527 udith,
691 1490 816 1527 Hester,
836 1491 959 1521 Macca-

159 1541 296 1571 baeorum
322 1541 393 1571 libri
416 1541 486 1578 duo,
513 1540 710 1577 Psalterium,
729 1541 959 1582 Prophetarum

160 1591 230 1622 libri
254 1591 398 1629 sedecim,
429 1591 449 1622 J
452 1591 499 1627 ob.
531 1592 711 1629 proverbia,
743 1592 958 1629 Ecclesiastes,

161 1643 406 1680 Ecclesiasticus,
423 1642 584 1684 Sapientia
599 1643 787 1674 Salomonis.

182 1695 351 1737 Evangelia
366 1698 510 1736 quatuor,
524 1695 624 1726 Actus
636 1695 870 1736 Apostolorum,
886 1696 959 1737 Epi-

161 1747 247 1778 stolae
281 1751 400 1788 septem
430 1747 596 1784 canonicis,
627 1746 776 1788 Epistolae
808 1747 957 1785 Paulinae,

160 1798 375 1840 Apocalypsis.

181 1853 219 1884 In
235 1853 327 1890 calce,
345 1858 363 1870 ‘⁴
380 1852 518 1894 Explicit
538 1852 616 1883 liber
637 1852 839 1894 apocalypsis,
864 1853 959 1884 habet
991 1873 992 1876 =

160 1916 265 1936 versus
280 1915 408 1935 numero
423 1904 505 1935 mille
521 1904 747 1946 octingentos.”

183 1956 219 1986 In
235 1967 332 1997 marg.
350 1956 500 1997 superiori
517 1956 569 1986 fol.
582 1966 612 1997 3,
629 1960 647 1973 ‘⁴
661 1956 726 1987 Iste
742 1956 820 1987 liber
835 1961 959 1988 constat

161 2008 319 2039 Willelmo
338 2007 441 2048 Elyot‚
457 2007 616 2049 capellano
640 2007 753 2038 rectori
775 2008 900 2039 ecclesie
921 2010 959 2040 dc

162 2059 362 2101 Byryverber,
380 2070 471 2100 quem
496 2059 620 2099 quidem
644 2059 756 2089 librum
781 2059 861 2089 idem
880 2060 959 2090 Wil-

160 2111 268 2142 lelmus
283 2111 358 2142 emit
374 2111 412 2141 de
428 2111 554 2141 domino
569 2110 714 2140 waltero
731 2110 857 2151 Boway,
875 2116 892 2127 ‘⁴
905 2122 958 2141 nu-

161 2173 216 2202 per
231 2162 345 2193 vicario
361 2163 398 2193 (le
416 2162 566 2203 Hevytre.

185 2211 222 2242 In
240 2212 376 2242 inferiori
397 2211 535 2253 margine
551 2215 690 2248 notatur,
707 2216 725 2228 ⁴⁴
738 2211 832 2242 Hunc
847 2212 958 2242 librum

162 2261 337 2293 WVillelmus
350 2262 455 2303 Elyot,
466 2261 604 2298 clericus,
615 2261 765 2302 magister
775 2261 884 2292 domus
897 2261 958 2292 Dei

161 2313 200 2344 de
212 2313 444 2350 Portesmouth,
456 2312 599 2343 WVinton.
613 2312 690 2342 dioc.
708 2312 740 2342 in
756 2323 833 2342 com.
851 2312 956 2343 Sutht.

162 2364 233 2395 olim
269 2364 467 2405 registrarius
503 2364 583 2394 bone
620 2363 766 2394 memorie
799 2363 957 2394 Edmundi
988 2380 990 2389 ι

164 2414 256 2456 Lacy,
270 2415 370 2445 Exon.
386 2413 532 2456 episcopi,
548 2418 660 2454 quarto
676 2414 794 2444 decimo
810 2414 859 2444 die
874 2425 957 2444 men-

162 2466 204 2497 sis
219 2466 239 2497 J
242 2466 294 2496 ulii
310 2477 391 2497 anno
407 2465 494 2506 regni
518 2465 599 2506 regis
615 2465 740 2495 Ricardi
756 2465 843 2495 tercii
859 2466 957 2506 primo

163 2517 260 2554 dedit,
272 2517 396 2558 legavit,
409 2528 445 2547 ac
460 2516 491 2546 iu
507 2516 572 2546 vita
587 2527 643 2546 sua
659 2516 793 2546 naturali
806 2516 958 2557 disposuit

162 2569 289 2610 collegio
302 2569 402 2599 Exon.
416 2567 449 2597 in
462 2568 560 2598 Oxou.
578 2567 618 2597 ad
634 2577 722 2597 usum
738 2567 956 2608 magistrorum
987 2577 988 2580 ’

162 2621 315 2651 sociorum
331 2623 363 2650 et
378 2619 515 2660 ejusdem
530 2618 649 2660 collegii
664 2618 835 2656 scolarium,
851 2630 956 2660 quam-

162 2671 216 2702 diu
231 2671 390 2702 duraverit
405 2670 435 2700 in
452 2669 578 2700 libraria
592 2669 706 2700 ibidem
722 2680 954 2707 remansurum3

163 2727 195 2756 et
210 2723 236 2754 si
252 2723 319 2764 quis
335 2733 388 2753 seu
404 2721 456 2762 qui
472 2721 552 2752 hunc
567 2721 681 2752 librum
695 2732 715 2751 a
730 2720 814 2752 dicto
830 2722 956 2763 collegio

162 2778 272 2806 contra
294 2772 426 2815 predicti
451 2772 555 2804 dantis
579 2776 611 2804 et
637 2772 828 2814 disponentis
853 2773 956 2805 volun-

987 2391 990 2433 l

1849 161 1891 194 17

1100 256 1198 283 tatem
1217 254 1361 291 alienare,
1378 265 1543 291 removere,
1559 266 1611 285 seu
1628 255 1809 286 subtrahere
1825 267 1891 297 pre-

1100 305 1265 344 sumpserit
1290 305 1334 335 vel
1359 305 1610 346 presumpserint,
1636 317 1668 336 sc
1692 307 1811 337 noverit
1838 318 1889 337 scu

1100 355 1240 386 noverint
1265 356 1509 397 indignacionem
1531 357 1760 398 Omnipotentis
1781 358 1839 389 Dei
1855 370 1890 389 ac

1100 406 1165 446 ejus
1180 407 1425 438 maledictionem
1442 409 1623 439 ineur1·ere.”

1386 518 1420 551 X
1428 519 1523 553 LVI.

993 577 994 621 J
1015 575 1135 609 Codex
1154 578 1445 619 membranaceus,
1469 581 1501 613 in
1517 581 1598 615 folio
1615 582 1748 621 minori,
1763 582 1795 615 ff.
1811 585 1888 620 193.

1038 645 1105 668 sec.
1120 635 1198 673 xiv„
1218 636 1251 669 in
1271 635 1399 681 Anglia
1416 638 1503 671 benc
1522 639 1632 683 pictus
1651 645 1686 673 et
1703 644 1852 674 auratus.

1059 703 1087 732 1.
1105 702 1328 733 Kalendarium
1350 705 1548 736 monostichis
1563 707 1645 737 haud
1662 707 1790 738 insolitis
1810 708 1890 738 illus-

1121 757 1249 784 tratum.
1273 754 1324 784 fol.
1340 764 1362 784 1.

1164 804 1303 836 Monost.
1322 816 1345 835 1.
1363 810 1419 843 est,

1059 859 1077 873 ⁸‘
1091 856 1196 886 Prima
1212 856 1276 886 (lies
1288 857 1401 887 mensis
1414 861 1446 887 et
1458 858 1588 898 septima
1600 863 1723 890 truncat
1736 863 1771 890 ut
1783 861 1890 891 ensis.”

1057 908 1086 937 Q.
1103 907 1290 938 psalterium
1307 907 1453 943 Davidis;
1480 908 1597 949 imperf.
1620 910 1668 939 sol.
1688 920 1714 949 7.

1164 958 1261 1000 Incip.
1283 958 1313 988 in
1336 959 1387 989 Ps.
1404 959 1435 989 ii.
1452 971 1528 990 vers.
1544 971 1575 1001 3,
1591 961 1698 998 verbis,
1716 966 1732 978 “
1748 980 1789 985 —
1804 974 1891 993 amus

1141 1021 1161 1040 a
1176 1010 1264 1040 nobis
1275 1010 1385 1051 jugum
1401 1011 1568 1051 ipsorum.”

1164 1061 1215 1090 Ad
1239 1061 1289 1091 fol.
1308 1072 1346 1103 99
1364 1061 1393 1092 b.
1417 1062 1542 1103 depicta
1566 1066 1612 1093 est
1633 1063 1740 1094 tabula
1760 1069 1890 1095 mortem

1141 1112 1290 1143 exhibens
1307 1113 1467 1151 Absalom‚
1483 1117 1514 1144 et
1530 1113 1561 1143 in
1584 1118 1672 1145 scuto
1694 1114 1713 1144 J
1716 1115 1775 1145 oab
1798 1126 1890 1146 aureo

1142 1163 1189 1193 leo
1206 1163 1292 1204 niger
1307 1167 1439 1195 erectus.

1056 1216 1085 1245 3.
1104 1214 1221 1255 Hymni
1247 1214 1333 1245 Sacri
1361 1219 1392 1246 et
1419 1215 1549 1246 Cantica
1574 1219 1640 1246 tam
1665 1217 1776 1247 veteris
1800 1228 1891 1258 quam

1120 1265 1190 1295 novi
1206 1265 1411 1297 Testamenti.
1434 1266 1484 1297 sol.
1503 1277 1559 1308 152
1576 1267 1606 1297 b.

1162 1317 1259 1347 Defic.
1275 1317 1306 1347 in
1323 1318 1434 1349 cantic.
1450 1319 1609 1349 Zachariae
1632 1319 1743 1357 verbis,
1762 1324 1779 1336 ‘⁴
1797 1320 1847 1361 qui
1862 1320 1893 1350 in

1140 1368 1277 1399 tenebris
1292 1373 1324 1399 et
1339 1369 1370 1399 in
1386 1370 1516 1401 umbra⁸³

1056 1425 1083 1453 4.
1102 1423 1281 1464 Symbolum
1298 1424 1560 1463 Athanasianum,
1578 1426 1709 1458 Litaniae
1725 1431 1758 1458 et
1773 1426 1889 1462 Horae;

1119 1476 1219 1517 [initio
1235 1477 1346 1518 mutil]
1370 1477 1422 1508 fol.
1438 1478 1503 1516 164.

1161 1528 1260 1569 Incip.
1276 1528 1307 1558 in
1322 1529 1433 1566 verbis,
1451 1534 1468 1546 “
1484 1548 1525 1552 ——-
1540 1529 1572 1560 in
1595 1530 1749 1561 Trinitate
1770 1534 1801 1561 et
1823 1531 1890 1561 Tri-

1139 1579 1270 1610 nitatem
1287 1579 1317 1609 in
1334 1579 1468 1611 Unitate
1484 1581 1691 1611 veneremur.”

1160 1630 1258 1660 Defic.
1277 1634 1294 1647 ‘²
1309 1630 1405 1661 Pater
1416 1635 1540 1668 nostem
1564 1631 1607 1662 Et
1623 1643 1660 1662 ne
1676 1643 1750 1668 nos;
1776 1632 1850 1663 Ps.’'

1161 1680 1347 1722 Sequuntur,
1365 1693 1458 1713 manu
1478 1683 1622 1720 secunda,
1638 1683 1763 1714 nomina
1786 1694 1891 1724 regum

1139 1733 1271 1774 Angliae,
1287 1734 1327 1764 ab
1343 1733 1482 1764 Aluredo
1494 1735 1535 1765 ad
1552 1734 1720 1765 Ricardum
1736 1735 1780 1766 II.
1797 1735 1890 1766 iuclu—

1139 1784 1212 1821 sive,
1232 1795 1353 1815 annexo
1369 1785 1479 1826 cuique
1499 1797 1650 1816 annorum
1673 1797 1800 1817 numero
1827 1786 1890 1827 qui-

1139 1835 1196 1866 bus
1211 1846 1378 1877 regnavere
1392 1837 1620 1878 sepulturaeque
1636 1837 1712 1868 loco.

1370 1943 1531 1978 XLVII.

1014 2003 1312 2045 Membranaceus,
1339 2005 1373 2038 in
1398 2005 1480 2039 folio
1507 2007 1640 2046 minori,
1668 2006 1701 2039 ff.
1717 2009 1796 2046 127,
1822 2017 1888 2039 sec.

1036 2063 1116 2101 xiv„
1167 2063 1297 2107 optime
1350 2063 1567 2097 illuminatus
1617 2065 1888 2108 deauratusque;

1036 2120 1118 2153 olim
1139 2120 1359 2161 Elizabethae,
1376 2121 1607 2157 HenriciVII.
1621 2123 1708 2168 regis
1724 2123 1886 2167 conjugis,

1036 2177 1160 2212 deinde
1191 2178 1385 2212 Catharinae
1426 2179 1482 2222 [de
1517 2179 1705 2225 Aragonia]
1745 2179 1885 2212 Henrici

1036 2235 1142 2269 VIII.
1171 2237 1308 2281 reginae,
1338 2242 1458 2282 postea
1483 2237 1560 2271 coll.
1588 2237 1698 2271 Exon.
1727 2248 1770 2270 ex
1797 2237 1886 2269 dono

1035 2294 1200 2327 Gulielmi
1222 2294 1336 2335 Petre,
1355 2296 1490 2340 equitis.

1053 2354 1080 2383 1.
1100 2352 1334 2385 Kalendarium.
1358 2355 1408 2386 fol.
1424 2365 1455 2396 3.

1157 2405 1317 2436 Notantur
1332 2406 1396 2437 dies
1419 2406 1537 2448 aliquot
1558 2405 1707 2437 notabiles
1730 2404 1770 2435 ad
1790 2414 1885 2444 regna

1136 2467 1243 2497 regum
1258 2458 1505 2498 supradictorum
1521 2461 1712 2498 spectantes3
1735 2466 1781 2485 ex.
1797 2466 1854 2495 gr„

1072 2521 1098 2541 a.
1117 2515 1134 2527 ‘⁶
1149 2521 1174 2541 1.
1192 2511 1265 2542 Jan.
1301 2512 1371 2542 Hac
1393 2513 1441 2542 die
1453 2512 1534 2542 inter
1554 2511 1678 2541 tertiam
1694 2514 1725 2540 et
1741 2513 1883 2549 quartam

1136 2566 1209 2592 ante
1233 2566 1336 2593 ortum
1361 2563 1432 2593 solis
1462 2566 1552 2592 natus
1579 2561 1636 2591 fuit
1662 2559 1883 2600 primogenitus

1136 2613 1290 2645 Henricus
1305 2614 1447 2655 princeps
1463 2611 1588 2642 Henrici
1604 2610 1719 2641 VIII.”

1071 2663 1100 2694 b.
1118 2667 1135 2681 “
1151 2674 1186 2695 12
1203 2664 1276 2695 Jan.
1308 2665 1378 2695 Hac
1393 2664 1441 2694 dic
1456 2663 1514 2694 fuit
1535 2662 1711 2703 baptizatus
1733 2661 1882 2702 primoge-

1134 2715 1219 2746 nitus
1235 2716 1362 2747 Henrici
1379 2714 1493 2744 VIII.”

1071 2776 1097 2796 c.
1116 2769 1133 2783 “
1149 2766 1185 2796 18
1203 2766 1274 2798 Jan.
1305 2766 1366 2797 Hic
1382 2765 1542 2806 nuptiatus
1557 2767 1604 2794 est
1620 2774 1674 2794 rex
1690 2762 1731 2793 H.
1748 2762 1817 2803 vij.'’

1156 2828 1179 2852 D
