2254 3117
637 156 872 190 COLLEGII
900 156 965 191 BA
972 158 1278 196 LLIOLENSIS.

138 254 290 286 Dominic.
313 265 332 292 4
357 255 519 284 Adventus
544 253 681 284 trahitur
704 264 742 284 ex
767 254 824 284 hoe
849 253 934 295 Sym-

137 307 215 337 bolo.
240 306 292 336 fol.
308 307 345 337 26
360 306 389 335 b.

52 361 102 391 12.
119 360 158 390 A.
172 359 216 389 M.
229 358 260 388 S.
274 357 398 388 Boethii
414 356 596 397 symbolum.
620 356 669 386 fol.
682 366 723 393 40
736 356 764 386 b.

54 412 102 442 13.
119 410 154 441 B.
169 408 311 444 Maximi.
330 413 336 425 ⁶
350 413 381 439 et
403 411 451 438 est
473 418 574 438 sermo
597 407 655 437 iste
678 406 760 437 inter
779 418 935 438 sermones

135 461 170 491 B.
185 459 353 501 Augustini
370 463 450 500 part.
467 458 485 489 i.
502 469 593 488 serm.
607 458 668 499 54?
691 458 741 488 fol.
754 467 804 497 42.

53 514 101 544 14.
120 511 239 542 Rabaui
258 510 362 541 Mauri
381 521 419 540 ex
435 510 485 540 lib.
504 510 541 540 iv.
558 510 596 539 de
616 513 729 539 natura
749 519 851 539 rerum
868 520 932 550 eap.

136 563 191 594 ult.
215 562 265 593 fol.
281 571 332 602 45.

54 617 101 646 15.
120 615 222 656 Ignoti
248 614 419 655 eujusdam,
443 616 450 630 ‘
470 612 639 643 Sententiae.
668 612 705 642 de
732 612 761 642 S.
781 611 935 642 'l'rinitate

136 678 173 697 ex
190 666 274 696 libris
291 665 321 695 S.
334 663 505 706 Augustini
522 663 635 704 raptim
652 663 802 704 sumptas
821 662 870 692 fol.
883 672 932 703 52.
966 686 967 704 ἶ

54 718 101 750 16.
119 717 285 759 Augustini
301 717 340 748 de
356 716 494 757 symbolo
511 715 580 745 libri
597 719 740 756 quatuor.
764 714 814 744 fol.
828 724 868 754 59
883 714 911 744 b.

178 769 216 799 In
240 769 334 805 calce,
361 772 379 784 ‘·‘
393 766 512 797 Aurelii
542 765 710 807 Augustini
739 766 777 795 de
807 765 935 795 simbolo

157 821 233 851 liber
248 820 301 860 iiij.
317 819 471 860 explicit.”

55 873 102 904 17.
120 871 262 913 Hugonis
278 872 315 901 de
332 871 362 901 S.
375 870 506 900 Victore
522 868 704 909 symbolum.
730 868 780 898 fol.
801 878 856 906 ¹04
869 868 898 898 b.

148 958 150 961 ,
177 923 237 953 Tit.
264 928 281 939 *⁶
298 922 469 952 Simbolnm
497 919 640 960 magistri
666 919 812 960 Hugonis
839 920 877 950 de
904 919 934 949 S.

158 975 313 1006 Victores

177 1026 284 1057 Desin.
313 1030 330 1042 ‘⁴
346 1024 458 1066 probet
488 1023 744 1065 experimentum.

156 1089 210 1119 per
225 1076 413 1118 Capgrave.”

177 1128 325 1169 Sequitur
353 1128 563 1168 fragmentum
596 1126 744 1157 Historiae
777 1125 935 1163 Romanae,

155 1179 290 1221 Anyh'ce.
304 1179 391 1220 cujus
407 1182 502 1219 caput
518 1178 581 1208 xiii.
595 1177 774 1208 intitulatur
788 1182 818 1207 et
833 1176 935 1217 incip„

158 1235 175 1247 ‘⁴
188 1231 231 1261 Of
242 1231 295 1261 the
307 1230 380 1260 hors
395 1230 430 1260 of
441 1230 514 1260 bras
530 1229 592 1259 and
606 1229 658 1259 the
671 1228 755 1258 rider
767 1228 837 1258 that
850 1232 936 1258 stant

155 1287 188 1313 at
206 1281 350 1312 Laterne.
366 1281 430 1322 xiij.
448 1280 524 1311 Now
541 1280 574 1310 of
590 1280 643 1310 the
665 1279 738 1309 hors
757 1279 828 1310 that
849 1283 935 1309 stant

156 1338 190 1365 at
207 1333 372 1364 Laterne.”

791 1022 816 1052 F
819 1022 936 1053 elieiter

428 1413 557 1448 CXCI.

53 1477 102 1508 De
124 1476 235 1507 Codice
258 1476 318 1507 isto
341 1475 458 1505 mentio
477 1474 665 1515 jampridem
689 1473 773 1504 saeta
796 1472 855 1503 fuit
879 1473 935 1502 sub

94 1539 220 1558 numero
236 1537 372 1557 exxxm.

418 1607 568 1642 CXCII.

54 1673 170 1707 Codex
199 1673 488 1709 membranaceus,
519 1671 553 1703 in
586 1669 677 1707 folio,
706 1669 738 1702 ff.
761 1671 840 1708 171,
868 1680 934 1701 see.

78 1743 142 1769 xv..
167 1731 254 1764 binis
281 1730 470 1767 eolumnis3
503 1740 545 1761 ex
575 1728 665 1761 dono
688 1727 827 1760 Tlloxnae
851 1727 936 1760 Gas-

78 1789 207 1835 coigne‚
229 1791 334 1822 1448.

95 1850 123 1880 1.
142 1849 294 1880 «Iohannis
323 1848 415 1878 Duns
445 1847 531 1877 Scoti
562 1846 748 1888 quaestiones
779 1845 935 1886 quodlibe-
966 1865 967 1870 ,

157 1901 246 1938 tales,
263 1906 269 1917 ⁶
283 1912 359 1942 quas
381 1899 573 1930 abbreviavit
596 1899 706 1929 doctor
726 1898 862 1928 famosus
882 1897 934 1927 Jo.

159 1953 287 1993 Seharp,
312 1952 350 1982 de
375 1951 555 1984 Hannonia.
582 1951 634 1991 qui
659 1950 717 1980 fuit
744 1949 844 1980 socius
868 1949 934 1979 eoll.

159 2004 267 2044 Regin.
284 2004 314 2033 in
328 2003 422 2033 Univ.
441 2002 541 2033 Stndii
559 2001 669 2033 Oxonf
692 2001 743 2031 fol.
761 2011 784 2030 2.

202 2055 299 2095 Incip.
316 2059 334 2072 “
348 2054 465 2085 Utrum
488 2054 518 2084 in
542 2054 652 2084 divinis
676 2052 851 2083 essentialia
874 2052 935 2082 sint

178 2105 406 2135 immediatiora
421 2104 562 2135 essentiae
580 2104 719 2134 divinae.⁷'

202 2156 237 2186 Iu
262 2156 344 2186 calce
368 2155 502 2185 habetur
524 2154 617 2184 iudex
640 2153 862 2194 alphabeticus.
888 2152 935 2182 eui
966 2160 967 2190 }

180 2208 325 2243 succedit.
347 2211 364 2224 ‘²
378 2206 515 2247 Explicit
537 2205 644 2236 tabula
667 2215 758 2245 super
779 2203 936 2245 quolibeta
965 2206 967 2227 ἲ

180 2259 317 2290 doctoris
338 2258 459 2289 subtilis
482 2257 650 2288 seeundum
670 2256 801 2297 Scharp,
817 2255 936 2285 utiliter

180 2310 392 2341 abbreviat-al*

97 2368 124 2397 2.
142 2367 269 2397 Roberti
294 2366 424 2397 Cowton
448 2366 604 2407 Scriptum
631 2375 722 2405 super
746 2368 879 2404 quatuor
903 2363 935 2393 li-

160 2418 231 2448 bros
255 2417 488 2448 Sententiarum
515 2427 570 2457 per
592 2416 722 2446 eundem
745 2414 797 2444 Jo.
817 2414 935 2454 Seharp

159 2470 383 2500 abbreviatum.
407 2469 458 2499 fol.
477 2478 525 2507 70.

204 2521 300 2562 Ineip.
313 2525 330 2538 “
342 2521 458 2551 Utrum
471 2519 596 2550 habitus
608 2517 772 2558 theologia?
785 2516 825 2547 sit
837 2516 936 2546 forma

181 2572 322 2613 simplex,
337 2571 575 2612 abnegationem
592 2567 851 2609 compositionis.”

203 2624 255 2653 Ad
289 2623 403 2653 calcem
441 2622 574 2652 habetur
607 2619 714 2650 tabula
751 2624 821 2648 octo
857 2617 936 2647 foliis

181 2677 339 2710 const-ans,
361 2685 422 2714 qua
444 2671 598 2707 absoluta,
620 2670 743 2710 legitur,
768 2674 785 2685 ⁴⁴
798 2668 935 2709 Explicit

181 2725 303 2755 Tabula
339 2735 430 2765 super
463 2722 593 2754 Cowton
630 2719 843 2751 abbreviatum
880 2729 936 2760 per

183 2776 219 2806 P.
236 2775 381 2806 Perdix.”

1815 168 1858 200 (53

1115 258 1150 289 In
1172 260 1320 301 principio
1343 260 1455 291 codicis
1477 261 1590 302 legitur
1609 261 1758 293 Theman]
1783 264 1859 293 Gas-

1093 310 1199 351 coigue
1212 322 1299 341 usum
1312 311 1400 342 istius
1412 312 1479 342 libri
1495 312 1614 343 dedisse
1626 313 1862 353 M..Jo.1<0‹ling

1093 362 1132 392 ad
1157 362 1320 392 terminum
1348 363 1438 398 vitae;
1471 368 1502 394 et
1529 369 1599 405 post
1625 365 1715 395 tinem
1740 366 1861 404 Quodli-

1093 413 1234 444 betorum
1250 414 1506 452 abbreviatorum,
1524 419 1541 432 “
1552 415 1645 445 Liber
1660 416 1775 457 collegii
1797 416 1861 446 lla!-

965 506 967 515 ⁴
1094 464 1155 494 lioli
1172 464 1202 494 in
1218 464 1316 494 Oxon.
1333 476 1369 495 ex
1387 465 1466 495 dono
1485 466 1529 496 M.
1542 466 1668 497 Thomae
1681 467 1860 508 Gascoigne.

966 520 967 535 ¹
1094 515 1262 545 sacerdotis
1287 520 1323 546 'et
1349 517 1502 556 quondam
1528 517 1663 547 doctoris
1695 517 1725 548 S.
1748 517 1804 547 Th.
1832 523 1862 548 et

1095 566 1266 596 cancellarii
1280 566 1387 600 Oxou..
1405 567 1454 607 qui
1471 568 1501 597 in
1517 568 1565 598 die
1580 569 1688 599 mortis
1705 569 1802 610 patris
1818 570 1861 600 sui

966 629 967 644 l
1094 615 1218 646 Ricardi
1242 616 1413 657 Gaseoig1nz¹
1437 618 1474 648 (le
1499 618 1633 650 I‘lunslet
1658 619 1687 649 in
1710 620 1860 650 comitatu

966 710 967 724 χ
1095 667 1227 697 Eboraci
1244 667 1301 697 fuit
1317 667 1395 697 filius
1410 668 1515 699 unicus
1531 673 1561 700 et
1578 670 1674 701 lueres
1692 671 1789 711 patris
1804 671 1859 708 sui.

965 725 967 760 2
1095 718 1264 748 octodecim
1282 729 1431 748 annorum
1447 719 1580 750 existens
1601 721 1631 750 in
1652 724 1745 752 aetate
1766 721 1796 751 in
1813 722 1860 751 die

1095 769 1204 800 mortis
1220 769 1317 810 patris
1333 769 1410 799 sui.’'

1344 853 1512 887 CXCIII.

989 917 1108 951 Codex
1135 917 1424 955 membranaceus,
1451 917 1604 955 in-folio‚
1632 918 1663 950 ff.
1684 921 1763 957 275,
1795 931 1859 951 see.

1013 975 1083 1008 xiii.
1103 974 1274 1013 exeuntis,
1292 974 1380 1007 binis
1405 974 1570 1007 columnis
1592 975 1764 1019 eleganter
1782 988 1861 1009 exa—

1013 1038 1127 1073 ratus3
1153 1044 1197 1066 ex
1216 1033 1306 1066 dono
1323 1031 1382 1065 W.
1398 1031 1501 1076 Gray.

1041 1093 1127 1123 Petri
1145 1092 1312 1122 Lombardi
1329 1091 1557 1122 Sententiarum
1574 1091 1641 1121 libri
1657 1097 1796 1132 quatuor.

1095 1144 1211 1185 Cuique
1229 1143 1307 1174 libro
1324 1143 1498 1184 praemissus
1519 1147 1564 1173 est
1586 1143 1728 1184 prologus
1748 1144 1861 1185 eapitu-

1073 1195 1232 1236 lorumque
1248 1195 1363 1225 tabula.

1343 1279 1510 1313 CXCIV.

966 1352 967 1384 ἶ
991 1343 1286 1379 Membranaeeus.
1317 1343 1351 1375 in
1381 1343 1441 1374 4t0
1471 1342 1603 1380 minori,
1635 1342 1667 1374 ff.
1689 1345 1767 1377 220.
1799 1354 1862 1375 sec.

965 1408 967 1444 ζ
1015 1401 1096 1439 xiii..
1116 1401 1203 1434 binis
1222 1400 1389 1433 columnis
1408 1404 1577 1432 exaratus.

965 1453 967 1468 l

1033 1461 1120 1492 Petri
1151 1460 1319 1491 Lombardi
1354 1459 1583 1490 Sententiarum
1620 1459 1689 1489 libri
1724 1464 1862 1500 quatuor.

966 1507 967 1549 i
1053 1511 1195 1552 capitulis
1211 1510 1366 1541 instructi.

966 1554 967 1558 Ἰ
1095 1562 1157 1592 Tit.
1176 1568 1193 1578 ⁵⁴
1206 1561 1321 1602 Incipit
1338 1560 1509 1602 p1·ologus.”

1096 1613 1201 1643 Primo
1229 1613 1307 1642 libro
1336 1611 1547 1653 pra-mittitur.
1573 1622 1664 1641 manu
1694 1611 1863 1645 recentiori,

1074 1664 1226 1704 prfefatiO.
1243 1664 1334 1703 incip.
1348 1668 1365 1680 ‘⁵
1378 1663 1478 1693 Radix
1495 1662 1652 1703 sapientise
1668 1662 1715 1692 eui
1731 1662 1864 1692 revelata

966 1737 967 1752 ¹
1074 1720 1139 1752 est;
1162 1720 1219 1746 etc.
1261 1714 1296 1744 ln
1312 1725 1405 1755 opere
1422 1724 1601 1754 quocunque
1616 1712 1850 1754 agg1·ediend0.“

1096 1766 1132 1796 In
1149 1771 1289 1796 extrema
1304 1765 1417 1806 pagina
1433 1765 1585 1805 rejectitia
1601 1764 1761 1794 habentur.

1031 1829 1058 1848 a.
1076 1818 1195 1858 Regula
1212 1816 1473 1858 Septuagesimae;
1499 1815 1588 1856 incip.

1022 1874 1039 1886 '⁴
1052 1870 1081 1899 A
1098 1869 1177 1899 fest-o
1193 1868 1289 1899 stellae
1305 1867 1495 1898 numerando
1511 1866 1622 1907 perfice
1637 1866 1752 1901 lunam,

1053 1920 1267 1961 Quadraginta
1283 1919 1347 1950 dies
1362 1923 1431 1958 post
1448 1917 1681 1958 Septuagesima
1697 1916 1777 1946 fiet?

1031 1976 1059 2006 b.
1077 1975 1238 2006 Distichon
1262 1975 1299 2004 de
1322 1973 1480 2004 abluendis
1505 1972 1646 2002 sordibus
1669 1982 1735 2002 euin
1759 1970 1859 2011 expla-

1095 2026 1238 2062 natione3

1022 2086 1039 2095 ⁵·
1053 2079 1079 2109 O
1096 2077 1210 2108 stillam
1226 2077 1308 2107 laves
1324 2075 1437 2117 pluvia,
1453 2075 1552 2105 oleum
1568 2074 1683 2114 liquore
1700 2073 1846 2107 fabarum,

1054 2129 1234 2159 Ineaustum
1250 2127 1330 2164 vino,
1347 2127 1447 2157 laxiva
1463 2126 1543 2156 dilue
1559 2124 1688 2155 vinumf'

1358 2216 1503 2250 CXCV.

990 2281 1287 2319 Membranaeeus,
1306 2280 1339 2312 iu
1363 2279 1456 2317 folio.
1478 2278 1510 2311 ff.
1529 2279 1610 2315 204,
1633 2287 1696 2309 see.
1716 2275 1784 2307 xiii.
1803 2285 1860 2306 ex-

1012 2339 1134 2377 euntis,
1170 2337 1396 2371 bicolunmis:
1441 2348 1483 2369 ex
1520 2336 1608 2368 dono
1641 2333 1691 2366 M.
1723 2332 1859 2364 lloberti

1013 2396 1132 2435 Polan,
1161 2395 1276 2429 vicarii
1306 2395 1348 2428 de
1377 2395 1560 2428 Penistene
1588 2389 1755 2435 quondam
1783 2388 1857 2421 coll.

1013 2454 1101 2488 Ball.
1121 2454 1225 2493 soeii3
1250 2453 1364 2486 mutil.

1033 2515 1068 2545 P.
1082 2514 1248 2545 Lombardi
1265 2513 1493 2544 Sententiarum
1510 2511 1578 2541 libri
1594 2512 1732 2549 quatuor.
1751 2507 1857 2547 praefa-

1053 2566 1137 2597 tione
1161 2566 1191 2596 in
1214 2569 1316 2596 totum
1342 2563 1522 2602 scholiisque
1548 2558 1764 2599 marginalibus
1792 2568 1858 2598 per-

1052 2616 1153 2658 petuis
1169 2626 1260 2646 manu
1277 2614 1437 2645 recentiori
1454 2610 1604 2642 illustrati.

1096 2666 1209 2697 Exeisa
1232 2670 1279 2696 est
1302 2675 1372 2706 pars
1396 2663 1447 2693 lib.
1466 2662 1505 2691 iii.
1527 2665 1558 2690 et
1580 2660 1629 2695 iix,
1651 2658 1713 2688 scil.
1737 2669 1756 2688 a
1779 2658 1857 2688 Dist.

1073 2718 1177 2748 xxxix.
1194 2717 1233 2748 ad
1251 2716 1331 2746 Dist.
1349 2715 1407 2745 viii.

1094 2769 1131 2799 In
1165 2768 1215 2798 sol.
1246 2766 1358 2808 penult.
1392 2762 1541 2805 rejectitio
1574 2761 1727 2791 habentur
1756 2771 1859 2790 versus
