2254 3117
764 173 1001 208 COLLEGH
1030 175 1169 211 Now.

76 275 125 304 13.
149 274 200 303 Ad
223 273 433 303 Fortunatum
455 272 532 303 liber
555 273 592 303 de
616 273 835 303 exhortatione
856 282 935 302 mar·
965 278 966 286 ¹

159 325 240 366 tyrii.
264 324 317 355 sol.
336 326 402 355 126.

201 375 265 407 Tit.
284 382 302 391 “
314 375 464 416 Ejusdem
483 376 523 406 ad
541 375 749 405 Fortunatum
770 374 847 404 liber
862 373 935 404 inci—

180 428 226 468 pit
253 428 290 458 de
318 428 399 458 bono
424 427 565 462 martirii,
590 427 656 467 lege
679 426 710 456 in
737 437 812 467 pace
838 426 936 456 frater
967 433 968 441 ¹

177 478 348 513 karissime,
375 478 483 519 hisque
506 477 697 518 temporibus
724 480 833 507 nostra
855 480 933 507 tem·
967 482 968 492 ¹

180 541 257 571 pora
273 530 433 560 conferens
448 529 564 560 tacitus
580 527 772 569 ingemisces*

202 581 284 612 Ibid.
302 593 332 622 p.
350 592 360 611 1
369 582 417 620 67.

968 612 969 622 1

204 633 243 663 In
268 632 361 669 calce,
384 637 402 647 “
417 630 553 671 Explicit
577 630 615 660 de
636 629 718 659 bono
741 630 873 660 martirii
896 630 936 660 ad
968 646 971 677 3

183 684 394 714 Fortunatum
411 682 488 713 liber
504 681 603 712 saneti
620 681 757 712 martiris
771 680 934 722 Cypriani;

182 735 250 766 Deo
265 733 417 775 g1·acias.”

388 825 607 860 CXXXIII.

58 891 175 925 Codex
195 890 488 928 membranaceus
508 889 541 921 in
557 888 639 921 folio
654 889 788 927 minori,
808 888 841 921 ff.
857 890 938 927 251,

82 961 147 983 sec.
160 960 229 988 XV„
247 948 454 981 nitidissime
473 951 643 980 exaratus.

102 1017 136 1047 L.
153 1016 267 1047 Caecilii
290 1015 448 1046 Lactantii
468 1014 618 1046 Firmiani
642 1015 872 1046 institutionum
896 1014 939 1045 di-

121 1070 261 1099 vinarum
276 1068 347 1098 libri
363 1072 491 1109 septem.

165 1120 226 1150 Tit.
246 1125 264 1135 “
279 1118 437 1149 Lactantii
455 1118 605 1149 Firmiani
629 1118 801 1149 divinarum
818 1118 940 1149 institu-

143 1171 260 1200 tionum
277 1170 355 1200 liber
370 1170 486 1211 primns
502 1170 540 1199 de
556 1170 634 1200 falsa
649 1170 824 1211 religiones*

166 1222 204 1251 In
235 1221 327 1257 calce,
354 1226 373 1238 ⁴‘
390 1220 548 1251 Lactantii
576 1220 724 1251 Firmiani
756 1221 794 1252 de
824 1221 941 1263 premio

143 1272 268 1303 virtutis
290 1277 322 1303 et
345 1272 439 1303 beata
462 1272 526 1302 vita
548 1272 626 1302 liber
649 1272 799 1313 septimus
822 1276 853 1303 et
872 1273 941 1303 ulti-

144 1335 212 1355 mus
228 1324 354 1365 explicit
370 1323 521 1359 feliciter3
546 1324 613 1354 laus
629 1323 730 1355 Deo.”

166 1376 346 1417 Sequuntur
367 1379 511 1406 extracta
527 1376 597 1411 duo,
615 1387 644 1405 a.
663 1382 670 1390 ¹
682 1375 731 1406 Ex
747 1376 848 1406 verbis
866 1375 941 1406 Lac-

146 1427 238 1458 tantii
260 1426 291 1457 in
313 1426 392 1457 libro
413 1427 450 1457 de
471 1427 593 1468 opificio
610 1427 669 1458 Dei
690 1427 736 1458 vel
757 1427 942 1458 formatione

144 1477 277 1508 hominis
298 1478 329 1508 in
351 1478 429 1508 tine?
474 1478 502 1508 b.
519 1483 527 1495 ‘
540 1478 686 1509 Aurelius
701 1479 897 1520 Augustinus
912 1479 943 1509 in

145 1529 223 1560 libro
240 1540 290 1559 xx.
308 1529 346 1559 de
363 1529 489 1560 civitate
506 1529 585 1560 Deis

169 1580 336 1610 Praemissa
358 1584 428 1611 sunt
453 1581 633 1611 testimonia
655 1581 693 1611 de
718 1580 884 1612 Lactantio
906 1591 943 1611 ex

147 1631 204 1662 SS.
220 1631 414 1672 Hieronymo
430 1636 462 1662 et
478 1632 669 1673 Augustino.

400 1728 612 1762 CXXXIV.

67 1787 365 1826 Membranaceus,
401 1788 436 1820 in
471 1786 564 1826 folio,
600 1787 635 1820 ff.
662 1789 742 1826 437,
773 1799 838 1821 see.
864 1789 944 1827 xiv„

91 1846 178 1879 binis
205 1846 375 1879 columnis
404 1850 584 1885 exaratus3

91 1904 240 1949 episcopi
259 1903 494 1937 Cieestrensis.

110 1974 137 2002 1.
154 1972 282 2003 Thomae
313 1971 537 2007 Bradwardini,
570 1971 795 2003 Londoniensis
830 1972 946 2003 cancel-

172 2024 251 2059 larii,
272 2028 382 2065 postea
404 2023 628 2064 archiepiscopi
645 2024 887 2060 Cantuaritvsis,
909 2024 947 2054 de

172 2087 265 2107 causa
295 2075 354 2106 Dei
383 2080 493 2107 eontra
519 2075 679 2116 Pelagium
707 2081 739 2106 et
769 2076 806 2106 de
832 2075 948 2106 virtute

174 2138 337 2158 causarum
352 2127 421 2157 libri
437 2133 511 2158 tres.
536 2127 586 2157 fol.
603 2137 630 2158 2.

215 2178 277 2209 Tit.
296 2184 314 2193 “
330 2178 378 2208 De
394 2189 488 2209 causa
502 2178 559 2208 Dei
572 2183 681 2209 contra
694 2178 853 2219 Pelagium
866 2183 897 2209 et
911 2179 948 2209 de

194 2229 310 2260 virtute
330 2240 492 2260 causarum
509 2229 628 2259 Thome
648 2229 686 2259 de
708 2228 949 2259 Bradewardina

194 2281 367 2312 cancellarii
386 2280 642 2311 LondoniensiS.’'

0 2341 1 2379 1
218 2332 333 2363 Exstat
344 2332 482 2373 impl-ess.
494 2332 540 2362 ed.
554 2332 690 2362 Heni-ico
702 2331 835 2365 Savillio,
849 2331 947 2362 Lond.

199 2384 287 2414 1618.

218 2435 257 2465 In
279 2435 372 2470 calce,
399 2441 416 2450 ·‘
430 2434 567 2476 Explicit
590 2435 672 2465 istud
696 2445 773 2475 opus
796 2434 834 2464 de
857 2445 949 2465 causa

198 2486 257 2516 Dei
287 2492 397 2517 contra
424 2485 585 2527 Pelagium
615 2490 646 2516 ct
676 2486 714 2515 de
738 2485 853 2515 virtute
880 2496 949 2515 cau-

198 2548 313 2574 sarum,
341 2537 456 2568 virtute
484 2537 542 2567 Dei
566 2548 657 2567 cause
680 2546 851 2572 causarum,
883 2547 950 2577 per-

197 2589 345 2630 scriptum
364 2589 534 2619 Londoniis
555 2599 636 2619 anno
652 2587 813 2617 millesimo
829 2594 949 2618 trecen-

197 2641 308 2671 tesimo
324 2640 562 2681 quadragesimo
579 2643 692 2680 quarto
710 2639 834 2669 Domini
850 2639 872 2669 J
875 2639 949 2670 hesu

197 2692 322 2723 Oristi.”

115 2752 143 2781 2.
160 2751 363 2790 Quaestiones,
380 2761 508 2781 numero
524 2749 684 2790 octoginta
704 2753 784 2783 octo,
805 2752 951 2779 tractatae

178 2813 233 2843 per
249 2802 400 2833 Thomam
417 2802 454 2832 de
471 2800 686 2842 Bukyngham,
704 2810 802 2841 nuper
817 2799 952 2830 ecelesiae

624 1845 706 1878 olim
735 1845 815 1880 Gul.
838 1846 945 1882 Reed,

1821 183 1865 218 49

1079 273 1260 304 Exoniensis
1283 274 1508 310 cancellarium,
1535 280 1552 290 “
1567 275 1766 305 ostendentes
1789 276 1869 305 inu—1-

1074 335 1194 355 errores
1219 326 1346 367 Pelagii,
1371 326 1551 357 Cicheronis
1574 330 1606 357 et
1629 326 1713 358 Scoti
1739 328 1866 358 catholi-

1075 387 1143 406 cum
1170 377 1304 407 medium
1329 377 1473 414 invenire,
1497 388 1533 408 ac
1560 378 1868 419 predestinacionem,

1075 428 1368 467 preordinacionem,
1383 429 1627 469 prevolueionem
1644 433 1783 460 eternam
1796 441 1867 460 cou-

1075 489 1257 519 eursumque
1274 479 1332 509 Dei
1353 482 1438 510 stare
1460 490 1529 509 eum
1550 479 1647 510 libera
1663 480 1821 510 voluntate
1838 485 1869 511 et

1074 527 1186 558 merito
1209 534 1359 565 creature,
1383 532 1415 559 et
1443 529 1511 559 ideo
1538 529 1578 560 ab
1601 529 1711 560 effectu
1734 530 1869 560 ostensio

1076 578 1178 608 meriti
1199 578 1293 609 libere
1314 579 1447 609 accionis
1470 590 1600 620 sequens
1622 580 1801 620 opuseulum
1817 591 1869 610 no-

1077 629 1224 666 minatur,
1237 633 1279 666 et,
1289 630 1383 671 juxta
1397 631 1523 661 modum
1540 631 1659 661 Oxonie
1674 636 1803 662 actenus
1818 632 1870 661 ob-

1076 685 1244 718 servatum,
1276 681 1307 711 in
1344 693 1400 712 sna
1435 682 1609 722 inceptione
1638 693 1690 713 seu
1721 683 1870 724 principio

1078 732 1271 773 questionem
1293 733 1440 763 materias
1464 744 1540 774 quas
1562 737 1699 764 tractare
1721 734 1871 775 disposuit

1078 784 1289 815 continentem
1312 785 1473 826 proposuit
1496 785 1552 815 sub
1575 785 1633 815 hac
1658 786 1789 817 fornia.”
1820 786 1870 816 fol.

1077 845 1151 877 322.

1124 886 1223 927 Incip.
1241 891 1259 901 “
1272 885 1388 916 Utrum
1401 886 1525 916 credere
1537 887 1700 928 prophecie
1716 888 1754 917 de
1769 888 1872 928 aliquo

1101 937 1295 978 contigenter
1310 936 1425 971 futuro,
1443 936 1483 967 sit
1498 937 1689 968 meritorium
1705 940 1873 969 creaturos*

1124 988 1192 1018 Ult.
1207 987 1337 1029 quaestio
1354 992 1413 1024 est,
1428 993 1434 1002 ‘
1447 987 1564 1018 Utrum
1580 988 1609 1018 in
1626 989 1788 1029 cujuslibet
1804 1001 1874 1020 con-

1103 1040 1240 1070 versione
1263 1050 1336 1070 vera
1358 1039 1398 1070 ad
1421 1039 1513 1070 fidem
1536 1039 1653 1070 Christi
1677 1040 1717 1071 sit
1736 1041 1874 1071 remissio

1104 1095 1302 1132 peccatorum
1318 1090 1429 1131 plenas
1442 1094 1473 1120 et
1489 1090 1584 1120 desin.
1599 1096 1617 1105 “
1629 1101 1697 1120 eum
1714 1090 1744 1120 in
1760 1091 1790 1121 id
1807 1095 1874 1122 tan-

1103 1146 1170 1172 tum
1187 1141 1406 1171 commorimur
1422 1145 1454 1171 et·
1470 1141 1692 1181 consepelimur
1708 1141 1862 1172 Christos

1126 1193 1162 1222 In
1179 1193 1270 1229 calce,
1288 1192 1409 1222 Tabula
1425 1192 1637 1232 quaestionum.

1127 1245 1165 1274 In
1188 1244 1290 1274 fronte
1314 1243 1439 1279 codicis,
1465 1250 1481 1258 ‘⁴
1498 1243 1591 1274 Liber
1614 1243 1660 1273 M.
1679 1243 1764 1274 Will.
1791 1245 1877 1275 Reed

1104 1295 1177 1326 socii
1201 1296 1310 1326 domus
1333 1295 1497 1326 scolarium
1521 1296 1558 1325 (10
1580 1295 1707 1326 Merton
1728 1296 1758 1325 in
1775 1297 1876 1326 Oxou.

1105 1358 1197 1388 quam
1221 1347 1334 1377 ibidem
1359 1347 1450 1377 scribi
1472 1347 1545 1377 fecit
1566 1347 1604 1377 de
1627 1347 1801 1388 sumptibus
1822 1348 1878 1377 sibi

1104 1399 1187 1430 datis
1213 1410 1269 1440 per
1298 1399 1499 1430 reverendum
1529 1399 1688 1429 dominnm
1715 1410 1803 1429 suum
1833 1400 1878 1429 M.

1105 1450 1287 1481 Nicholanm
1310 1451 1348 1480 de
1371 1451 1559 1491 Sandwy003
1582 1450 1687 1481 Oretis
1707 1450 1802 1492 igitur
1824 1461 1879 1491 pro

1105 1502 1221 1532 eisdem
1244 1506 1275 1532 et
1302 1513 1357 1542 pro
1382 1501 1632 1532 benefactoribus
1656 1502 1821 1532 eorundem
1845 1513 1880 1532 ac

1105 1553 1240 1583 fidelium
1256 1553 1419 1583 animabus
1434 1564 1453 1583 a
1469 1552 1651 1593 purgatorio
1667 1552 1866 1582 liberandis.”

1130 1604 1259 1634 “Liber
1284 1603 1402 1644 collegii
1431 1603 1522 1633 beate
1549 1603 1650 1633 Mario
1675 1603 1718 1631 W
1721 1606 1827 1643 ynton.
1851 1603 1881 1632 in

1107 1655 1206 1685 Oxon.
1223 1655 1253 1685 in
1270 1654 1424 1685 communi
1445 1653 1572 1684 libraria
1589 1658 1620 1684 et
1636 1653 1676 1684 ad
1697 1664 1785 1684 usum
1801 1664 1881 1683 com-

1107 1717 1230 1736 munem
1261 1705 1424 1736 scolarium
1454 1705 1592 1745 ejusdem
1622 1708 1653 1735 et
1684 1704 1816 1734 maxime
1845 1704 1882 1734 de

1106 1758 1220 1788 diocesi
1250 1757 1411 1792 Cicestrie,
1443 1757 1481 1787 de
1519 1756 1712 1797 benignitate
1749 1756 1881 1797 episcopi

1109 1809 1262 1850 XVynton.
1287 1809 1317 1839 in
1340 1812 1499 1850 posterum
1522 1808 1819 1841 assumendorum?
1852 1814 1880 1838 et

1108 1860 1227 1901 reliqua
1242 1863 1276 1890 ut
1293 1870 1386 1901 supra
1402 1859 1432 1889 in
1448 1859 1553 1890 codice
1568 1870 1637 1889 cxx.

1350 1948 1538 1983 CXXXV.

1003 2009 1123 2043 Codex
1142 2008 1353 2048 chartaceus,
1372 2008 1406 2040 in
1425 2010 1497 2048 4to,
1517 2007 1550 2040 ff.
1569 2009 1628 2046 41,
1646 2017 1713 2040 sec.
1732 2008 1799 2040 xvi.

1046 2073 1247 2109 Bessarionis,
1279 2072 1466 2110 Cardinalis,
1500 2072 1578 2102 liber
1614 2072 1652 2102 de
1688 2077 1881 2102 sacramento

1067 2124 1283 2159 Eucharistiae,
1308 2128 1340 2154 et
1367 2124 1477 2164 quibus
1503 2124 1604 2154 verbis
1630 2134 1740 2164 corpus
1764 2123 1881 2154 Christi

1067 2176 1248 2206 conficiatur
1261 2189 1266 2209 ;
1291 2175 1461 2216 interprete
1477 2186 1640 2216 anonymo.

1110 2227 1171 2257 Tit.
1205 2232 1221 2241 ‘¹
1240 2226 1442 2262 Bessarionis,
1475 2226 1610 2267 episcopi
1642 2226 1817 2262 Tusculani,
1849 2230 1881 2256 et

1090 2278 1120 2308 S.
1134 2278 1173 2308 R-
1189 2277 1226 2307 E.
1240 2277 1414 2308 Cardinalis
1429 2281 1524 2318 atque
1540 2276 1716 2318 patriarche
1732 2276 1881 2307 Constan—

1089 2329 1287 2371 tinopolitani
1302 2329 1403 2360 oratio
1419 2329 1457 2360 sle
1476 2332 1669 2360 sacramento
1686 2328 1881 2359 Eucharistie

1089 2392 1105 2411 c
1117 2381 1228 2422 quibus
1240 2381 1341 2410 verbis
1354 2380 1549 2410 Dominicum
1566 2379 1727 2410 conficitur
1743 2380 1882 2420 corpusf'

1112 2433 1208 2473 Incip.
1226 2438 1244 2447 “
1256 2433 1334 2463 Cum
1350 2442 1471 2462 sacrum
1486 2430 1688 2461 Eucharistiae
1701 2431 1880 2471 mysterium

1089 2495 1210 2515 sacrum
1227 2495 1353 2525 prorsus
1368 2483 1564 2523 divinumque
1579 2481 1651 2512 sits

1112 2535 1228 2566 Exstat
1250 2535 1389 2576 impl-ess.
1411 2533 1466 2563 Gr.
1486 2532 1553 2563 Lat.
1576 2532 1656 2563 inter
1677 2532 1731 2562 SS.
1751 2532 1881 2562 Patrum

1091 2586 1259 2627 Liturgias,
1278 2586 1376 2616 Paris.
1394 2586 1480 2625 1560.

1337 2672 1549 2708 CXXXVI.

1007 2735 1228 2774 Chartaceus,
1262 2734 1297 2766 in
1327 2732 1420 2771 folio,
1452 2730 1485 2764 ff.
1511 2733 1566 2769 30,
1598 2741 1664 2764 sec.
1690 2742 1764 2767 xxx:
1800 2731 1881 2764 olim

1031 2791 1206 2837 peculium
1226 2790 1369 2824 Henrici
1389 2788 1496 2823 VIII.
1516 2789 1604 2833 regis
1622 2787 1770 2833 Anglioe.

1155 2860 1179 2883 H
