2254 3117
367 157 413 193 66

453 261 562 298 genter
576 253 759 289 conscribat,
777 264 846 283 nam
872 252 901 282 in
920 253 979 283 1100
995 253 1074 283 111)1·0
1090 252 1249 283 breviandi
1282 258 1283 272 ¹

454 318 547 338 causa
563 306 675 336 omissa
688 306 821 335 fuerunt.
849 304 1033 334 Notandum
1049 304 1144 334 etiam
1161 315 1251 344 quas-

456 359 526 388 (111111

742 412 874 446 CLXI.

372 477 490 509 Codex
519 475 811 514 membranaceus,
840 475 874 507 iu
905 475 996 514 folio,
1024 475 1057 509 ff.
1077 478 1157 515 314,
1185 486 1250 508 sec.

396 535 474 572 xiv„
490 533 577 566 binis
595 532 765 566 columnis
783 538 964 573 exaratus3
993 539 1011 552 ‘⁶
1025 546 1069 567 ex
1089 534 1178 567 dono
1199 533 1250 566 M.

397 590 532 624 Thome
553 589 692 629 Balsall‚
711 591 885 634 quondam
905 591 1018 623 sociis*

414 651 543 682 Roberti
561 651 688 687 Holcot‚
712 651 780 681 ord.
804 651 905 681 Praed.
930 651 1078 682 lectiones
1101 651 1197 681 ccxiii.
1222 650 1252 680 in

434 704 544 733 librum
562 702 730 743 Sapientiae
747 703 932 740 Salomonis,
951 704 1064 744 praevia
1086 703 1193 734 tabula
1211 703 1252 733 al-

435 755 609 796 phabetica.

478 806 616 836 Exstant
632 805 771 847 impress.
789 806 904 837 Venet.
926 808 1016 847 1586,
1032 811 1064 837 et
1080 807 1160 837 alibi.

479 858 517 887 In
534 857 621 888 initio
638 864 669 888 ct
686 857 745 887 fine
762 858 937 899 fragmenta
956 864 1038 894 sunt,
1057 859 1094 889 (10
1110 859 1253 895 caritate,

456 909 494 939 (10
520 909 670 944 oratione,
698 913 758 939 etc.
785 916 912 940 auctore
939 915 973 940 ut
1000 910 1123 941 videtur
1152 910 1254 950 Anglo

456 960 602 1000 quodam,
628 960 718 1000 incip.
746 964 763 976 ⁴⁶
779 960 863 990 Nota
895 961 976 1001 quod
1004 961 1103 990 omnis
1129 961 1253 995 caritas,

457 1012 564 1053 incipit
580 1023 599 1042 a
614 1012 769 1042 sententia
786 1011 860 1042 Plus
876 1017 907 1043 et
924 1013 1021 1043 debeo
1037 1013 1194 1054 diligeres*

733 1114 885 1147 CLXII.

375 1176 675 1214 Membranacous,
704 1177 737 1209 in
768 1176 849 1209 folio
880 1176 1009 1219 majori,
1034 1175 1163 1210 111923.
1188 1186 1254 1207 sec.

398 1247 454 1268 xv.
470 1235 640 1273 ineuntis;
668 1234 755 1267 binis
773 1233 941 1267 columnis
960 1234 1067 1266 nitide
1082 1238 1252 1266 exaratus.

416 1294 544 1325 Roberti
561 1294 677 1324 Holcot
692 1294 839 1325 lectiones
855 1304 947 1334 super
962 1293 1073 1322 librum
1089 1292 1254 1333 Sapientize

437 1345 618 1376 Salomonis.

481 1397 617 1428 Exstant
635 1397 772 1437 impress.
791 1396 904 1426 Venet.
929 1397 1017 1435 1586,
1034 1399 1063 1425 et
1081 1395 1164 1425 alibi.

480 1447 576 1477 Defic.
600 1447 630 1477 in
654 1447 755 1477 verbis
778 1446 918 1476 lectionis
942 1445 1130 1486 penultimze,
1154 1449 1171 1462 “
1186 1445 1254 1475 Non

458 1499 556 1529 solum
573 1499 683 1530 doctus
699 1498 829 1529 scicntia
845 1498 897 1528 scd
911 1498 1015 1538 justus

727 1601 900 1635 CLXIII.

375 1663 672 1702 Menibmnaceus,
698 1664 730 1696 in
761 1663 841 1696 folio
871 1663 1001 1706 majori,
1026 1662 1059 1695 ff.
1080 1665 1161 1701 391,
1188 1674 1253 1696 see.

400 1723 478 1761 xiv„
497 1722 585 1756 binis
603 1721 771 1755 columnis
790 1728 960 1754 exaratus.

418 1783 536 1814 Nicolai
553 1784 591 1813 (10
610 1783 691 1823 Lyra
708 1783 737 1812 in
755 1783 989 1813 Testamentum
1001 1782 1103 1813 Vetus
1119 1782 1254 1823 postilla-

438 1846 504 1864 rum
530 1839 632 1865 tomus
656 1834 746 1875 prior,
771 1834 864 1863 libros
891 1834 1007 1864 seilicet
1033 1845 1052 1864 a
1077 1833 1188 1864 Genesi
1215 1833 1254 1864 ad

440 1885 627 1916 psalterium
644 1885 788 1915 inclusive
805 1885 1077 1926 comprehendens,

483 1937 519 1967 In
546 1938 639 1973 calce,
667 1942 685 1954 ‘⁴
703 1937 839 1977 Explicit
870 1936 994 1977 postilla
1024 1947 1115 1977 super
1145 1936 1255 1966 librum

460 1988 655 2019 Psalmorum
673 1988 758 2018 edita
773 2000 791 2018 a
807 1989 904 2019 fratrc
922 1988 1040 2018 Nicolai
1058 1989 1095 2018 (10
1114 1988 1204 2028 Lyra,
1219 1988 1256 2017 (10

460 2041 567 2071 ordine
584 2040 715 2070 fratrum
737 2040 889 2069 minorum
912 2051 998 2070 sacre
1017 2039 1170 2080 theologie
1187 2039 1256 2069 ‹loc-

461 2097 539 2127 tore,
569 2102 651 2121 anno
682 2090 806 2120 Domini
840 2090 1000 2120 millesimo
1026 2101 1086 2120 000.
1115 2089 1257 2120 vicesimo
1285 2113 1286 2116 ,

460 2143 580 2173 scxto.”

734 2185 902 2220 CLXIV.

377 2249 674 2285 Membrana-cens,
701 2249 734 2281 111
767 2248 849 2281 folio
879 2248 1007 2291 majori,
1033 2247 1162 2285 fl1335„
1190 2257 1256 2280 sec.

401 2309 480 2341 xiv..
499 2307 587 2340 binis
605 2306 772 2340 columnis
791 2310 961 2338 exau-atus.

421 2365 543 2396 Nicolai
560 2366 597 2396 de
612 2365 693 2406 Lyra
710 2365 740 2395 in
754 2364 854 2395 Vetus
867 2364 1103 2394 Testamentum
1121 2362 1257 2404 postilla-
1286 2379 1287 2407 ἒ

442 2428 508 2447 rum
526 2422 628 2447 tomus
643 2417 729 2452 alter,
747 2416 840 2446 libros
856 2427 874 2446 a
891 2415 1064 2446 Salomonis
1083 2414 1259 2444 Proverbiis

442 2479 538 2509 usque
554 2468 593 2498 ad
611 2468 859 2498 Maccabzeorum
877 2467 928 2497 lib.
943 2467 973 2497 ii.
992 2466 1158 2496 includens.

488 2520 525 2549 In
542 2519 635 2555 calce,
652 2523 670 2535 “
687 2518 823 2559 Explicit
839 2519 962 2559 postilla
983 2529 1075 2559 super
1090 2517 1258 2547 secundum

464 2570 575 2600 librum
594 2570 866 2600 Machabeor1un.”

740 2665 891 2699 CLXV.

383 2727 681 2765 anbranacous,
709 2729 742 2761 in
774 2727 855 2761 folio
885 2728 1013 2770 majori,
1040 2727 1071 2760 ff.
1088 2730 1168 2766 317,
1194 2738 1259 2760 sec.

408 2786 486 2825 xiv„
506 2786 593 2819 binis
611 2786 779 2820 columnis
795 2791 964 2819 exaratus.

919 153 1151 189 CATALOG
1159 154 1221 188 US
1248 154 1483 190 CODICUM
1511 155 1622 190 MSS.

1347 254 1465 286 Nicolai
1477 255 1514 286 (le
1526 255 1609 296 Lyra
1622 255 1651 285 in
1663 254 1899 285 Testamentum
1912 256 2033 285 Novum
2044 255 2184 295 postillae‚

1368 306 1476 336 ordine
1502 306 1653 347 sequenti,
1678 306 1739 336 scil.
1767 306 1821 336 SS.
1843 306 1971 343 Lucam,
1997 306 2186 342 Johannem,

1371 356 1572 394 Matthaeum,
1599 358 1753 394 Marcum,
1778 357 1925 397 epistolas
1945 358 2003 388 xiv.
2031 357 2185 394 paulinas,

1368 407 1470 438 Actus
1481 409 1714 449 Apostolorum,
1726 408 1873 449 epistolas
1890 413 2008 450 septem
2024 409 2187 440 canonicas

1369 463 1401 489 et
1417 459 1635 501 Apocalypsin.

1415 510 1449 540 In
1466 511 1559 547 calce,
1578 516 1598 528 “
1612 510 1749 552 Explicit
1766 510 1889 551 postilla
1906 521 1997 552 super
2015 510 2187 552 Apocalyp-

1391 561 1437 591 sin
1452 566 1481 592 et
1500 573 1592 603 super
1612 566 1713 592 totam
1735 561 1860 592 bibliam
1882 562 1967 592 edita
1982 573 2001 592 a
2017 562 2114 592 fratre
2131 561 2188 592 Ni-

1391 613 1499 643 cholao
1520 613 1557 643 (le
1580 613 1661 649 Lira,
1678 613 1716 642 (le
1740 612 1847 642 ordine
1870 613 2001 643 fratrum
2019 613 2187 650 Minorum,

1391 675 1476 694 sacre
1492 664 1646 705 theologie
1662 664 1808 698 ‹loctorc;
1835 663 1903 694 Deo
1918 664 2066 704 gratias.”

1663 769 1832 803 CLXVI.

1308 839 1426 873 Codex
1456 839 1748 877 membranaceus
1777 840 1809 872 in
1842 838 1934 877 folio,
1963 839 1995 872 ff.
2015 842 2095 878 327,
2123 850 2188 873 sec.

1332 898 1410 936 xiv..
1430 897 1519 930 binis
1537 897 1706 930 columnis
1724 909 1828 930 manu
1847 896 1943 929 Will.
1960 897 2001 929 (10
2023 897 2190 942 Notting-

1332 956 1410 988 ham
1438 960 1620 995 exaratns;
1651 955 1732 988 olim
1759 955 1842 988 Tho.
1862 955 2012 999 Tryllek.
2032 967 2084 1000 ep.
2106 955 2191 989 Rof-

1333 1015 1446 1053 fensis,
1460 1020 1579 1058 l‘mstea
1593 1013 1671 1047 coll.
1688 1014 1794 1047 Mert.
1805 1026 1847 1047 ex
1864 1014 1954 1046 dono
1968 1013 2067 1047 Will.
2082 1013 2189 1049 Reed,

1332 1084 1384 1116 ep.
1404 1073 1547 1105 Cieestr.

1350 1133 1468 1163 Nicolai
1486 1133 1632 1168 Gom-ini,
1649 1133 1711 1163 sive
1733 1133 1771 1163 cle
1788 1133 1938 1167 Gorham,
1954 1132 2084 1173 postillae
2099 1143 2192 1173 super

1372 1185 1564 1215 Testamenti
1591 1185 1712 1215 Veteris
1736 1185 1831 1214 libros
1859 1190 2035 1224 sequentes,
2064 1184 2189 1219 scilicet,

1372 1236 1630 1270 pentateuchum,
1650 1236 1764 1272 josuae,
1781 1235 1938 1271 Judiemn,
1956 1235 2050 1270 Ruth,
2071 1235 2190 1276 Regum

1371 1292 1514 1328 quatuor,
1530 1287 1788 1327 Paralipomenon
1805 1287 1891 1322 duos,
1910 1286 2030 1323 Esilrae,
2047 1286 2191 1323 Neemiae,

1372 1338 1488 1374 Tobiae,
1505 1338 1628 1375 Judith7
1648 1338 1775 1373 Hester,
1792 1337 1865 1368 Job.

1415 1390 1511 1431 Incip.
1533 1390 1677 1420 “Frater
1701 1389 1898 1426 Ambrosius,
1913 1393 1971 1419 etc.
2013 1388 2104 1419 Hanc
2127 1389 2189 1430 epi-

1393 1441 1504 1472 stolam
1521 1441 1628 1472 scribit
1645 1441 1755 1470 beatus
1772 1440 1944 1471 Ieronimus
1964 1440 2086 1471 cuidam
2107 1451 2191 1481 pres-

1393 1493 1524 1523 bitero.”

1414 1544 1522 1574 Desin.
1547 1543 1603 1574 ult.
1626 1548 1800 1574 “eternam
1827 1542 1957 1573 feliciter
1983 1542 2192 1584 pertingatur,

1391 1595 1431 1626 ad
1455 1592 1547 1636 quain
1570 1606 1625 1625 nos
1649 1595 1810 1635 perducat,
1826 1594 1884 1633 Qui
1907 1594 1971 1624 sinc
1992 1594 2051 1624 tine
2068 1593 2143 1624 vivit
2159 1598 2189 1624 et

1391 1650 1521 1688 regnat;
1548 1646 1680 1676 Amen.”

1414 1698 1451 1727 In
1474 1697 1566 1732 calce,
1594 1704 1611 1713 ‘⁵
1625 1697 1816 1736 Quicumque
1847 1695 2013 1726 habuerint
2043 1695 2188 1726 solacium

1391 1761 1429 1779 ex
1459 1760 1515 1779 usu
1549 1748 1639 1789 hujus
1670 1748 1830 1777 voluminis
1860 1752 1970 1788 rogent
2002 1758 2058 1788 pro
2087 1746 2190 1777 anima.

1392 1800 1506 1830 domini
1530 1799 1674 1840 Ηυξ-1011111
1695 1799 1732 1829 dc
1755 1799 1957 1838 Notingham,
1973 1798 2003 1828 in
2027 1798 2115 1839 cujus
2138 1809 2190 1828 ex-

1392 1851 1493 1892 pensis
1506 1852 1621 1881 t'actum
1635 1856 1692 1885 est,
1705 1856 1735 1880 et
1752 1850 1845 1880 etiam
1863 1849 1969 1880 fratris
1986 1848 2134 1879 Willelmi
2151 1849 2189 1880 de

1392 1903 1499 1933 cadem
1517 1913 1571 1943 per
1583 1902 1669 1942 cujus
1685 1901 1870 1931 laboriosam
1884 1900 2078 1942 diligenciam
2095 1900 2188 1941 scrip-

1393 1960 1458 1985 tum
1476 1960 1507 1984 et
1524 1953 1685 1983 collectum
1701 1952 1778 1982 est.³5

1418 2005 1451 2034 In
1476 2006 1577 2034 fronte
1600 2004 1713 2034 codicis
1737 2007 1887 2033 notantur
1909 2014 1937 2033 a.
1955 2007 1973 2020 “
1992 2003 2083 2032 Liber
2102 2002 2187 2032 Will.

1395 2056 1488 2091 Reed,
1505 2055 1639 2096 episcopi
1656 2054 1867 2090 Oicestrensis,
1882 2065 1972 2095 quem
1988 2054 2071 2090 emit,
2088 2064 2107 2084 a
2124 2064 2188 2083 ven.

1394 2113 1483 2148 patre
1506 2107 1584 2137 Tho.
1609 2106 1765 2146 Trylstkss’
1782 2110 1840 2136 etc.
1865 2105 1976 2135 deinde
2000 2108 2190 2135 memoratur

1393 2159 1521 2189 donatio
1533 2158 1670 2199 ejusdem
1687 2168 1741 2198 per
1752 2157 1806 2186 W.
1820 2157 1903 2186 Reed
1917 2157 1956 2186 ad
1969 2156 2036 2186 coll.
2052 2156 2189 2191 Merton,

1393 2215 1424 2240 et
1441 2210 1580 2251 denique,
1594 2214 1611 2226 ⁴*
1622 2209 1721 2239 Orare
1737 2209 1833 2238 eciam
1850 2207 2016 2249 dignemini
2034 2218 2089 2249 pro
2102 2207 2188 2237 Wal-

1393 2266 1460 2292 tcro
1478 2261 1606 2291 Roberti
1623 2260 1723 2290 scriba
1739 2265 1771 2290 et
1787 2259 1909 2290 notario
1922 2259 1996 2289 dicti
2009 2258 2188 2289 venerabilis

1394 2313 1503 2354 patris,
1535 2312 1585 2353 qui
1618 2311 1845 2352 suprascriptos
1878 2311 1987 2341 titulos
2019 2315 2051 2341 et
2082 2309 2188 2341 titulos

1393 2365 1522 2395 aliorum
1539 2374 1577 2404 99
1592 2364 1736 2393 librorum
1754 2374 1808 2403 per
1824 2363 1940 2392 <lictum
1954 2366 2076 2403 patrem
2089 2361 2187 2392 eidem

1393 2417 1498 2447 domui
1532 2417 1676 2446 datorum
1711 2415 1750 2445 ad
1782 2414 2031 2444 emendacionem
2066 2413 2188 2444 librarie

1393 2468 1530 2509 ejusdem
1554 2466 1720 2507 inscripsit,
1738 2470 1769 2496 et
1793 2465 1874 2495 circa
1897 2465 2021 2495 eosdem
2044 2464 2138 2495 libros
2158 2470 2188 2494 et

1393 2519 1470 2550 alios
1486 2530 1579 2559 quam
1595 2518 1697 2559 plures
1719 2528 1774 2558 per
1789 2517 1909 2547 diversa
1926 2516 2053 2557 collegia
2069 2515 2187 2545 univer-

1394 2571 1443 2601 sit.
1462 2572 1562 2600 Oxou.
1580 2580 1634 2610 per
1656 2569 1754 2609 ipsum
1774 2579 1838 2598 ven.
1863 2572 1982 2609 patrem
2007 2567 2188 2598 distributos

1395 2622 1559 2663 diligenter
1575 2619 1758 2650 insmlavit.”

1655 2722 1846 2756 CLXVII.

1287 2778 1290 2816 l
1314 2782 1610 2821 anbranaceus,
1635 2782 1666 2814 in
1698 2780 1780 2814 folio
1808 2779 1936 2824 majori,
1964 2778 1996 2812 ff.
2017 2781 2097 2817 343,
2125 2787 2188 2811 sec.
