2254 3117
334 158 403 189 102

355 255 384 284 4.
403 253 439 283 In
450 252 563 283 librum
575 251 613 281 de
625 248 773 280 memoria
785 251 817 279 et
828 247 1068 278 reminiscentia.
1083 247 1104 278 f.
1119 257 1176 288 142
1187 249 1216 279 b.

462 302 558 343 Incip.
576 305 594 319 “
607 301 694 331 Sicut
709 299 939 340 pliilosoplius.”

462 354 499 384 In
509 353 601 389 calce,
613 355 632 368 “
643 350 824 391 Expliciunt
836 349 992 381 sentencie
1004 361 1096 391 super
1104 350 1218 381 librum

440 406 478 435 de
498 414 589 434 sensu
605 405 637 433 et
653 405 779 432 sensato
794 405 826 432 et
844 402 883 432 de
904 401 1054 432 memoria
1075 405 1106 432 et
1127 402 1217 432 remi-

439 453 600 491 niscentia,
617 453 784 484 secundum
799 452 929 483 fratrem
943 453 1096 483 Thomam
1107 453 1136 489 ;”
1157 458 1217 484 ete.

353 513 383 541 5.
399 509 594 549 Quaestiones
616 519 709 550 super
725 508 821 538 libros
842 508 880 538 de
902 507 1007 538 anima
1027 519 1046 538 a
1066 507 1218 549 magistro

416 559 439 590 J
442 559 491 590 oh.
507 559 546 589 de
561 558 753 595 Didneshen‚
771 558 818 589 vel
834 557 1032 589 Didneshale.
1057 558 1107 589 fol.
1125 560 1193 597 148.

461 609 557 651 Incip.
590 613 607 626 “
624 610 782 640 Bonorum
795 622 803 646 ;
834 613 892 640 etc.
949 609 1157 651 Philosophus
1187 609 1219 639 in

438 662 572 692 secundo
598 661 787 702 phisicorum
812 660 916 692 volens
942 661 1129 702 investigare
1155 664 1217 691 ter·

438 713 569 744 minos.'⁷

460 764 497 794 In
509 764 601 801 calce,
613 768 631 781 “
642 763 824 805 Expliciunt
837 764 991 795 sentencie
1004 774 1096 804 super
1106 763 1218 793 librum

438 816 476 845 (10
496 815 602 846 anima
620 819 653 846 et
674 826 766 856 super
780 815 893 845 librum
910 814 1105 845 Phisicorum
1121 818 1152 844 et
1168 825 1217 844 su—

437 877 493 908 per
508 867 547 897 de
566 877 656 897 sensu
672 870 704 897 et
720 870 844 897 sensato
860 870 892 897 et
909 877 999 907 super
1015 865 1053 895 de
1072 865 1218 895 memoria

437 923 470 949 et
488 917 729 954 reminiscentia,
744 920 777 948 ct
797 917 974 959 questiones
995 927 1088 957 super
1106 916 1218 946 librum

438 969 477 999 de
496 968 601 1000 anima
619 969 692 999 date
711 980 730 999 a
751 968 900 1010 magistro
915 968 937 998 J
940 968 1062 998 ohanne
1079 967 1117 998 (10
1134 967 1218 1008 Dyd-

437 1018 592 1049 neshale.”

352 1075 380 1106 6.
399 1074 592 1114 Quaestiones
614 1085 708 1116 super
728 1074 861 1115 primum
881 1074 992 1104 librum
1018 1074 1055 1103 (10
1078 1073 1217 1104 animali-

417 1125 484 1155 bus.
507 1124 558 1154 fol.
576 1124 643 1155 182.

461 1175 558 1217 Incip.
576 1180 594 1191 “
607 1174 755 1214 Queritur
771 1174 870 1216 primo
885 1174 923 1204 (10
938 1173 1179 1204 communibus?³

354 1236 382 1267 7.
400 1234 430 1265 S.
442 1234 571 1265 Thomae
588 1233 619 1263 in
634 1233 728 1263 libros
745 1232 967 1263 posteriorum.
992 1232 1041 1263 fol.
1061 1234 1126 1262 188.

461 1283 557 1325 Incip.
576 1288 594 1299 ⁴²
608 1283 695 1314 Sicut
712 1282 787 1313 dicit
803 1283 1019 1313 A1·ist0t-elcs.”

461 1335 565 1366 Desin.
585 1340 602 1351 ⁴⁴
616 1334 701 1365 Deus
716 1334 898 1365 benedictus
914 1334 945 1364 in
960 1334 1094 1364 secula.'’

686 1433 867 1467 CCCXII.

334 1497 455 1530 Codex
481 1496 773 1534 membranaceus,
801 1495 837 1528 in
865 1495 959 1535 folio,
986 1495 1123 1535 111325,
1153 1506 1218 1529 sec.

358 1555 427 1588 xiV.
442 1554 604 1593 1110011115,
620 1554 708 1587 binis
727 1552 896 1586 columnis
914 1553 1022 1586 nitide
1039 1559 1219 1593 exaratus3

359 1623 402 1645 ex
422 1611 513 1644 (10110
530 1610 629 1643 Will.
646 1609 749 1654 Gray.

377 1678 404 1706 1.
423 1676 453 1706 S.
465 1675 592 1705 Thomae
606 1674 775 1715 Aquinatis
791 1675 1030 1705 commentarius
1046 1686 1137 1716 super
1150 1675 1221 1705 Ari-

441 1726 562 1758 stotelis
577 1726 671 1756 libros
688 1725 893 1766 Physicorum
909 1730 990 1756 octo.
1013 1726 1064 1756 fol.
1081 1736 1107 1757 2.

487 1778 521 1807 ln
538 1777 630 1814 calce,
645 1782 662 1793 ⁴*
674 1776 811 1817 Explicit
828 1778 985 1808 sententia
1001 1788 1094 1818 super
1108 1778 1220 1808 librum

463 1829 658 1859 Phisicorum
679 1828 848 1858 secundum
868 1828 999 1859 fratrem
1015 1829 1167 1859 Theman]
1183 1829 1221 1859 de

462 1880 598 1921 Aquino,
615 1879 731 1909 ordinis
748 1879 1024 1910 Praedicatorum.”

379 1942 406 1970 2.
425 1939 547 1981 AEgidii
564 1939 696 1969 Romani
716 1939 871 1970 sententia
892 1950 985 1979 super
999 1939 1095 1970 libros
1114 1939 1152 1970 de
1170 1951 1221 1980 ge-

442 1991 603 2022 neratione
618 1994 650 2020 et
666 1990 873 2031 corruptione.
897 1990 948 2020 fol.
966 2001 1032 2031 109.

485 2041 582 2082 Incip.
602 2046 619 2057 “
633 2041 749 2071 Anima
765 2045 801 2071 ut
816 2046 953 2072 testatur
968 2041 1197 2082 philosophus?

487 2094 523 2123 In
538 2093 632 2131 calce,
646 2098 664 2109 “
676 2093 813 2133 Explicit
830 2093 988 2124 sentencia
1003 2104 1096 2134 super
1110 2093 1222 2124 librum

465 2144 645 2175 Aristotelis
661 2144 698 2174 (10
717 2144 918 2185 generatione
934 2149 965 2175 et
982 2144 1208 2185 corruptiones*

380 2202 408 2231 3.
430 2200 469 2230 In
491 2199 586 2230 libros
612 2199 651 2229 de
678 2199 756 2230 coelo
779 2203 810 2230 et
833 2200 948 2230 mundo
971 2200 1220 2236 commentarius,

444 2251 547 2292 quoad
567 2250 686 2291 priores
708 2250 769 2280 duo
790 2261 844 2291 per
860 2240 1013 2282 Thomam
1031 2253 1068 2282 (10
1085 2251 1222 2292 Aquino,

443 2301 546 2343 quoad
570 2301 758 2342 posteriores
781 2313 835 2343 per
856 2302 985 2333 Petrum
1009 2304 1046 2334 (10
1065 2303 1221 2339 Alvernia‚

444 2354 611 2384 confectus.
634 2353 686 2384 fol.
707 2354 775 2391 164.

487 2404 585 2445 Incip.
603 2410 620 2420 ⁴⁴
634 2403 720 2435 Sicut
736 2403 811 2434 dicit
826 2404 1059 2445 philosophus.”

486 2455 594 2486 Desin.
611 2460 628 2472 ²·
641 2466 700 2496 que
716 2455 816 2496 primo
832 2456 1028 2496 reperiuntur
1045 2457 1075 2486 in
1090 2457 1223 2498 corpori-

466 2508 524 2538 bus
551 2507 679 2548 primus,
704 2517 835 2548 quorum
862 2507 1004 2537 conditor
1030 2507 1147 2548 primus
1177 2512 1225 2538 est

466 2558 552 2589 Deus
569 2558 750 2588 benedictus
767 2557 798 2588 in
814 2548 916 2588 secula
932 2557 1131 2588 soculorum?

490 2610 526 2640 In
540 2609 631 2647 calce,
646 2613 664 2626 “
675 2607 713 2640 In
730 2609 788 2640 hoc
804 2609 977 2650 completur
993 2610 1146 2650 expositio
1161 2621 1224 2641 ma-

466 2661 555 2702 gistri
572 2660 660 2691 Petri
677 2661 715 2691 de
731 2660 879 2690 Alvernia
897 2660 929 2690 in
944 2660 1072 2691 tertium
1088 2665 1119 2692 et
1136 2672 1225 2702 quar-

466 2716 533 2742 tum
547 2711 603 2742 celi
619 2716 650 2742 et
667 2711 773 2742 mundi
788 2711 979 2748 Aristotelis,
992 2711 1045 2742 ubi
1061 2716 1226 2753 preventus

467 2767 567 2793 morte
597 2762 780 2794 venerabilis
813 2762 859 2792 vir
891 2762 989 2794 frater
1019 2763 1155 2794 Thomas
1188 2764 1227 2794 de

892 149 1196 185 CATALOGUS
1222 149 1458 185 CODICUM
1485 149 1595 184 MSS.

1377 248 1504 288 Aquino
1514 247 1626 284 omisit,
1638 247 1668 277 in
1678 257 1740 288 qua
1750 246 1890 288 quamvis
1901 258 1963 278 non
1973 252 2157 289 assequatur

1378 299 1586 330 intencionem
1607 298 1703 340 ipsius
1723 298 1866 339 aliqualis
1884 299 1945 330 erit
1959 299 2009 330 via
2024 299 2091 330 aliis
2110 311 2157 330 as-

1379 349 1528 389 sequendi
1543 349 1643 389 ipsam
1658 348 1706 379 vel
1721 349 1903 390 simpliciter
1917 349 1964 380 vel
1980 349 2011 380 in
2027 351 2145 391 parte.''

1294 406 1321 433 4.
1340 402 1490 443 Ejusdem
1507 403 1595 434 Petri
1616 403 1772 434 sententia
1794 414 1886 444 super
1905 404 2000 435 libros
2022 405 2159 436 Meteor-

1358 466 1456 485 orum.
1479 455 1530 485 fol.
1549 464 1609 490 240
1624 455 1652 485 b.

1402 506 1499 546 Incip.
1519 510 1536 522 ‘⁴
1551 505 1760 546 Philosophus
1775 506 1875 547 primo
1890 506 2108 548 phisieorum.”

1401 557 1507 588 Desin.
1526 561 1544 573 ‘⁴
1556 557 1732 598 diriguntur
1748 557 1860 595 omnia,
1878 558 1937 597 Qui
1957 562 2005 588 est
2022 559 2161 590 benedic-

1379 613 1430 639 tus
1446 607 1478 638 in
1494 607 1596 638 secula
1612 608 1804 643 seculorum;
1830 608 1962 639 Amen.”

1403 658 1439 688 111
1452 658 1544 694 calce,
1558 662 1575 674 “
1588 657 1724 698 Explicit
1741 658 1902 688 sentencia
1916 658 2058 699 magistri
2074 659 2161 689 Petri

1379 709 1417 739 de
1437 709 1586 739 Alvernia
1609 719 1701 750 super
1723 708 1809 739 libris
1831 709 2068 740 Metheororum
2090 710 2160 740 Ari-

1380 760 1528 791 stotelis.”

1620 838 1822 872 CCCXIII.

1273 901 1394 936 Codex
1420 900 1715 940 membranaceus,
1742 901 1777 933 111
1809 900 1903 940 folio,
1930 900 1966 934 ff.
1985 899 2067 940 262,
2095 911 2160 934 sec.

1297 960 1369 992 xiii.
1394 958 1565 996 exeuntis,
1590 958 1679 991 binis
1706 957 1877 992 columnis
1904 963 2088 998 exaratus3
2117 969 2161 992 ex

1297 1018 1389 1051 dono
1408 1017 1563 1061 ejusdem
1582 1015 1767 1049 Willelmi.

1316 1079 1342 1108 1.
1361 1077 1489 1108 Thomae
1506 1076 1676 1117 Aquinatis
1697 1075 1728 1106 in
1746 1075 1950 1117 Physicorum
1966 1075 2062 1106 libros
2081 1086 2162 1106 com-

1379 1127 1559 1158 mentarius.
1582 1127 1634 1158 fol.
1651 1137 1678 1157 2.

1422 1179 1459 1209 In
1475 1179 1566 1216 calce⁷
1585 1182 1602 1195 “
1616 1178 1754 1219 Explicit
1770 1178 1927 1210 sententia
1942 1189 2036 1220 super
2050 1178 2163 1209 librum

1401 1230 1597 1260 I'hisicorum
1619 1230 1788 1260 secundum
1808 1229 1939 1260 fratrem
1954 1229 2107 1260 Thomam
2125 1229 2163 1260 de

1401 1279 1529 1320 Aquino
1545 1279 1662 1310 ordinis
1679 1279 1946 1311 Predieatorum.”

1316 1332 1346 1362 2.
1364 1330 1513 1372 Ejusdem
1529 1342 1621 1372 super
1636 1331 1732 1361 libros
1747 1331 1786 1361 de
1801 1331 1915 1362 anima.
1938 1330 1991 1362 fol.
2006 1331 2054 1373 85.

1425 1382 1462 1412 In
1477 1382 1571 1419 calce,
1588 1386 1606 1398 “
1620 1381 1757 1423 Explicit
1773 1382 1929 1413 sententia
1939 1382 1967 1419 5⁵³
1988 1385 2047 1413 ete.

1424 1432 1573 1473 Sequitur
1588 1433 1702 1464 notitia
1717 1433 1756 1464 de
1771 1436 1875 1464 motus
1895 1433 2045 1474 principio
2064 1432 2095 1463 in
2110 1433 2161 1463 lib.

1402 1484 1432 1514 ii.
1450 1483 1544 1525 Phys.

1317 1537 1346 1566 3.
1364 1535 1489 1566 Notulae
1505 1536 1544 1566 (10
1565 1540 1707 1566 sensu-et
1726 1540 1852 1566 sensato
1868 1546 1887 1566 a
1902 1535 2053 1577 magistro
2070 1535 2109 1565 A.
2125 1535 2163 1566 de

1382 1588 1536 1618 Bocfelde.
1560 1587 1610 1618 fol.
1630 1597 1697 1628 130.

1425 1639 1523 1680 Incip.
1542 1643 1560 1656 “
1573 1639 1651 1670 Cum
1667 1638 1802 1670 intencio
1818 1638 1958 1679 phisici.”

1425 1690 1533 1721 Desin.
1552 1694 1569 1707 “
1583 1690 1642 1721 iste
1658 1690 1766 1721 totalis
1781 1689 1889 1720 liber.''

1319 1745 1346 1774 4.
1364 1743 1535 1783 Ejusdem?
1551 1746 1761 1773 commentum
1778 1752 1870 1783 super
1881 1742 1994 1772 librum
2006 1741 2044 1772 de
2056 1752 2163 1772 somno

1382 1798 1414 1825 et
1430 1793 1542 1835 vigilia.
1567 1793 1618 1823 fol.
1637 1803 1705 1833 143.

1425 1844 1522 1885 Incip.
1541 1844 1725 1883 “Quoniam
1746 1843 1877 1874 scientia
1892 1843 2012 1874 tradita
2031 1843 2063 1874 in
2084 1843 2162 1874 libro

1403 1896 1441 1926 de
1458 1906 1549 1926 sensu
1564 1899 1596 1926 et
1612 1899 1737 1926 sensato
1753 1898 1785 1925 et
1801 1895 1839 1926 de
1854 1894 2031 1925 memoria.''

1425 1945 1574 1986 Sequitur
1599 1945 1809 1987 fragmentum
1836 1945 2042 1986 quaestionum
2072 1957 2163 1987 super

1402 1996 1454 2026 lib.
1471 1996 1512 2026 xi.
1533 1996 1844 2037 Metaphysicorum;
1870 1996 1963 2038 incip.
1986 2001 2003 2014 ‘⁵
2017 1997 2164 2036 Queritur

1403 2047 1487 2078 circa
1502 2047 1639 2078 divinam
1655 2047 1853 2078 essentiam.”

1318 2100 1347 2128 5.
1365 2097 1413 2128 De
1432 2097 1633 2139 generatione
1649 2102 1681 2129 et
1697 2098 1896 2139 corruptione
1917 2099 2084 2129 secundum
2100 2109 2164 2129 ma-

1381 2149 1515 2190 gistrum
1532 2149 1569 2179 R.
1586 2149 1624 2179 de
1640 2149 1808 2180 Alburwic.
1833 2149 1884 2180 fol.
1901 2150 1968 2189 158.

1426 2200 1523 2241 Incip.
1537 2200 1639 2231 “Cum
1650 2201 1688 2230 de
1700 2211 1829 2241 corpore
1839 2200 1945 2231 mobili
1957 2200 2164 2242 simpliciterf*

1425 2251 1463 2281 In
1479 2251 1572 2288 calce,
1589 2255 1606 2268 ⁴⁶
1620 2251 1759 2292 Explicit
1776 2251 1932 2282 sententia
1948 2262 2040 2292 super
2052 2251 2165 2282 librum

1403 2302 1440 2332 de
1461 2303 1661 2343 generatione
1682 2303 1851 2333 secundum
1870 2303 2056 2345 magistrum
2072 2303 2108 2333 R.
2126 2303 2164 2333 de

1404 2353 1603 2395 Alburwyc.”

1319 2403 1348 2434 6.
1364 2403 1558 2443 Quaestiones
1568 2404 1707 2445 ejusdem
1717 2405 1876 2443 momenti,
1884 2409 2012 2436 auctore
2018 2405 2040 2435 J
2043 2405 2164 2436 ohanne

1384 2455 1422 2486 de
1439 2455 1573 2497 Sampis‚
1589 2456 1750 2497 magistro.
1775 2456 1827 2486 fol.
1843 2457 1900 2497 163
1914 2456 1943 2486 b.

1428 2507 1524 2549 Incip.
1546 2512 1563 2524 “
1577 2508 1658 2547 Quia
1679 2508 1842 2549 generacio
1865 2512 1897 2538 et
1919 2508 2080 2549 corrupcio
2102 2508 2164 2538 sint

1405 2562 1505 2596 actus,
1523 2563 1556 2589 et
1571 2558 1671 2589 omnis
1686 2563 1776 2590 actus
1791 2558 1831 2590 sit
1847 2558 1928 2589 circa
1943 2558 2139 2599 singularia.”

1321 2610 1349 2641 ’7.
1366 2608 1494 2640 Thomae
1511 2610 1680 2650 Aquinatis
1701 2609 1865 2641 sententiae
1886 2621 1978 2651 super
1997 2610 2092 2640 libros
2110 2609 2161 2640 xii.

1385 2660 1686 2702 Metaphysicorum.
1710 2661 1762 2691 fol.
1779 2671 1789 2691 1
1797 2662 1846 2702 65.

1427 2711 1524 2753 Incip.
1549 2713 1667 2744 “Sicut
1690 2713 1780 2744 docet
1801 2711 2008 2753 Philosophus
2030 2712 2062 2742 in
2081 2711 2161 2742 Poli-

1408 2762 1504 2794 ticis.”
