<?xml version="1.0" encoding="UTF-8"?>
<!DOCTYPE html PUBLIC "-//W3C//DTD XHTML 1.0 Transitional//EN"
    "http://www.w3.org/TR/xhtml1/DTD/xhtml1-transitional.dtd">
<html xmlns="http://www.w3.org/1999/xhtml" xml:lang="en" lang="en">
 <head>
  <title>
</title>
<meta http-equiv="Content-Type" content="text/html;charset=utf-8" />
  <meta name='ocr-system' content='tesseract 3.04.00' />
  <meta name='ocr-capabilities' content='ocr_page ocr_carea ocr_par ocr_line ocrx_word'/>
</head>
<body>
  <div class='ocr_page' id='page_1' title='image "./cataloguscodicum01coxeuoft_0224.png"; bbox 0 0 2254 3117; ppageno 0'>
   <div class='ocr_carea' id='block_1_1' title="bbox 342 152 385 183">
    <p class='ocr_par' dir='ltr' id='par_1_1' title="bbox 342 152 385 183">
     <span class='ocr_line' id='line_1_1' title="bbox 342 152 385 183; baseline -0.023 0"><span class='ocrx_word' id='word_1_1' title='bbox 342 152 385 183; x_wconf 67' lang='lat'>94</span> 
     </span>
    </p>
   </div>
   <div class='ocr_carea' id='block_1_2' title="bbox 898 145 1599 181">
    <p class='ocr_par' dir='ltr' id='par_1_2' title="bbox 898 145 1599 181">
     <span class='ocr_line' id='line_1_2' title="bbox 898 145 1599 181; baseline 0.001 -2"><span class='ocrx_word' id='word_1_2' title='bbox 898 145 1200 181; x_wconf 83' lang='lat' dir='ltr'>CATALOGUS</span> <span class='ocrx_word' id='word_1_3' title='bbox 1226 147 1461 181; x_wconf 89' lang='lat' dir='ltr'>CODICUM</span> <span class='ocrx_word' id='word_1_4' title='bbox 1490 146 1599 181; x_wconf 85' lang='lat' dir='ltr'>MSS.</span> 
     </span>
    </p>
   </div>
   <div class='ocr_carea' id='block_1_3' title="bbox 407 244 1228 286">
    <p class='ocr_par' dir='ltr' id='par_1_3' title="bbox 407 244 1228 286">
     <span class='ocr_line' id='line_1_3' title="bbox 407 244 1228 286; baseline -0.002 -8"><span class='ocrx_word' id='word_1_5' title='bbox 407 260 436 286; x_wconf 72' lang='lat' dir='ltr'>g.</span> <span class='ocrx_word' id='word_1_6' title='bbox 455 248 502 278; x_wconf 83' lang='lat' dir='ltr'>De</span> <span class='ocrx_word' id='word_1_7' title='bbox 529 247 558 277; x_wconf 83' lang='lat' dir='ltr'>S.</span> <span class='ocrx_word' id='word_1_8' title='bbox 576 245 740 277; x_wconf 73' lang='lat' dir='ltr'>Trinitatis</span> <span class='ocrx_word' id='word_1_9' title='bbox 767 245 888 276; x_wconf 83' lang='lat' dir='ltr'>unitate</span> <span class='ocrx_word' id='word_1_10' title='bbox 919 244 1091 286; x_wconf 86' lang='lat' dir='ltr'>disputatio</span> <span class='ocrx_word' id='word_1_11' title='bbox 1118 252 1228 277; x_wconf 83' lang='lat' dir='ltr'>contra</span> 
     </span>
    </p>
   </div>
   <div class='ocr_carea' id='block_1_4' title="bbox 475 296 973 389">
    <p class='ocr_par' dir='ltr' id='par_1_4' title="bbox 475 296 973 389">
     <span class='ocr_line' id='line_1_4' title="bbox 475 296 847 333; baseline -0.008 -4"><span class='ocrx_word' id='word_1_12' title='bbox 475 298 675 329; x_wconf 78' lang='lat' dir='ltr'>Fclieianuni.</span> <span class='ocrx_word' id='word_1_13' title='bbox 699 296 749 327; x_wconf 89' lang='lat' dir='ltr'>fol.</span> <span class='ocrx_word' id='word_1_14' title='bbox 763 297 802 333; x_wconf 87' lang='lat'>48</span> <span class='ocrx_word' id='word_1_15' title='bbox 816 296 847 327; x_wconf 91' lang='lat' dir='ltr'>b.</span> 
     </span>
     <span class='ocr_line' id='line_1_5' title="bbox 496 347 973 389; baseline -0.004 -10"><span class='ocrx_word' id='word_1_16' title='bbox 496 349 572 379; x_wconf 82' lang='lat' dir='ltr'>Ibid.</span> <span class='ocrx_word' id='word_1_17' title='bbox 590 353 664 379; x_wconf 85' lang='lat' dir='ltr'>tom.</span> <span class='ocrx_word' id='word_1_18' title='bbox 679 348 738 378; x_wconf 89' lang='lat' dir='ltr'>viii.</span> <span class='ocrx_word' id='word_1_19' title='bbox 756 348 840 388; x_wconf 80' lang='lat' dir='ltr'>App.</span> <span class='ocrx_word' id='word_1_20' title='bbox 856 347 910 378; x_wconf 89' lang='lat' dir='ltr'>col.</span> <span class='ocrx_word' id='word_1_21' title='bbox 922 357 973 389; x_wconf 82' lang='lat'>39.</span> 
     </span>
    </p>
   </div>
   <div class='ocr_carea' id='block_1_5' title="bbox 409 410 1226 872">
    <p class='ocr_par' dir='ltr' id='par_1_5' title="bbox 409 410 1226 872">
     <span class='ocr_line' id='line_1_6' title="bbox 409 410 964 451; baseline -0.002 -9"><span class='ocrx_word' id='word_1_22' title='bbox 409 413 438 442; x_wconf 84' lang='lat' dir='ltr'>h.</span> <span class='ocrx_word' id='word_1_23' title='bbox 458 412 565 442; x_wconf 80' lang='lat' dir='ltr'>Sermo</span> <span class='ocrx_word' id='word_1_24' title='bbox 581 411 781 442; x_wconf 86' lang='lat' dir='ltr'>Arianorum.</span> <span class='ocrx_word' id='word_1_25' title='bbox 804 410 855 441; x_wconf 90' lang='lat' dir='ltr'>fol.</span> <span class='ocrx_word' id='word_1_26' title='bbox 871 421 923 451; x_wconf 86' lang='lat'>54.</span> <span class='ocrx_word' id='word_1_27' title='bbox 935 411 964 441; x_wconf 89' lang='lat' dir='ltr'>b.</span> 
     </span>
     <span class='ocr_line' id='line_1_7' title="bbox 493 461 898 494; baseline -0.002 0"><span class='ocrx_word' id='word_1_28' title='bbox 493 463 572 494; x_wconf 93' lang='lat' dir='ltr'>Ibid.</span> <span class='ocrx_word' id='word_1_29' title='bbox 589 467 663 494; x_wconf 88' lang='lat' dir='ltr'>tom.</span> <span class='ocrx_word' id='word_1_30' title='bbox 679 462 738 493; x_wconf 92' lang='lat' dir='ltr'>viii.</span> <span class='ocrx_word' id='word_1_31' title='bbox 756 461 813 493; x_wconf 86' lang='lat' dir='ltr'>col.</span> <span class='ocrx_word' id='word_1_32' title='bbox 827 463 898 493; x_wconf 84' lang='lat'>621.</span> 
     </span>
     <span class='ocr_line' id='line_1_8' title="bbox 409 516 1204 558; baseline -0.001 -10"><span class='ocrx_word' id='word_1_33' title='bbox 409 519 427 549; x_wconf 85' lang='lat' dir='ltr'>i.</span> <span class='ocrx_word' id='word_1_34' title='bbox 448 518 541 548; x_wconf 86' lang='lat' dir='ltr'>Liber</span> <span class='ocrx_word' id='word_1_35' title='bbox 555 523 666 548; x_wconf 89' lang='lat' dir='ltr'>contra</span> <span class='ocrx_word' id='word_1_36' title='bbox 682 517 874 548; x_wconf 89' lang='lat' dir='ltr'>Arianorum</span> <span class='ocrx_word' id='word_1_37' title='bbox 890 516 1062 558; x_wconf 86' lang='lat' dir='ltr'>perfidiam.</span> <span class='ocrx_word' id='word_1_38' title='bbox 1085 517 1136 548; x_wconf 88' lang='lat' dir='ltr'>fol.</span> <span class='ocrx_word' id='word_1_39' title='bbox 1154 519 1204 558; x_wconf 86' lang='lat'>56.</span> 
     </span>
     <span class='ocr_line' id='line_1_9' title="bbox 495 568 902 609; baseline 0 -10"><span class='ocrx_word' id='word_1_40' title='bbox 495 569 574 599; x_wconf 89' lang='lat' dir='ltr'>Ibid.</span> <span class='ocrx_word' id='word_1_41' title='bbox 593 574 668 599; x_wconf 90' lang='lat' dir='ltr'>tom.</span> <span class='ocrx_word' id='word_1_42' title='bbox 682 568 744 599; x_wconf 89' lang='lat' dir='ltr'>viii.</span> <span class='ocrx_word' id='word_1_43' title='bbox 761 568 817 599; x_wconf 89' lang='lat' dir='ltr'>col.</span> <span class='ocrx_word' id='word_1_44' title='bbox 832 571 902 609; x_wconf 84' lang='lat'>625.</span> 
     </span>
     <span class='ocr_line' id='line_1_10' title="bbox 409 623 1226 665; baseline 0.001 -12"><span class='ocrx_word' id='word_1_45' title='bbox 409 624 437 653; x_wconf 89' lang='lat' dir='ltr'>k.</span> <span class='ocrx_word' id='word_1_46' title='bbox 455 624 573 654; x_wconf 78' lang='lat' dir='ltr'>Contra</span> <span class='ocrx_word' id='word_1_47' title='bbox 602 623 813 654; x_wconf 86' lang='lat' dir='ltr'>adversarium</span> <span class='ocrx_word' id='word_1_48' title='bbox 844 623 921 665; x_wconf 80' lang='lat' dir='ltr'>legis</span> <span class='ocrx_word' id='word_1_49' title='bbox 950 626 982 654; x_wconf 88' lang='lat' dir='ltr'>et</span> <span class='ocrx_word' id='word_1_50' title='bbox 1005 623 1226 665; x_wconf 87' lang='lat' dir='ltr'>prophetarum</span> 
     </span>
     <span class='ocr_line' id='line_1_11' title="bbox 473 675 808 712; baseline 0.003 -8"><span class='ocrx_word' id='word_1_51' title='bbox 473 675 542 705; x_wconf 86' lang='lat' dir='ltr'>libri</span> <span class='ocrx_word' id='word_1_52' title='bbox 558 675 629 705; x_wconf 91' lang='lat' dir='ltr'>duo.</span> <span class='ocrx_word' id='word_1_53' title='bbox 655 675 707 705; x_wconf 86' lang='lat' dir='ltr'>fol.</span> <span class='ocrx_word' id='word_1_54' title='bbox 726 676 766 712; x_wconf 85' lang='lat'>64</span> <span class='ocrx_word' id='word_1_55' title='bbox 779 675 808 705; x_wconf 94' lang='lat' dir='ltr'>b.</span> 
     </span>
     <span class='ocr_line' id='line_1_12' title="bbox 497 725 902 767; baseline 0 -11"><span class='ocrx_word' id='word_1_56' title='bbox 497 725 576 756; x_wconf 86' lang='lat' dir='ltr'>Ibid.</span> <span class='ocrx_word' id='word_1_57' title='bbox 594 729 669 756; x_wconf 89' lang='lat' dir='ltr'>tom.</span> <span class='ocrx_word' id='word_1_58' title='bbox 682 725 744 756; x_wconf 88' lang='lat' dir='ltr'>viii.</span> <span class='ocrx_word' id='word_1_59' title='bbox 762 726 819 756; x_wconf 89' lang='lat' dir='ltr'>col.</span> <span class='ocrx_word' id='word_1_60' title='bbox 831 735 902 767; x_wconf 87' lang='lat'>549.</span> 
     </span>
     <span class='ocr_line' id='line_1_13' title="bbox 409 779 1135 821; baseline 0.001 -11"><span class='ocrx_word' id='word_1_61' title='bbox 409 781 428 810; x_wconf 92' lang='grc'>1.</span> <span class='ocrx_word' id='word_1_62' title='bbox 447 780 494 811; x_wconf 82' lang='lat' dir='ltr'>De</span> <span class='ocrx_word' id='word_1_63' title='bbox 510 781 784 821; x_wconf 66' lang='lat' dir='ltr'>praedestinatione</span> <span class='ocrx_word' id='word_1_64' title='bbox 801 781 995 812; x_wconf 89' lang='lat' dir='ltr'>Sanctorum.</span> <span class='ocrx_word' id='word_1_65' title='bbox 1019 779 1069 811; x_wconf 85' lang='lat' dir='ltr'>fol.</span> <span class='ocrx_word' id='word_1_66' title='bbox 1088 782 1135 821; x_wconf 82' lang='lat'>85.</span> 
     </span>
     <span class='ocr_line' id='line_1_14' title="bbox 476 831 849 872; baseline 0 -11"><span class='ocrx_word' id='word_1_67' title='bbox 476 831 556 861; x_wconf 86' lang='lat' dir='ltr'>Ibid.</span> <span class='ocrx_word' id='word_1_68' title='bbox 574 836 647 862; x_wconf 89' lang='lat' dir='ltr'>tom.</span> <span class='ocrx_word' id='word_1_69' title='bbox 662 842 690 861; x_wconf 88' lang='lat' dir='ltr'>x.</span> <span class='ocrx_word' id='word_1_70' title='bbox 707 831 764 862; x_wconf 88' lang='lat' dir='ltr'>col.</span> <span class='ocrx_word' id='word_1_71' title='bbox 780 832 849 872; x_wconf 89' lang='lat'><strong>789.</strong></span> 
     </span>
    </p>
   </div>
   <div class='ocr_carea' id='block_1_6' title="bbox 410 886 1059 928">
    <p class='ocr_par' dir='ltr' id='par_1_6' title="bbox 410 886 1059 928">
     <span class='ocr_line' id='line_1_15' title="bbox 410 886 1059 928; baseline -0.003 -10"><span class='ocrx_word' id='word_1_72' title='bbox 410 898 448 918; x_wconf 88' lang='lat' dir='ltr'>m.</span> <span class='ocrx_word' id='word_1_73' title='bbox 467 887 516 917; x_wconf 82' lang='lat' dir='ltr'>Dc</span> <span class='ocrx_word' id='word_1_74' title='bbox 532 887 613 917; x_wconf 90' lang='lat' dir='ltr'>bono</span> <span class='ocrx_word' id='word_1_75' title='bbox 629 887 878 928; x_wconf 85' lang='lat' dir='ltr'>perseverantiae.</span> <span class='ocrx_word' id='word_1_76' title='bbox 902 886 954 917; x_wconf 87' lang='lat' dir='ltr'>fol.</span> <span class='ocrx_word' id='word_1_77' title='bbox 972 896 1013 926; x_wconf 86' lang='lat'>94</span> <span class='ocrx_word' id='word_1_78' title='bbox 1027 886 1059 916; x_wconf 87' lang='lat' dir='ltr'>b.</span> 
     </span>
    </p>
   </div>
   <div class='ocr_carea' id='block_1_7' title="bbox 495 937 1259 979">
    <p class='ocr_par' dir='ltr' id='par_1_7' title="bbox 495 937 1259 979">
     <span class='ocr_line' id='line_1_16' title="bbox 495 937 1259 979; baseline -0.004 -10"><span class='ocrx_word' id='word_1_79' title='bbox 495 939 556 969; x_wconf 89' lang='lat' dir='ltr'>Tit.</span> <span class='ocrx_word' id='word_1_80' title='bbox 572 942 589 955; x_wconf 81' lang='lat'>‘·</span> <span class='ocrx_word' id='word_1_81' title='bbox 603 938 740 979; x_wconf 80' lang='lat' dir='ltr'>Explicit</span> <span class='ocrx_word' id='word_1_82' title='bbox 756 938 834 969; x_wconf 84' lang='lat' dir='ltr'>liber</span> <span class='ocrx_word' id='word_1_83' title='bbox 848 938 966 979; x_wconf 89' lang='lat' dir='ltr'>primus</span> <span class='ocrx_word' id='word_1_84' title='bbox 982 938 1020 968; x_wconf 90' lang='lat' dir='ltr'>de</span> <span class='ocrx_word' id='word_1_85' title='bbox 1036 937 1226 978; x_wconf 86' lang='lat' dir='ltr'>predestina-</span> <span class='ocrx_word' id='word_1_86' title='bbox 1258 966 1259 979; x_wconf 17' lang='grc' dir='ltr'><strong>χ</strong></span> 
     </span>
    </p>
   </div>
   <div class='ocr_carea' id='block_1_8' title="bbox 473 988 1227 1122">
    <p class='ocr_par' dir='ltr' id='par_1_8' title="bbox 473 988 1227 1122">
     <span class='ocr_line' id='line_1_17' title="bbox 473 988 1227 1030; baseline -0.005 -10"><span class='ocrx_word' id='word_1_87' title='bbox 473 989 568 1020; x_wconf 89' lang='lat' dir='ltr'>tione.</span> <span class='ocrx_word' id='word_1_88' title='bbox 616 989 729 1030; x_wconf 77' lang='lat' dir='ltr'>Incipit</span> <span class='ocrx_word' id='word_1_89' title='bbox 748 988 827 1020; x_wconf 85' lang='lat' dir='ltr'>liber</span> <span class='ocrx_word' id='word_1_90' title='bbox 842 989 994 1020; x_wconf 90' lang='lat' dir='ltr'>secundus</span> <span class='ocrx_word' id='word_1_91' title='bbox 1009 989 1048 1019; x_wconf 86' lang='lat' dir='ltr'>de</span> <span class='ocrx_word' id='word_1_92' title='bbox 1063 988 1144 1018; x_wconf 90' lang='lat' dir='ltr'>bono</span> <span class='ocrx_word' id='word_1_93' title='bbox 1159 998 1227 1028; x_wconf 91' lang='lat' dir='ltr'>per-</span> 
     </span>
     <span class='ocr_line' id='line_1_18' title="bbox 473 1051 656 1071; baseline 0 -1"><span class='ocrx_word' id='word_1_94' title='bbox 473 1051 656 1071; x_wconf 78' lang='lat' dir='ltr'>severancle.</span> 
     </span>
     <span class='ocr_line' id='line_1_19' title="bbox 497 1090 878 1122; baseline -0.003 0"><span class='ocrx_word' id='word_1_95' title='bbox 497 1092 579 1122; x_wconf 87' lang='lat' dir='ltr'>Ibid.</span> <span class='ocrx_word' id='word_1_96' title='bbox 597 1096 672 1122; x_wconf 89' lang='lat' dir='ltr'>tom.</span> <span class='ocrx_word' id='word_1_97' title='bbox 687 1103 714 1121; x_wconf 86' lang='lat' dir='ltr'>x.</span> <span class='ocrx_word' id='word_1_98' title='bbox 733 1090 790 1122; x_wconf 91' lang='lat' dir='ltr'>col.</span> <span class='ocrx_word' id='word_1_99' title='bbox 808 1091 878 1122; x_wconf 86' lang='lat'>821.</span> 
     </span>
    </p>
   </div>
   <div class='ocr_carea' id='block_1_9' title="bbox 1256 295 1261 1034">
    <p class='ocr_par' dir='ltr' id='par_1_9' title="bbox 1256 295 1261 1034">
     <span class='ocr_line' id='line_1_20' title="bbox 1256 295 1261 1034; baseline 0 0"><span class='ocrx_word' id='word_1_100' title='bbox 1256 295 1261 1034; x_wconf 95' lang='lat' dir='ltr'> </span> 
     </span>
    </p>
   </div>
   <div class='ocr_carea' id='block_1_10' title="bbox 410 1153 1259 1197">
    <p class='ocr_par' dir='ltr' id='par_1_10' title="bbox 410 1153 1259 1197">
     <span class='ocr_line' id='line_1_21' title="bbox 410 1153 1259 1197; baseline -0.002 -11"><span class='ocrx_word' id='word_1_101' title='bbox 410 1167 438 1186; x_wconf 90' lang='lat' dir='ltr'>n.</span> <span class='ocrx_word' id='word_1_102' title='bbox 456 1156 504 1187; x_wconf 80' lang='lat' dir='ltr'>De</span> <span class='ocrx_word' id='word_1_103' title='bbox 528 1161 641 1187; x_wconf 83' lang='lat' dir='ltr'>natura</span> <span class='ocrx_word' id='word_1_104' title='bbox 666 1160 697 1187; x_wconf 88' lang='lat' dir='ltr'>et</span> <span class='ocrx_word' id='word_1_105' title='bbox 722 1155 840 1197; x_wconf 84' lang='lat' dir='ltr'>origine</span> <span class='ocrx_word' id='word_1_106' title='bbox 863 1155 974 1187; x_wconf 83' lang='lat' dir='ltr'>animae</span> <span class='ocrx_word' id='word_1_107' title='bbox 996 1155 1037 1186; x_wconf 85' lang='lat' dir='ltr'>ad</span> <span class='ocrx_word' id='word_1_108' title='bbox 1061 1155 1225 1185; x_wconf 80' lang='lat' dir='ltr'>Renatuin.</span> <span class='ocrx_word' id='word_1_109' title='bbox 1258 1153 1259 1163; x_wconf 66' lang='lat'>¹</span> 
     </span>
    </p>
   </div>
   <div class='ocr_carea' id='block_1_11' title="bbox 471 1208 868 1299">
    <p class='ocr_par' dir='ltr' id='par_1_11' title="bbox 471 1208 868 1299">
     <span class='ocr_line' id='line_1_22' title="bbox 471 1208 611 1248; baseline 0.007 -11"><span class='ocrx_word' id='word_1_110' title='bbox 471 1208 523 1238; x_wconf 85' lang='lat' dir='ltr'>fol.</span> <span class='ocrx_word' id='word_1_111' title='bbox 544 1217 611 1248; x_wconf 92' lang='lat'>107.</span> 
     </span>
     <span class='ocr_line' id='line_1_23' title="bbox 494 1258 868 1299; baseline -0.003 -10"><span class='ocrx_word' id='word_1_112' title='bbox 494 1259 574 1289; x_wconf 87' lang='lat' dir='ltr'>Ibid.</span> <span class='ocrx_word' id='word_1_113' title='bbox 592 1264 667 1289; x_wconf 88' lang='lat' dir='ltr'>tom.</span> <span class='ocrx_word' id='word_1_114' title='bbox 681 1269 710 1289; x_wconf 83' lang='lat' dir='ltr'>x.</span> <span class='ocrx_word' id='word_1_115' title='bbox 727 1258 785 1288; x_wconf 90' lang='lat' dir='ltr'>eol.</span> <span class='ocrx_word' id='word_1_116' title='bbox 796 1266 868 1299; x_wconf 84' lang='lat'>337.</span> 
     </span>
    </p>
   </div>
   <div class='ocr_carea' id='block_1_12' title="bbox 408 1320 1227 1464">
    <p class='ocr_par' dir='ltr' id='par_1_12' title="bbox 408 1320 1227 1464">
     <span class='ocr_line' id='line_1_24' title="bbox 408 1320 1227 1362; baseline -0.001 -11"><span class='ocrx_word' id='word_1_117' title='bbox 408 1334 435 1352; x_wconf 83' lang='lat' dir='ltr'>o.</span> <span class='ocrx_word' id='word_1_118' title='bbox 453 1322 504 1352; x_wconf 85' lang='lat' dir='ltr'>Ad</span> <span class='ocrx_word' id='word_1_119' title='bbox 532 1322 660 1352; x_wconf 79' lang='lat' dir='ltr'>Petrum</span> <span class='ocrx_word' id='word_1_120' title='bbox 687 1321 904 1362; x_wconf 85' lang='lat' dir='ltr'>presbyterum</span> <span class='ocrx_word' id='word_1_121' title='bbox 928 1320 1067 1362; x_wconf 79' lang='lat' dir='ltr'>epistola,</span> <span class='ocrx_word' id='word_1_122' title='bbox 1089 1320 1227 1361; x_wconf 87' lang='lat' dir='ltr'>ejusdcm</span> 
     </span>
     <span class='ocr_line' id='line_1_25' title="bbox 472 1373 794 1413; baseline -0.003 -10"><span class='ocrx_word' id='word_1_123' title='bbox 472 1373 632 1403; x_wconf 82' lang='lat' dir='ltr'>momenti.</span> <span class='ocrx_word' id='word_1_124' title='bbox 656 1373 708 1403; x_wconf 86' lang='lat' dir='ltr'>fol.</span> <span class='ocrx_word' id='word_1_125' title='bbox 724 1382 735 1402; x_wconf 94' lang='lat'>1</span> <span class='ocrx_word' id='word_1_126' title='bbox 747 1382 794 1413; x_wconf 81' lang='lat'>13.</span> 
     </span>
     <span class='ocr_line' id='line_1_26' title="bbox 494 1423 871 1464; baseline -0.003 -10"><span class='ocrx_word' id='word_1_127' title='bbox 494 1424 574 1455; x_wconf 92' lang='lat' dir='ltr'>Ibid.</span> <span class='ocrx_word' id='word_1_128' title='bbox 592 1429 710 1455; x_wconf 89' lang='lat' dir='ltr'>tom.x.</span> <span class='ocrx_word' id='word_1_129' title='bbox 727 1423 783 1454; x_wconf 88' lang='lat' dir='ltr'>col.</span> <span class='ocrx_word' id='word_1_130' title='bbox 798 1433 871 1464; x_wconf 84' lang='lat'>357.</span> 
     </span>
    </p>
   </div>
   <div class='ocr_carea' id='block_1_13' title="bbox 408 1486 1259 1529">
    <p class='ocr_par' dir='ltr' id='par_1_13' title="bbox 408 1486 1259 1529">
     <span class='ocr_line' id='line_1_27' title="bbox 408 1486 1259 1529; baseline 0.001 -11"><span class='ocrx_word' id='word_1_131' title='bbox 408 1501 436 1529; x_wconf 88' lang='lat' dir='ltr'>p.</span> <span class='ocrx_word' id='word_1_132' title='bbox 455 1489 502 1519; x_wconf 83' lang='lat' dir='ltr'>Ad</span> <span class='ocrx_word' id='word_1_133' title='bbox 530 1488 729 1519; x_wconf 85' lang='lat' dir='ltr'>Vincentium</span> <span class='ocrx_word' id='word_1_134' title='bbox 757 1487 919 1519; x_wconf 83' lang='lat' dir='ltr'>Victorem</span> <span class='ocrx_word' id='word_1_135' title='bbox 946 1486 1016 1517; x_wconf 90' lang='lat' dir='ltr'>libri</span> <span class='ocrx_word' id='word_1_136' title='bbox 1047 1487 1117 1522; x_wconf 73' lang='lat' dir='ltr'>duo.</span> <span class='ocrx_word' id='word_1_137' title='bbox 1145 1487 1227 1517; x_wconf 87' lang='lat' dir='ltr'>unde</span> <span class='ocrx_word' id='word_1_138' title='bbox 1258 1501 1259 1519; x_wconf 60' lang='grc' dir='ltr'>ι</span> 
     </span>
    </p>
   </div>
   <div class='ocr_carea' id='block_1_14' title="bbox 472 1539 874 1631">
    <p class='ocr_par' dir='ltr' id='par_1_14' title="bbox 472 1539 874 1631">
     <span class='ocr_line' id='line_1_28' title="bbox 472 1539 772 1580; baseline -0.003 -10"><span class='ocrx_word' id='word_1_139' title='bbox 472 1551 575 1580; x_wconf 81' lang='lat' dir='ltr'>supra.</span> <span class='ocrx_word' id='word_1_140' title='bbox 600 1540 650 1570; x_wconf 86' lang='lat' dir='ltr'>sol.</span> <span class='ocrx_word' id='word_1_141' title='bbox 671 1549 727 1579; x_wconf 91' lang='lat'>117</span> <span class='ocrx_word' id='word_1_142' title='bbox 742 1539 772 1570; x_wconf 95' lang='lat' dir='ltr'>b.</span> 
     </span>
     <span class='ocr_line' id='line_1_29' title="bbox 496 1591 874 1631; baseline -0.003 -10"><span class='ocrx_word' id='word_1_143' title='bbox 496 1591 577 1622; x_wconf 88' lang='lat' dir='ltr'>Ibid.</span> <span class='ocrx_word' id='word_1_144' title='bbox 593 1596 670 1622; x_wconf 91' lang='lat' dir='ltr'>tom.</span> <span class='ocrx_word' id='word_1_145' title='bbox 684 1602 714 1621; x_wconf 85' lang='lat' dir='ltr'>x.</span> <span class='ocrx_word' id='word_1_146' title='bbox 731 1591 788 1621; x_wconf 89' lang='lat' dir='ltr'>col.</span> <span class='ocrx_word' id='word_1_147' title='bbox 801 1599 874 1631; x_wconf 82' lang='lat'>373.</span> 
     </span>
    </p>
   </div>
   <div class='ocr_carea' id='block_1_15' title="bbox 409 1652 1225 1695">
    <p class='ocr_par' dir='ltr' id='par_1_15' title="bbox 409 1652 1225 1695">
     <span class='ocr_line' id='line_1_30' title="bbox 409 1652 1225 1695; baseline 0.001 -12"><span class='ocrx_word' id='word_1_148' title='bbox 409 1666 436 1695; x_wconf 81' lang='lat' dir='ltr'>q.</span> <span class='ocrx_word' id='word_1_149' title='bbox 456 1654 598 1695; x_wconf 84' lang='lat' dir='ltr'>Epistola</span> <span class='ocrx_word' id='word_1_150' title='bbox 619 1653 826 1693; x_wconf 73' lang='lat' dir='ltr'>Quodvultdei</span> <span class='ocrx_word' id='word_1_151' title='bbox 849 1652 970 1684; x_wconf 88' lang='lat' dir='ltr'>diaconi</span> <span class='ocrx_word' id='word_1_152' title='bbox 989 1653 1029 1683; x_wconf 91' lang='lat' dir='ltr'>ad</span> <span class='ocrx_word' id='word_1_153' title='bbox 1053 1652 1083 1683; x_wconf 87' lang='lat' dir='ltr'>S.</span> <span class='ocrx_word' id='word_1_154' title='bbox 1103 1654 1225 1694; x_wconf 83' lang='lat' dir='ltr'>Augus-</span> 
     </span>
    </p>
   </div>
   <div class='ocr_carea' id='block_1_16' title="bbox 471 1704 1258 1747">
    <p class='ocr_par' dir='ltr' id='par_1_16' title="bbox 471 1704 1258 1747">
     <span class='ocr_line' id='line_1_31' title="bbox 471 1704 1258 1747; baseline 0 -12"><span class='ocrx_word' id='word_1_155' title='bbox 471 1705 570 1736; x_wconf 89' lang='lat' dir='ltr'>tinum</span> <span class='ocrx_word' id='word_1_156' title='bbox 581 1717 650 1736; x_wconf 83' lang='lat' dir='ltr'>cum</span> <span class='ocrx_word' id='word_1_157' title='bbox 662 1705 827 1747; x_wconf 79' lang='lat' dir='ltr'>Augustini</span> <span class='ocrx_word' id='word_1_158' title='bbox 838 1704 1046 1747; x_wconf 81' lang='lat' dir='ltr'>responsione.</span> <span class='ocrx_word' id='word_1_159' title='bbox 1063 1706 1115 1736; x_wconf 86' lang='lat' dir='ltr'>fol.</span> <span class='ocrx_word' id='word_1_160' title='bbox 1133 1716 1187 1736; x_wconf 84' lang='lat'>122</span> <span class='ocrx_word' id='word_1_161' title='bbox 1196 1707 1224 1737; x_wconf 91' lang='lat' dir='ltr'>b.</span> <span class='ocrx_word' id='word_1_162' title='bbox 1257 1706 1258 1735; x_wconf 73' lang='lat' dir='ltr'>i</span> 
     </span>
    </p>
   </div>
   <div class='ocr_carea' id='block_1_17' title="bbox 494 1756 869 1787">
    <p class='ocr_par' dir='ltr' id='par_1_17' title="bbox 494 1756 869 1787">
     <span class='ocr_line' id='line_1_32' title="bbox 494 1756 869 1787; baseline 0 0"><span class='ocrx_word' id='word_1_163' title='bbox 494 1756 572 1787; x_wconf 86' lang='lat' dir='ltr'>Ibid.</span> <span class='ocrx_word' id='word_1_164' title='bbox 592 1761 666 1787; x_wconf 87' lang='lat' dir='ltr'>tom.</span> <span class='ocrx_word' id='word_1_165' title='bbox 683 1757 712 1787; x_wconf 90' lang='lat' dir='ltr'>ii.</span> <span class='ocrx_word' id='word_1_166' title='bbox 729 1757 785 1787; x_wconf 91' lang='lat' dir='ltr'>eol.</span> <span class='ocrx_word' id='word_1_167' title='bbox 800 1757 869 1787; x_wconf 86' lang='lat'>816.</span> 
     </span>
    </p>
   </div>
   <div class='ocr_carea' id='block_1_18' title="bbox 394 1823 1225 1865">
    <p class='ocr_par' dir='ltr' id='par_1_18' title="bbox 394 1823 1225 1865">
     <span class='ocr_line' id='line_1_33' title="bbox 394 1823 1225 1865; baseline 0.002 -12"><span class='ocrx_word' id='word_1_168' title='bbox 394 1826 414 1853; x_wconf 72' lang='lat'>¹.</span> <span class='ocrx_word' id='word_1_169' title='bbox 433 1824 464 1854; x_wconf 97' lang='lat' dir='ltr'>S.</span> <span class='ocrx_word' id='word_1_170' title='bbox 477 1825 503 1853; x_wconf 84' lang='grc' dir='ltr'>Α</span> <span class='ocrx_word' id='word_1_171' title='bbox 510 1823 626 1860; x_wconf 79' lang='lat' dir='ltr'>nselmi,</span> <span class='ocrx_word' id='word_1_172' title='bbox 640 1823 861 1865; x_wconf 85' lang='lat' dir='ltr'>archiepiscopi</span> <span class='ocrx_word' id='word_1_173' title='bbox 875 1824 1118 1859; x_wconf 73' lang='lat' dir='ltr'>cantuariensis,</span> <span class='ocrx_word' id='word_1_174' title='bbox 1133 1825 1225 1855; x_wconf 83' lang='lat' dir='ltr'>medi-</span> 
     </span>
    </p>
   </div>
   <div class='ocr_carea' id='block_1_19' title="bbox 450 1875 1226 2069">
    <p class='ocr_par' dir='ltr' id='par_1_19' title="bbox 450 1875 1226 2069">
     <span class='ocr_line' id='line_1_34' title="bbox 450 1875 703 1916; baseline 0 -11"><span class='ocrx_word' id='word_1_175' title='bbox 450 1875 539 1905; x_wconf 86' lang='lat' dir='ltr'>tatio.</span> <span class='ocrx_word' id='word_1_176' title='bbox 564 1875 615 1905; x_wconf 85' lang='lat' dir='ltr'>fol.</span> <span class='ocrx_word' id='word_1_177' title='bbox 640 1885 703 1916; x_wconf 77' lang='lat'>132.</span> 
     </span>
     <span class='ocr_line' id='line_1_35' title="bbox 494 1925 1226 1968; baseline 0.004 -13"><span class='ocrx_word' id='word_1_178' title='bbox 494 1925 588 1967; x_wconf 89' lang='lat' dir='ltr'>Incip.</span> <span class='ocrx_word' id='word_1_179' title='bbox 607 1931 624 1942; x_wconf 86' lang='grc'>“</span> <span class='ocrx_word' id='word_1_180' title='bbox 639 1926 755 1957; x_wconf 85' lang='lat' dir='ltr'>Anima</span> <span class='ocrx_word' id='word_1_181' title='bbox 774 1926 944 1957; x_wconf 84' lang='lat' dir='ltr'>christiana</span> <span class='ocrx_word' id='word_1_182' title='bbox 967 1927 1005 1958; x_wconf 87' lang='lat' dir='ltr'>de</span> <span class='ocrx_word' id='word_1_183' title='bbox 1023 1928 1109 1968; x_wconf 79' lang='lat' dir='ltr'>gravi</span> <span class='ocrx_word' id='word_1_184' title='bbox 1126 1933 1226 1959; x_wconf 85' lang='lat' dir='ltr'>morte</span> 
     </span>
     <span class='ocr_line' id='line_1_36' title="bbox 472 1978 1223 2019; baseline 0.004 -12"><span class='ocrx_word' id='word_1_185' title='bbox 472 1978 697 2013; x_wconf 70' lang='lat' dir='ltr'>1·ecuseitata;&#39;&#39;</span> <span class='ocrx_word' id='word_1_186' title='bbox 734 1982 769 2008; x_wconf 90' lang='lat' dir='ltr'>ut</span> <span class='ocrx_word' id='word_1_187' title='bbox 800 1978 881 2009; x_wconf 83' lang='lat' dir='ltr'>inter</span> <span class='ocrx_word' id='word_1_188' title='bbox 909 1989 1014 2019; x_wconf 83' lang='lat' dir='ltr'>opera,</span> <span class='ocrx_word' id='word_1_189' title='bbox 1044 1979 1091 2009; x_wconf 67' lang='lat' dir='ltr'>cd.</span> <span class='ocrx_word' id='word_1_190' title='bbox 1124 1980 1223 2010; x_wconf 89' lang='lat' dir='ltr'>Paris.</span> 
     </span>
     <span class='ocr_line' id='line_1_37' title="bbox 476 2037 697 2069; baseline 0.005 -11"><span class='ocrx_word' id='word_1_191' title='bbox 476 2037 566 2067; x_wconf 78' lang='lat'>1721,</span> <span class='ocrx_word' id='word_1_192' title='bbox 583 2040 612 2069; x_wconf 91' lang='lat' dir='ltr'>p.</span> <span class='ocrx_word' id='word_1_193' title='bbox 629 2038 697 2059; x_wconf 79' lang='lat'>221.</span> 
     </span>
    </p>
   </div>
   <div class='ocr_carea' id='block_1_20' title="bbox 387 2096 1223 2139">
    <p class='ocr_par' dir='ltr' id='par_1_20' title="bbox 387 2096 1223 2139">
     <span class='ocr_line' id='line_1_38' title="bbox 387 2096 1223 2139; baseline 0.005 -15"><span class='ocrx_word' id='word_1_194' title='bbox 387 2098 414 2125; x_wconf 73' lang='lat'>23.</span> <span class='ocrx_word' id='word_1_195' title='bbox 441 2096 584 2137; x_wconf 77' lang='lat' dir='ltr'>Hugonis</span> <span class='ocrx_word' id='word_1_196' title='bbox 609 2097 646 2126; x_wconf 88' lang='grc'>(16</span> <span class='ocrx_word' id='word_1_197' title='bbox 671 2096 700 2127; x_wconf 90' lang='lat' dir='ltr'>S.</span> <span class='ocrx_word' id='word_1_198' title='bbox 716 2096 845 2127; x_wconf 84' lang='lat' dir='ltr'>Victore</span> <span class='ocrx_word' id='word_1_199' title='bbox 868 2097 898 2127; x_wconf 92' lang='lat' dir='ltr'>in</span> <span class='ocrx_word' id='word_1_200' title='bbox 922 2098 1062 2138; x_wconf 74' lang='lat' dir='ltr'>Dionysii</span> <span class='ocrx_word' id='word_1_201' title='bbox 1081 2100 1223 2139; x_wconf 80' lang='lat' dir='ltr'>Areopa-</span> 
     </span>
    </p>
   </div>
   <div class='ocr_carea' id='block_1_21' title="bbox 447 2147 1224 2343">
    <p class='ocr_par' dir='ltr' id='par_1_21' title="bbox 447 2147 1224 2343">
     <span class='ocr_line' id='line_1_39' title="bbox 447 2147 1224 2188; baseline 0.004 -11"><span class='ocrx_word' id='word_1_202' title='bbox 447 2148 521 2188; x_wconf 73' lang='lat' dir='ltr'>gitae</span> <span class='ocrx_word' id='word_1_203' title='bbox 556 2147 708 2178; x_wconf 69' lang='lat' dir='ltr'>ezrlestem</span> <span class='ocrx_word' id='word_1_204' title='bbox 739 2147 945 2179; x_wconf 77' lang='lat' dir='ltr'>hierarchiam</span> <span class='ocrx_word' id='word_1_205' title='bbox 975 2150 1224 2180; x_wconf 73' lang='lat' dir='ltr'>commentarius.</span> 
     </span>
     <span class='ocr_line' id='line_1_40' title="bbox 449 2199 589 2239; baseline 0.007 -11"><span class='ocrx_word' id='word_1_206' title='bbox 449 2199 499 2228; x_wconf 78' lang='lat' dir='ltr'>fol.</span> <span class='ocrx_word' id='word_1_207' title='bbox 522 2209 529 2228; x_wconf 85' lang='lat'>1</span> <span class='ocrx_word' id='word_1_208' title='bbox 538 2208 589 2239; x_wconf 74' lang='lat'>33.</span> 
     </span>
     <span class='ocr_line' id='line_1_41' title="bbox 493 2247 1177 2293; baseline 0.004 -13"><span class='ocrx_word' id='word_1_209' title='bbox 493 2251 611 2281; x_wconf 80' lang='lat' dir='ltr'>Exstat</span> <span class='ocrx_word' id='word_1_210' title='bbox 626 2249 764 2291; x_wconf 87' lang='lat' dir='ltr'>impress.</span> <span class='ocrx_word' id='word_1_211' title='bbox 780 2251 862 2282; x_wconf 88' lang='lat' dir='ltr'>inter</span> <span class='ocrx_word' id='word_1_212' title='bbox 877 2262 982 2293; x_wconf 84' lang='lat' dir='ltr'>opera,</span> <span class='ocrx_word' id='word_1_213' title='bbox 998 2247 1045 2283; x_wconf 73' lang='lat' dir='ltr'>ed.</span> <span class='ocrx_word' id='word_1_214' title='bbox 1064 2252 1177 2283; x_wconf 86' lang='lat' dir='ltr'>Venet.</span> 
     </span>
     <span class='ocr_line' id='line_1_42' title="bbox 469 2302 736 2343; baseline 0 -11"><span class='ocrx_word' id='word_1_215' title='bbox 469 2306 544 2332; x_wconf 85' lang='lat' dir='ltr'>tom.</span> <span class='ocrx_word' id='word_1_216' title='bbox 563 2302 583 2332; x_wconf 93' lang='lat' dir='ltr'>i.</span> <span class='ocrx_word' id='word_1_217' title='bbox 600 2302 652 2333; x_wconf 79' lang='lat' dir='ltr'>fol.</span> <span class='ocrx_word' id='word_1_218' title='bbox 668 2303 736 2343; x_wconf 82' lang='lat'>238.</span> 
     </span>
    </p>
   </div>
   <div class='ocr_carea' id='block_1_22' title="bbox 386 2369 1225 2412">
    <p class='ocr_par' dir='ltr' id='par_1_22' title="bbox 386 2369 1225 2412">
     <span class='ocr_line' id='line_1_43' title="bbox 386 2369 1225 2412; baseline 0.004 -14"><span class='ocrx_word' id='word_1_219' title='bbox 386 2371 414 2399; x_wconf 66' lang='lat'>4.</span> <span class='ocrx_word' id='word_1_220' title='bbox 433 2369 550 2410; x_wconf 78' lang='lat' dir='ltr'>AEgidii</span> <span class='ocrx_word' id='word_1_221' title='bbox 574 2369 612 2400; x_wconf 87' lang='lat' dir='ltr'>de</span> <span class='ocrx_word' id='word_1_222' title='bbox 635 2369 792 2407; x_wconf 79' lang='lat' dir='ltr'>Columna,</span> <span class='ocrx_word' id='word_1_223' title='bbox 816 2370 957 2407; x_wconf 71' lang='lat' dir='ltr'>Romani,</span> <span class='ocrx_word' id='word_1_224' title='bbox 975 2371 1041 2401; x_wconf 91' lang='lat' dir='ltr'>ord.</span> <span class='ocrx_word' id='word_1_225' title='bbox 1059 2371 1089 2401; x_wconf 91' lang='lat' dir='ltr'>S.</span> <span class='ocrx_word' id='word_1_226' title='bbox 1103 2371 1225 2412; x_wconf 84' lang='lat' dir='ltr'>Augus-</span> 
     </span>
    </p>
   </div>
   <div class='ocr_carea' id='block_1_23' title="bbox 448 2421 1226 2819">
    <p class='ocr_par' dir='ltr' id='par_1_23' title="bbox 448 2421 1226 2819">
     <span class='ocr_line' id='line_1_44' title="bbox 448 2421 1223 2464; baseline 0.004 -14"><span class='ocrx_word' id='word_1_227' title='bbox 448 2421 515 2456; x_wconf 76' lang='lat' dir='ltr'>tini.</span> <span class='ocrx_word' id='word_1_228' title='bbox 537 2421 614 2451; x_wconf 89' lang='lat' dir='ltr'>liber</span> <span class='ocrx_word' id='word_1_229' title='bbox 637 2421 675 2451; x_wconf 87' lang='lat' dir='ltr'>de</span> <span class='ocrx_word' id='word_1_230' title='bbox 699 2422 902 2453; x_wconf 85' lang='lat' dir='ltr'>Sacramento</span> <span class='ocrx_word' id='word_1_231' title='bbox 925 2422 1072 2464; x_wconf 81' lang='lat' dir='ltr'>Corporis</span> <span class='ocrx_word' id='word_1_232' title='bbox 1098 2422 1223 2459; x_wconf 77' lang='lat' dir='ltr'>Christi,</span> 
     </span>
     <span class='ocr_line' id='line_1_45' title="bbox 448 2472 834 2514; baseline 0.005 -12"><span class='ocrx_word' id='word_1_233' title='bbox 448 2483 518 2502; x_wconf 89' lang='lat' dir='ltr'>cum</span> <span class='ocrx_word' id='word_1_234' title='bbox 533 2472 670 2513; x_wconf 83' lang='lat' dir='ltr'>prologo.</span> <span class='ocrx_word' id='word_1_235' title='bbox 694 2472 746 2503; x_wconf 87' lang='lat' dir='ltr'>fol.</span> <span class='ocrx_word' id='word_1_236' title='bbox 767 2474 834 2514; x_wconf 82' lang='lat'>198.</span> 
     </span>
     <span class='ocr_line' id='line_1_46' title="bbox 492 2522 1224 2565; baseline 0.004 -12"><span class='ocrx_word' id='word_1_237' title='bbox 492 2522 610 2554; x_wconf 81' lang='lat' dir='ltr'>Exstat</span> <span class='ocrx_word' id='word_1_238' title='bbox 635 2523 775 2565; x_wconf 85' lang='lat' dir='ltr'>impress.</span> <span class='ocrx_word' id='word_1_239' title='bbox 800 2525 831 2555; x_wconf 93' lang='lat' dir='ltr'>in</span> <span class='ocrx_word' id='word_1_240' title='bbox 853 2525 936 2556; x_wconf 77' lang='lat' dir='ltr'>calco</span> <span class='ocrx_word' id='word_1_241' title='bbox 956 2525 1224 2565; x_wconf 86' lang='lat' dir='ltr'>Quodlibetorum,</span> 
     </span>
     <span class='ocr_line' id='line_1_47' title="bbox 470 2574 695 2615; baseline 0.013 -12"><span class='ocrx_word' id='word_1_242' title='bbox 470 2574 584 2605; x_wconf 75' lang='lat' dir='ltr'>Venet.</span> <span class='ocrx_word' id='word_1_243' title='bbox 605 2585 695 2615; x_wconf 72' lang='lat'>³504.</span> 
     </span>
     <span class='ocr_line' id='line_1_48' title="bbox 493 2625 1225 2669; baseline 0.005 -14"><span class='ocrx_word' id='word_1_244' title='bbox 493 2625 529 2655; x_wconf 87' lang='lat' dir='ltr'>ln</span> <span class='ocrx_word' id='word_1_245' title='bbox 550 2626 641 2663; x_wconf 79' lang='lat' dir='ltr'>ealce,</span> <span class='ocrx_word' id='word_1_246' title='bbox 660 2631 677 2643; x_wconf 83' lang='grc'>“</span> <span class='ocrx_word' id='word_1_247' title='bbox 692 2627 829 2668; x_wconf 78' lang='lat' dir='ltr'>Explicit</span> <span class='ocrx_word' id='word_1_248' title='bbox 852 2632 1010 2659; x_wconf 86' lang='lat' dir='ltr'>tractatus</span> <span class='ocrx_word' id='word_1_249' title='bbox 1034 2628 1072 2659; x_wconf 86' lang='grc'>(16</span> <span class='ocrx_word' id='word_1_250' title='bbox 1097 2639 1225 2669; x_wconf 82' lang='lat' dir='ltr'>corpore</span> 
     </span>
     <span class='ocr_line' id='line_1_49' title="bbox 469 2676 1226 2721; baseline 0.007 -16"><span class='ocrx_word' id='word_1_251' title='bbox 469 2676 584 2707; x_wconf 80' lang='lat' dir='ltr'>Christi</span> <span class='ocrx_word' id='word_1_252' title='bbox 603 2678 705 2708; x_wconf 86' lang='lat' dir='ltr'>editus</span> <span class='ocrx_word' id='word_1_253' title='bbox 720 2690 739 2709; x_wconf 85' lang='lat' dir='ltr'>a</span> <span class='ocrx_word' id='word_1_254' title='bbox 754 2679 852 2710; x_wconf 82' lang='lat' dir='ltr'>fratre</span> <span class='ocrx_word' id='word_1_255' title='bbox 868 2679 981 2721; x_wconf 86' lang='lat' dir='ltr'>Egidio</span> <span class='ocrx_word' id='word_1_256' title='bbox 997 2680 1148 2715; x_wconf 74' lang='lat' dir='ltr'>Romano,</span> <span class='ocrx_word' id='word_1_257' title='bbox 1165 2679 1226 2710; x_wconf 80' lang='lat' dir='ltr'>fra·</span> 
     </span>
     <span class='ocr_line' id='line_1_50' title="bbox 470 2728 1224 2772; baseline 0.005 -16"><span class='ocrx_word' id='word_1_258' title='bbox 470 2731 553 2757; x_wconf 88' lang='lat' dir='ltr'>trum</span> <span class='ocrx_word' id='word_1_259' title='bbox 564 2728 784 2760; x_wconf 80' lang='lat' dir='ltr'>heremitarum</span> <span class='ocrx_word' id='word_1_260' title='bbox 795 2730 912 2762; x_wconf 85' lang='lat' dir='ltr'>ordinis</span> <span class='ocrx_word' id='word_1_261' title='bbox 922 2731 1029 2762; x_wconf 83' lang='lat' dir='ltr'>Sancti</span> <span class='ocrx_word' id='word_1_262' title='bbox 1037 2730 1224 2772; x_wconf 83' lang='lat' dir='ltr'>Augustini;</span> 
     </span>
     <span class='ocr_line' id='line_1_51' title="bbox 472 2776 703 2819; baseline 0.026 -14"><span class='ocrx_word' id='word_1_263' title='bbox 472 2776 540 2808; x_wconf 86' lang='lat' dir='ltr'>Deo</span> <span class='ocrx_word' id='word_1_264' title='bbox 556 2779 703 2819; x_wconf 59' lang='lat' dir='ltr'>grati-„133³</span> 
     </span>
    </p>
   </div>
   <div class='ocr_carea' id='block_1_24' title="bbox 1257 1547 1259 1778">
    <p class='ocr_par' dir='ltr' id='par_1_24' title="bbox 1257 1547 1259 1778">
     <span class='ocr_line' id='line_1_52' title="bbox 1257 1547 1259 1561; baseline 0 0"><span class='ocrx_word' id='word_1_265' title='bbox 1257 1547 1259 1561; x_wconf 67' lang='lat'><em>2</em></span> 
     </span>
     <span class='ocr_line' id='line_1_53' title="bbox 1257 1576 1259 1623; baseline 0 0"><span class='ocrx_word' id='word_1_266' title='bbox 1257 1576 1259 1623; x_wconf 72' lang='grc' dir='ltr'>ἔ</span> 
     </span>
     <span class='ocr_line' id='line_1_54' title="bbox 1257 1762 1258 1778; baseline 0 0"><span class='ocrx_word' id='word_1_267' title='bbox 1257 1762 1258 1778; x_wconf 76' lang='lat' dir='ltr'>i</span> 
     </span>
    </p>
   </div>
   <div class='ocr_carea' id='block_1_25' title="bbox 1322 243 2162 285">
    <p class='ocr_par' dir='ltr' id='par_1_25' title="bbox 1322 243 2162 285">
     <span class='ocr_line' id='line_1_55' title="bbox 1322 243 2162 285; baseline 0.002 -10"><span class='ocrx_word' id='word_1_268' title='bbox 1322 246 1351 275; x_wconf 91' lang='lat'>5.</span> <span class='ocrx_word' id='word_1_269' title='bbox 1369 243 1527 284; x_wconf 88' lang='lat' dir='ltr'>Anonymi</span> <span class='ocrx_word' id='word_1_270' title='bbox 1542 243 1702 285; x_wconf 87' lang='lat' dir='ltr'>cujusdam</span> <span class='ocrx_word' id='word_1_271' title='bbox 1717 243 1756 274; x_wconf 88' lang='lat' dir='ltr'>de</span> <span class='ocrx_word' id='word_1_272' title='bbox 1776 244 1998 285; x_wconf 86' lang='lat' dir='ltr'>compositione</span> <span class='ocrx_word' id='word_1_273' title='bbox 2019 245 2162 277; x_wconf 87' lang='lat' dir='ltr'>chilindri</span> 
     </span>
    </p>
   </div>
   <div class='ocr_carea' id='block_1_26' title="bbox 1365 294 2163 538">
    <p class='ocr_par' dir='ltr' id='par_1_26' title="bbox 1365 294 2163 538">
     <span class='ocr_line' id='line_1_56' title="bbox 1365 294 1961 336; baseline 0.003 -11"><span class='ocrx_word' id='word_1_274' title='bbox 1365 294 1572 331; x_wconf 81' lang='lat' dir='ltr'>tractatulus3</span> <span class='ocrx_word' id='word_1_275' title='bbox 1595 294 1683 324; x_wconf 91' lang='lat' dir='ltr'>initio</span> <span class='ocrx_word' id='word_1_276' title='bbox 1698 294 1797 325; x_wconf 90' lang='lat' dir='ltr'>mutil.</span> <span class='ocrx_word' id='word_1_277' title='bbox 1821 295 1872 326; x_wconf 86' lang='lat' dir='ltr'>fol.</span> <span class='ocrx_word' id='word_1_278' title='bbox 1891 304 1961 336; x_wconf 82' lang='lat'>234.</span> 
     </span>
     <span class='ocr_line' id='line_1_57' title="bbox 1429 344 2162 387; baseline 0.005 -12"><span class='ocrx_word' id='word_1_279' title='bbox 1429 345 1527 386; x_wconf 91' lang='lat' dir='ltr'>Incip.</span> <span class='ocrx_word' id='word_1_280' title='bbox 1545 345 1576 375; x_wconf 90' lang='lat' dir='ltr'>in</span> <span class='ocrx_word' id='word_1_281' title='bbox 1591 344 1703 382; x_wconf 84' lang='lat' dir='ltr'>verbis,</span> <span class='ocrx_word' id='word_1_282' title='bbox 1722 349 1739 362; x_wconf 71' lang='lat'>‘⁸</span> <span class='ocrx_word' id='word_1_283' title='bbox 1752 350 1784 377; x_wconf 87' lang='lat' dir='ltr'>et</span> <span class='ocrx_word' id='word_1_284' title='bbox 1800 346 2032 387; x_wconf 86' lang='lat' dir='ltr'>spissitudinem</span> <span class='ocrx_word' id='word_1_285' title='bbox 2047 348 2092 379; x_wconf 78' lang='lat' dir='ltr'>ita</span> <span class='ocrx_word' id='word_1_286' title='bbox 2108 359 2162 379; x_wconf 93' lang='lat' dir='ltr'>nu-</span> 
     </span>
     <span class='ocr_line' id='line_1_58' title="bbox 1407 396 1538 427; baseline 0.008 -1"><span class='ocrx_word' id='word_1_287' title='bbox 1407 396 1538 427; x_wconf 53' lang='lat' dir='ltr'>merus*</span> 
     </span>
     <span class='ocr_line' id='line_1_59' title="bbox 1429 447 2163 491; baseline 0.007 -15"><span class='ocrx_word' id='word_1_288' title='bbox 1429 447 1536 477; x_wconf 80' lang='lat' dir='ltr'>Desin.</span> <span class='ocrx_word' id='word_1_289' title='bbox 1555 450 1640 477; x_wconf 81' lang='lat' dir='ltr'>“tam</span> <span class='ocrx_word' id='word_1_290' title='bbox 1668 447 1698 477; x_wconf 90' lang='lat' dir='ltr'>in</span> <span class='ocrx_word' id='word_1_291' title='bbox 1726 448 1861 479; x_wconf 78' lang='lat' dir='ltr'>numeris</span> <span class='ocrx_word' id='word_1_292' title='bbox 1885 449 2047 490; x_wconf 82' lang='lat' dir='ltr'>quadratis</span> <span class='ocrx_word' id='word_1_293' title='bbox 2071 461 2163 491; x_wconf 88' lang='lat' dir='ltr'>quam</span> 
     </span>
     <span class='ocr_line' id='line_1_60' title="bbox 1409 497 1735 538; baseline -0.006 -10"><span class='ocrx_word' id='word_1_294' title='bbox 1409 498 1542 534; x_wconf 88' lang='lat' dir='ltr'>cubicis;</span> <span class='ocrx_word' id='word_1_295' title='bbox 1566 497 1735 538; x_wconf 77' lang='lat' dir='ltr'>Explicit.&#39;&#39;</span> 
     </span>
    </p>
   </div>
   <div class='ocr_carea' id='block_1_27' title="bbox 1324 561 2164 605">
    <p class='ocr_par' dir='ltr' id='par_1_27' title="bbox 1324 561 2164 605">
     <span class='ocr_line' id='line_1_61' title="bbox 1324 561 2164 605; baseline 0.006 -13"><span class='ocrx_word' id='word_1_296' title='bbox 1324 561 1352 593; x_wconf 88' lang='lat'>6.</span> <span class='ocrx_word' id='word_1_297' title='bbox 1370 562 1519 603; x_wconf 83' lang='lat' dir='ltr'>Ejusdem</span> <span class='ocrx_word' id='word_1_298' title='bbox 1542 562 1581 592; x_wconf 85' lang='lat' dir='ltr'>de</span> <span class='ocrx_word' id='word_1_299' title='bbox 1599 563 1823 603; x_wconf 83' lang='lat' dir='ltr'>compositione</span> <span class='ocrx_word' id='word_1_300' title='bbox 1846 564 2030 605; x_wconf 78' lang='lat' dir='ltr'>quadrantis</span> <span class='ocrx_word' id='word_1_301' title='bbox 2046 569 2164 597; x_wconf 84' lang='lat' dir='ltr'>tracta-</span> 
     </span>
    </p>
   </div>
   <div class='ocr_carea' id='block_1_28' title="bbox 1388 613 2165 963">
    <p class='ocr_par' dir='ltr' id='par_1_28' title="bbox 1388 613 1679 653">
     <span class='ocr_line' id='line_1_62' title="bbox 1388 613 1679 653; baseline 0.003 -11"><span class='ocrx_word' id='word_1_302' title='bbox 1388 613 1481 643; x_wconf 90' lang='lat' dir='ltr'>tulus.</span> <span class='ocrx_word' id='word_1_303' title='bbox 1506 613 1558 643; x_wconf 87' lang='lat' dir='ltr'>sol.</span> <span class='ocrx_word' id='word_1_304' title='bbox 1576 622 1636 653; x_wconf 82' lang='lat'>234</span> <span class='ocrx_word' id='word_1_305' title='bbox 1648 613 1679 643; x_wconf 91' lang='lat' dir='ltr'>b.</span> 
     </span>
    </p>

    <p class='ocr_par' dir='ltr' id='par_1_29' title="bbox 1409 663 2165 745">
     <span class='ocr_line' id='line_1_63' title="bbox 1432 663 2165 708; baseline 0.008 -15"><span class='ocrx_word' id='word_1_306' title='bbox 1432 663 1525 705; x_wconf 86' lang='lat' dir='ltr'>Incip.</span> <span class='ocrx_word' id='word_1_307' title='bbox 1550 668 1567 680; x_wconf 69' lang='lat'>‘⁴</span> <span class='ocrx_word' id='word_1_308' title='bbox 1581 664 1658 695; x_wconf 88' lang='lat' dir='ltr'>Post</span> <span class='ocrx_word' id='word_1_309' title='bbox 1685 664 1827 696; x_wconf 89' lang='lat' dir='ltr'>chilindri</span> <span class='ocrx_word' id='word_1_310' title='bbox 1851 667 2108 708; x_wconf 84' lang='lat' dir='ltr'>compositionem</span> <span class='ocrx_word' id='word_1_311' title='bbox 2133 673 2165 699; x_wconf 81' lang='lat' dir='ltr'>et</span> 
     </span>
     <span class='ocr_line' id='line_1_64' title="bbox 1409 715 1570 745; baseline 0 0"><span class='ocrx_word' id='word_1_312' title='bbox 1409 715 1570 745; x_wconf 56' lang='lat' dir='ltr'>officiumf&#39;</span> 
     </span>
    </p>

    <p class='ocr_par' dir='ltr' id='par_1_30' title="bbox 1408 766 2163 848">
     <span class='ocr_line' id='line_1_65' title="bbox 1431 766 2163 811; baseline 0.007 -15"><span class='ocrx_word' id='word_1_313' title='bbox 1431 766 1536 796; x_wconf 88' lang='lat' dir='ltr'>Desin.</span> <span class='ocrx_word' id='word_1_314' title='bbox 1562 770 1580 783; x_wconf 82' lang='lat'>“</span> <span class='ocrx_word' id='word_1_315' title='bbox 1597 766 1684 797; x_wconf 83' lang='lat' dir='ltr'>Seios</span> <span class='ocrx_word' id='word_1_316' title='bbox 1707 767 1905 800; x_wconf 86' lang='lat' dir='ltr'>altitudinem</span> <span class='ocrx_word' id='word_1_317' title='bbox 1932 770 2097 811; x_wconf 81' lang='lat' dir='ltr'>cujuslibet</span> <span class='ocrx_word' id='word_1_318' title='bbox 2120 771 2163 801; x_wconf 79' lang='lat' dir='ltr'>rei</span> 
     </span>
     <span class='ocr_line' id='line_1_66' title="bbox 1408 817 1540 848; baseline 0.008 -1"><span class='ocrx_word' id='word_1_319' title='bbox 1408 817 1540 848; x_wconf 57' lang='lat' dir='ltr'>erectos*</span> 
     </span>
    </p>

    <p class='ocr_par' dir='ltr' id='par_1_31' title="bbox 1408 868 2164 963">
     <span class='ocr_line' id='line_1_67' title="bbox 1431 868 2164 912; baseline 0.007 -14"><span class='ocrx_word' id='word_1_320' title='bbox 1431 868 1469 898; x_wconf 91' lang='lat' dir='ltr'>In</span> <span class='ocrx_word' id='word_1_321' title='bbox 1495 868 1588 906; x_wconf 85' lang='lat' dir='ltr'>calce,</span> <span class='ocrx_word' id='word_1_322' title='bbox 1610 869 1781 910; x_wconf 78' lang='lat' dir='ltr'>“Explicit</span> <span class='ocrx_word' id='word_1_323' title='bbox 1811 871 1994 912; x_wconf 85' lang='lat' dir='ltr'>compositio</span> <span class='ocrx_word' id='word_1_324' title='bbox 2023 872 2164 903; x_wconf 90' lang='lat' dir='ltr'>chilindri</span> 
     </span>
     <span class='ocr_line' id='line_1_68' title="bbox 1408 921 2144 963; baseline 0.007 -14"><span class='ocrx_word' id='word_1_325' title='bbox 1408 931 1477 950; x_wconf 88' lang='lat' dir='ltr'>cum</span> <span class='ocrx_word' id='word_1_326' title='bbox 1493 925 1562 950; x_wconf 85' lang='lat' dir='ltr'>arte</span> <span class='ocrx_word' id='word_1_327' title='bbox 1577 931 1644 957; x_wconf 76' lang='lat' dir='ltr'>sua,</span> <span class='ocrx_word' id='word_1_328' title='bbox 1660 932 1719 961; x_wconf 91' lang='lat' dir='ltr'>que</span> <span class='ocrx_word' id='word_1_329' title='bbox 1734 921 1908 963; x_wconf 84' lang='lat' dir='ltr'>composita</span> <span class='ocrx_word' id='word_1_330' title='bbox 1921 922 1980 953; x_wconf 88' lang='lat' dir='ltr'>fuit</span> <span class='ocrx_word' id='word_1_331' title='bbox 1996 923 2144 954; x_wconf 79' lang='lat' dir='ltr'>Oxonie.”</span> 
     </span>
    </p>
   </div>
   <div class='ocr_carea' id='block_1_29' title="bbox 1325 983 2165 1028">
    <p class='ocr_par' dir='ltr' id='par_1_32' title="bbox 1325 983 2165 1028">
     <span class='ocr_line' id='line_1_69' title="bbox 1325 983 2165 1028; baseline 0.004 -14"><span class='ocrx_word' id='word_1_332' title='bbox 1325 985 1351 1015; x_wconf 72' lang='lat'>7.</span> <span class='ocrx_word' id='word_1_333' title='bbox 1370 983 1539 1014; x_wconf 85' lang='lat' dir='ltr'>Traetatus</span> <span class='ocrx_word' id='word_1_334' title='bbox 1555 983 1592 1014; x_wconf 85' lang='lat' dir='ltr'>de</span> <span class='ocrx_word' id='word_1_335' title='bbox 1609 984 1794 1024; x_wconf 80' lang='lat' dir='ltr'>quadrante,</span> <span class='ocrx_word' id='word_1_336' title='bbox 1806 995 1874 1015; x_wconf 89' lang='lat' dir='ltr'>cum</span> <span class='ocrx_word' id='word_1_337' title='bbox 1888 985 2010 1016; x_wconf 84' lang='lat' dir='ltr'>tabulis.</span> <span class='ocrx_word' id='word_1_338' title='bbox 2034 985 2165 1028; x_wconf 85' lang='lat' dir='ltr'>fol.237.</span> 
     </span>
    </p>
   </div>
   <div class='ocr_carea' id='block_1_30' title="bbox 1409 1034 2165 1230">
    <p class='ocr_par' dir='ltr' id='par_1_33' title="bbox 1409 1034 2165 1126">
     <span class='ocr_line' id='line_1_70' title="bbox 1432 1034 2165 1078; baseline 0.007 -14"><span class='ocrx_word' id='word_1_339' title='bbox 1432 1034 1530 1075; x_wconf 87' lang='lat' dir='ltr'>Incip.</span> <span class='ocrx_word' id='word_1_340' title='bbox 1549 1039 1567 1051; x_wconf 70' lang='lat'>‘⁵</span> <span class='ocrx_word' id='word_1_341' title='bbox 1581 1034 1667 1065; x_wconf 83' lang='lat' dir='ltr'>Scito</span> <span class='ocrx_word' id='word_1_342' title='bbox 1690 1035 1773 1076; x_wconf 92' lang='lat' dir='ltr'>quod</span> <span class='ocrx_word' id='word_1_343' title='bbox 1799 1035 1956 1076; x_wconf 86' lang='lat' dir='ltr'>quadrans</span> <span class='ocrx_word' id='word_1_344' title='bbox 1979 1040 2028 1067; x_wconf 88' lang='lat' dir='ltr'>est</span> <span class='ocrx_word' id='word_1_345' title='bbox 2052 1043 2165 1078; x_wconf 84' lang='lat' dir='ltr'>quarta</span> 
     </span>
     <span class='ocr_line' id='line_1_71' title="bbox 1409 1085 1634 1126; baseline 0.009 -12"><span class='ocrx_word' id='word_1_346' title='bbox 1409 1097 1480 1126; x_wconf 86' lang='lat' dir='ltr'>pars</span> <span class='ocrx_word' id='word_1_347' title='bbox 1497 1085 1634 1116; x_wconf 87' lang='lat' dir='ltr'>circuli.”</span> 
     </span>
    </p>

    <p class='ocr_par' dir='ltr' id='par_1_34' title="bbox 1409 1137 2165 1230">
     <span class='ocr_line' id='line_1_72' title="bbox 1430 1137 2165 1180; baseline 0.005 -13"><span class='ocrx_word' id='word_1_348' title='bbox 1430 1137 1578 1178; x_wconf 82' lang='lat' dir='ltr'>Sequitur</span> <span class='ocrx_word' id='word_1_349' title='bbox 1607 1137 1638 1167; x_wconf 90' lang='lat' dir='ltr'>in</span> <span class='ocrx_word' id='word_1_350' title='bbox 1669 1137 1761 1175; x_wconf 87' lang='lat' dir='ltr'>calce,</span> <span class='ocrx_word' id='word_1_351' title='bbox 1789 1138 1933 1179; x_wconf 80' lang='lat' dir='ltr'>‘Regula</span> <span class='ocrx_word' id='word_1_352' title='bbox 1962 1140 2165 1180; x_wconf 78' lang='lat' dir='ltr'>quadrantis,&#39;</span> 
     </span>
     <span class='ocr_line' id='line_1_73' title="bbox 1409 1189 1990 1230; baseline 0.005 -11"><span class='ocrx_word' id='word_1_353' title='bbox 1409 1189 1498 1230; x_wconf 81' lang='lat' dir='ltr'>incip.</span> <span class='ocrx_word' id='word_1_354' title='bbox 1516 1194 1534 1206; x_wconf 67' lang='lat'>‘⁸</span> <span class='ocrx_word' id='word_1_355' title='bbox 1547 1189 1624 1220; x_wconf 86' lang='lat' dir='ltr'>Cum</span> <span class='ocrx_word' id='word_1_356' title='bbox 1641 1190 1809 1220; x_wconf 80' lang='lat' dir='ltr'>secundum</span> <span class='ocrx_word' id='word_1_357' title='bbox 1825 1190 1990 1222; x_wconf 75' lang='lat' dir='ltr'>diversos.”</span> 
     </span>
    </p>
   </div>
   <div class='ocr_carea' id='block_1_31' title="bbox 1324 1253 2164 1297">
    <p class='ocr_par' dir='ltr' id='par_1_35' title="bbox 1324 1253 2164 1297">
     <span class='ocr_line' id='line_1_74' title="bbox 1324 1253 2164 1297; baseline 0.002 -13"><span class='ocrx_word' id='word_1_358' title='bbox 1324 1256 1353 1284; x_wconf 79' lang='lat'>8.</span> <span class='ocrx_word' id='word_1_359' title='bbox 1371 1253 1513 1295; x_wconf 86' lang='lat' dir='ltr'>[Robcrti</span> <span class='ocrx_word' id='word_1_360' title='bbox 1525 1254 1684 1290; x_wconf 70' lang='lat' dir='ltr'>Grostote,</span> <span class='ocrx_word' id='word_1_361' title='bbox 1696 1265 1743 1295; x_wconf 87' lang='lat' dir='ltr'>ep.</span> <span class='ocrx_word' id='word_1_362' title='bbox 1760 1253 1908 1292; x_wconf 85' lang='lat' dir='ltr'>Lincoln.‚</span> <span class='ocrx_word' id='word_1_363' title='bbox 1919 1255 1982 1285; x_wconf 86' lang='lat' dir='ltr'>sive</span> <span class='ocrx_word' id='word_1_364' title='bbox 1994 1255 2164 1297; x_wconf 88' lang='lat' dir='ltr'>cujuscum-</span> 
     </span>
    </p>
   </div>
   <div class='ocr_carea' id='block_1_32' title="bbox 1388 1305 2164 1851">
    <p class='ocr_par' dir='ltr' id='par_1_36' title="bbox 1388 1305 2095 1347">
     <span class='ocr_line' id='line_1_75' title="bbox 1388 1305 2095 1347; baseline 0.001 -12"><span class='ocrx_word' id='word_1_365' title='bbox 1388 1316 1447 1346; x_wconf 86' lang='lat' dir='ltr'>que</span> <span class='ocrx_word' id='word_1_366' title='bbox 1463 1305 1525 1346; x_wconf 75' lang='lat' dir='ltr'>sit.]</span> <span class='ocrx_word' id='word_1_367' title='bbox 1542 1309 1699 1336; x_wconf 86' lang='lat' dir='ltr'>tractatus</span> <span class='ocrx_word' id='word_1_368' title='bbox 1715 1305 1754 1335; x_wconf 89' lang='grc'>(16</span> <span class='ocrx_word' id='word_1_369' title='bbox 1769 1305 1901 1346; x_wconf 83' lang='lat' dir='ltr'>sphaera.</span> <span class='ocrx_word' id='word_1_370' title='bbox 1925 1305 1977 1336; x_wconf 91' lang='lat' dir='ltr'>fol.</span> <span class='ocrx_word' id='word_1_371' title='bbox 1992 1315 2051 1347; x_wconf 83' lang='lat'>239</span> <span class='ocrx_word' id='word_1_372' title='bbox 2064 1307 2095 1337; x_wconf 88' lang='lat' dir='ltr'>b.</span> 
     </span>
    </p>

    <p class='ocr_par' dir='ltr' id='par_1_37' title="bbox 1432 1356 2109 1397">
     <span class='ocr_line' id='line_1_76' title="bbox 1432 1356 2109 1397; baseline 0.003 -11"><span class='ocrx_word' id='word_1_373' title='bbox 1432 1356 1557 1387; x_wconf 79' lang='lat' dir='ltr'>Exstat.</span> <span class='ocrx_word' id='word_1_374' title='bbox 1574 1356 1713 1397; x_wconf 71' lang='lat' dir='ltr'>impl-ess.</span> <span class='ocrx_word' id='word_1_375' title='bbox 1732 1356 1848 1387; x_wconf 86' lang='lat' dir='ltr'>Venet.</span> <span class='ocrx_word' id='word_1_376' title='bbox 1874 1358 1963 1395; x_wconf 73' lang='grc'>1478,</span> <span class='ocrx_word' id='word_1_377' title='bbox 1980 1361 2011 1388; x_wconf 82' lang='lat' dir='ltr'>et</span> <span class='ocrx_word' id='word_1_378' title='bbox 2026 1357 2109 1388; x_wconf 89' lang='lat' dir='ltr'>alibi.</span> 
     </span>
    </p>

    <p class='ocr_par' dir='ltr' id='par_1_38' title="bbox 1407 1407 2162 1501">
     <span class='ocr_line' id='line_1_77' title="bbox 1431 1407 2162 1449; baseline 0.001 -11"><span class='ocrx_word' id='word_1_379' title='bbox 1431 1407 1468 1437; x_wconf 90' lang='lat' dir='ltr'>In</span> <span class='ocrx_word' id='word_1_380' title='bbox 1484 1408 1578 1444; x_wconf 81' lang='lat' dir='ltr'>ealce,</span> <span class='ocrx_word' id='word_1_381' title='bbox 1597 1412 1615 1424; x_wconf 65' lang='lat'>‘⁵</span> <span class='ocrx_word' id='word_1_382' title='bbox 1629 1407 1730 1438; x_wconf 86' lang='lat' dir='ltr'>Istum</span> <span class='ocrx_word' id='word_1_383' title='bbox 1746 1407 1859 1438; x_wconf 88' lang='lat' dir='ltr'>librum</span> <span class='ocrx_word' id='word_1_384' title='bbox 1874 1408 1947 1439; x_wconf 82' lang='lat' dir='ltr'>fecit</span> <span class='ocrx_word' id='word_1_385' title='bbox 1963 1409 2100 1449; x_wconf 79' lang='lat' dir='ltr'>reparari</span> <span class='ocrx_word' id='word_1_386' title='bbox 2119 1409 2162 1439; x_wconf 95' lang='lat' dir='ltr'>M.</span> 
     </span>
     <span class='ocr_line' id='line_1_78' title="bbox 1407 1458 2076 1501; baseline 0.003 -13"><span class='ocrx_word' id='word_1_387' title='bbox 1407 1458 1483 1489; x_wconf 82' lang='lat' dir='ltr'>Joh.</span> <span class='ocrx_word' id='word_1_388' title='bbox 1501 1459 1646 1500; x_wconf 82' lang='lat' dir='ltr'>Burbage</span> <span class='ocrx_word' id='word_1_389' title='bbox 1662 1470 1749 1489; x_wconf 86' lang='lat' dir='ltr'>sacre</span> <span class='ocrx_word' id='word_1_390' title='bbox 1766 1459 1877 1501; x_wconf 84' lang='lat' dir='ltr'>pagine</span> <span class='ocrx_word' id='word_1_391' title='bbox 1892 1459 2076 1500; x_wconf 68' lang='lat' dir='ltr'>professor.”</span> 
     </span>
    </p>

    <p class='ocr_par' dir='ltr' id='par_1_39' title="bbox 1406 1510 2164 1851">
     <span class='ocr_line' id='line_1_79' title="bbox 1431 1510 2162 1551; baseline 0.001 -10"><span class='ocrx_word' id='word_1_392' title='bbox 1431 1510 1469 1541; x_wconf 87' lang='lat' dir='ltr'>In</span> <span class='ocrx_word' id='word_1_393' title='bbox 1489 1511 1578 1541; x_wconf 90' lang='lat' dir='ltr'>initio</span> <span class='ocrx_word' id='word_1_394' title='bbox 1597 1510 1711 1541; x_wconf 87' lang='lat' dir='ltr'>codicis</span> <span class='ocrx_word' id='word_1_395' title='bbox 1732 1516 1891 1546; x_wconf 82' lang='lat' dir='ltr'>notantur,</span> <span class='ocrx_word' id='word_1_396' title='bbox 1910 1511 1957 1551; x_wconf 85' lang='lat' dir='ltr'>(a)</span> <span class='ocrx_word' id='word_1_397' title='bbox 1974 1516 1992 1529; x_wconf 82' lang='grc'><em>“</em></span> <span class='ocrx_word' id='word_1_398' title='bbox 2006 1511 2100 1542; x_wconf 88' lang='lat' dir='ltr'>Liber</span> <span class='ocrx_word' id='word_1_399' title='bbox 2115 1512 2162 1542; x_wconf 94' lang='lat' dir='ltr'>M.</span> 
     </span>
     <span class='ocr_line' id='line_1_80' title="bbox 1410 1562 2163 1595; baseline 0.005 -4"><span class='ocrx_word' id='word_1_400' title='bbox 1410 1563 1496 1593; x_wconf 80' lang='lat' dir='ltr'>will.</span> <span class='ocrx_word' id='word_1_401' title='bbox 1515 1563 1601 1594; x_wconf 81' lang='lat' dir='ltr'>Reed</span> <span class='ocrx_word' id='word_1_402' title='bbox 1623 1562 1696 1593; x_wconf 91' lang='lat' dir='ltr'>socii</span> <span class='ocrx_word' id='word_1_403' title='bbox 1713 1563 1823 1593; x_wconf 88' lang='lat' dir='ltr'>domus</span> <span class='ocrx_word' id='word_1_404' title='bbox 1839 1563 1965 1594; x_wconf 84' lang='lat' dir='ltr'>scolaris</span> <span class='ocrx_word' id='word_1_405' title='bbox 1981 1564 2019 1595; x_wconf 85' lang='lat' dir='ltr'>de</span> <span class='ocrx_word' id='word_1_406' title='bbox 2036 1564 2163 1595; x_wconf 87' lang='lat' dir='ltr'>Mertou</span> 
     </span>
     <span class='ocr_line' id='line_1_81' title="bbox 1408 1614 2162 1657; baseline 0.003 -12"><span class='ocrx_word' id='word_1_407' title='bbox 1408 1614 1438 1645; x_wconf 88' lang='lat' dir='ltr'>in</span> <span class='ocrx_word' id='word_1_408' title='bbox 1455 1615 1553 1645; x_wconf 80' lang='lat' dir='ltr'>Oxon.</span> <span class='ocrx_word' id='word_1_409' title='bbox 1571 1626 1661 1656; x_wconf 85' lang='lat' dir='ltr'>quem</span> <span class='ocrx_word' id='word_1_410' title='bbox 1679 1615 1755 1646; x_wconf 84' lang='lat' dir='ltr'>emit</span> <span class='ocrx_word' id='word_1_411' title='bbox 1775 1615 1890 1645; x_wconf 89' lang='lat' dir='ltr'>ibidem</span> <span class='ocrx_word' id='word_1_412' title='bbox 1909 1626 1928 1646; x_wconf 84' lang='lat' dir='ltr'>a</span> <span class='ocrx_word' id='word_1_413' title='bbox 1949 1616 2083 1657; x_wconf 85' lang='lat' dir='ltr'>quodam</span> <span class='ocrx_word' id='word_1_414' title='bbox 2099 1620 2162 1647; x_wconf 86' lang='lat' dir='ltr'>sta-</span> 
     </span>
     <span class='ocr_line' id='line_1_82' title="bbox 1407 1666 2163 1708; baseline 0 -12"><span class='ocrx_word' id='word_1_415' title='bbox 1407 1666 1543 1697; x_wconf 84' lang='lat' dir='ltr'>cionario</span> <span class='ocrx_word' id='word_1_416' title='bbox 1570 1667 1608 1697; x_wconf 76' lang='lat' dir='ltr'>de</span> <span class='ocrx_word' id='word_1_417' title='bbox 1634 1666 1722 1697; x_wconf 87' lang='lat' dir='ltr'>bonis</span> <span class='ocrx_word' id='word_1_418' title='bbox 1749 1666 1807 1697; x_wconf 80' lang='lat' dir='ltr'>sibi</span> <span class='ocrx_word' id='word_1_419' title='bbox 1834 1666 1917 1697; x_wconf 88' lang='lat' dir='ltr'>datis</span> <span class='ocrx_word' id='word_1_420' title='bbox 1942 1678 1997 1708; x_wconf 87' lang='lat' dir='ltr'>per</span> <span class='ocrx_word' id='word_1_421' title='bbox 2020 1667 2095 1698; x_wconf 86' lang='lat' dir='ltr'>Rev.</span> <span class='ocrx_word' id='word_1_422' title='bbox 2121 1668 2163 1697; x_wconf 90' lang='lat' dir='ltr'>D.</span> 
     </span>
     <span class='ocr_line' id='line_1_83' title="bbox 1408 1717 2164 1755; baseline 0.003 -8"><span class='ocrx_word' id='word_1_423' title='bbox 1408 1728 1496 1748; x_wconf 87' lang='lat' dir='ltr'>suum</span> <span class='ocrx_word' id='word_1_424' title='bbox 1522 1718 1566 1748; x_wconf 86' lang='lat' dir='ltr'>M.</span> <span class='ocrx_word' id='word_1_425' title='bbox 1592 1717 1776 1748; x_wconf 82' lang='lat' dir='ltr'>Nicholaum</span> <span class='ocrx_word' id='word_1_426' title='bbox 1801 1717 1839 1748; x_wconf 88' lang='lat' dir='ltr'>de</span> <span class='ocrx_word' id='word_1_427' title='bbox 1865 1717 2045 1755; x_wconf 80' lang='lat' dir='ltr'>Sandwi003</span> <span class='ocrx_word' id='word_1_428' title='bbox 2068 1718 2164 1749; x_wconf 84' lang='lat' dir='ltr'>oretis</span> 
     </span>
     <span class='ocr_line' id='line_1_84' title="bbox 1407 1768 2163 1809; baseline 0.004 -12"><span class='ocrx_word' id='word_1_429' title='bbox 1407 1768 1502 1809; x_wconf 77' lang='lat' dir='ltr'>igitur</span> <span class='ocrx_word' id='word_1_430' title='bbox 1518 1779 1574 1809; x_wconf 89' lang='lat' dir='ltr'>pro</span> <span class='ocrx_word' id='word_1_431' title='bbox 1590 1768 1718 1809; x_wconf 78' lang='lat' dir='ltr'>singulis</span> <span class='ocrx_word' id='word_1_432' title='bbox 1733 1779 1827 1809; x_wconf 85' lang='lat' dir='ltr'>supra</span> <span class='ocrx_word' id='word_1_433' title='bbox 1840 1768 1959 1799; x_wconf 79' lang='lat' dir='ltr'>dictis.”</span> <span class='ocrx_word' id='word_1_434' title='bbox 1977 1769 2025 1809; x_wconf 91' lang='lat' dir='ltr'>(b)</span> <span class='ocrx_word' id='word_1_435' title='bbox 2038 1773 2056 1786; x_wconf 75' lang='lat'>‘¹</span> <span class='ocrx_word' id='word_1_436' title='bbox 2070 1769 2163 1800; x_wconf 84' lang='lat' dir='ltr'>Liber</span> 
     </span>
     <span class='ocr_line' id='line_1_85' title="bbox 1406 1820 2163 1851; baseline 0.003 -2"><span class='ocrx_word' id='word_1_437' title='bbox 1406 1820 1515 1850; x_wconf 84' lang='lat' dir='ltr'>(lomus</span> <span class='ocrx_word' id='word_1_438' title='bbox 1539 1820 1665 1850; x_wconf 82' lang='lat' dir='ltr'>scolaris</span> <span class='ocrx_word' id='word_1_439' title='bbox 1686 1821 1724 1851; x_wconf 88' lang='lat' dir='ltr'>de</span> <span class='ocrx_word' id='word_1_440' title='bbox 1742 1821 1901 1851; x_wconf 79' lang='lat' dir='ltr'>Merton.”</span> <span class='ocrx_word' id='word_1_441' title='bbox 1916 1825 1975 1851; x_wconf 82' lang='lat' dir='ltr'>cte.</span> <span class='ocrx_word' id='word_1_442' title='bbox 1993 1826 2011 1837; x_wconf 78' lang='lat'>‘⁴</span> <span class='ocrx_word' id='word_1_443' title='bbox 2024 1832 2061 1851; x_wconf 82' lang='lat' dir='ltr'>ex</span> <span class='ocrx_word' id='word_1_444' title='bbox 2082 1821 2163 1851; x_wconf 90' lang='lat' dir='ltr'>dono</span> 
     </span>
    </p>
   </div>
   <div class='ocr_carea' id='block_1_33' title="bbox 1407 1871 2223 1913">
    <p class='ocr_par' dir='ltr' id='par_1_40' title="bbox 1407 1871 2223 1913">
     <span class='ocr_line' id='line_1_86' title="bbox 1407 1871 2223 1913; baseline 0.001 -12"><span class='ocrx_word' id='word_1_445' title='bbox 1407 1871 1520 1901; x_wconf 78' lang='lat' dir='ltr'>domini</span> <span class='ocrx_word' id='word_1_446' title='bbox 1538 1871 1700 1907; x_wconf 80' lang='lat' dir='ltr'>Willehui,</span> <span class='ocrx_word' id='word_1_447' title='bbox 1724 1871 1808 1902; x_wconf 81' lang='lat' dir='ltr'>tercii</span> <span class='ocrx_word' id='word_1_448' title='bbox 1833 1872 1967 1913; x_wconf 77' lang='lat' dir='ltr'>episcopi</span> <span class='ocrx_word' id='word_1_449' title='bbox 1992 1871 2160 1906; x_wconf 72' lang='lat' dir='ltr'>Cicestrie;</span> <span class='ocrx_word' id='word_1_450' title='bbox 2212 1882 2223 1889; x_wconf 71' lang='grc'><strong>“</strong></span> 
     </span>
    </p>
   </div>
   <div class='ocr_carea' id='block_1_34' title="bbox 1405 1922 2162 2005">
    <p class='ocr_par' dir='ltr' id='par_1_41' title="bbox 1405 1922 2162 2005">
     <span class='ocr_line' id='line_1_87' title="bbox 1405 1922 2162 1964; baseline 0.001 -12"><span class='ocrx_word' id='word_1_451' title='bbox 1405 1923 1500 1953; x_wconf 79' lang='lat' dir='ltr'>oretis</span> <span class='ocrx_word' id='word_1_452' title='bbox 1516 1922 1613 1963; x_wconf 79' lang='lat' dir='ltr'>igitur</span> <span class='ocrx_word' id='word_1_453' title='bbox 1629 1934 1684 1964; x_wconf 88' lang='lat' dir='ltr'>pro</span> <span class='ocrx_word' id='word_1_454' title='bbox 1701 1923 1808 1953; x_wconf 72' lang='lat' dir='ltr'>codem</span> <span class='ocrx_word' id='word_1_455' title='bbox 1830 1928 1862 1954; x_wconf 73' lang='lat' dir='ltr'>et</span> <span class='ocrx_word' id='word_1_456' title='bbox 1884 1923 2162 1960; x_wconf 66' lang='lat' dir='ltr'>be11etaetoribus,”</span> 
     </span>
     <span class='ocr_line' id='line_1_88' title="bbox 1405 1974 2101 2005; baseline 0 -1"><span class='ocrx_word' id='word_1_457' title='bbox 1405 1980 1464 2005; x_wconf 86' lang='lat' dir='ltr'>etc.</span> <span class='ocrx_word' id='word_1_458' title='bbox 1481 1979 1487 1991; x_wconf 91' lang='lat'>‘</span> <span class='ocrx_word' id='word_1_459' title='bbox 1502 1974 1663 2005; x_wconf 78' lang='lat' dir='ltr'>walterus</span> <span class='ocrx_word' id='word_1_460' title='bbox 1680 1974 1810 2005; x_wconf 85' lang='lat' dir='ltr'>Roberti</span> <span class='ocrx_word' id='word_1_461' title='bbox 1828 1974 1919 2005; x_wconf 83' lang='lat' dir='ltr'>xxvii.</span> <span class='ocrx_word' id='word_1_462' title='bbox 1939 1975 2101 2005; x_wconf 83' lang='lat' dir='ltr'>volumen.&#39;</span> 
     </span>
    </p>
   </div>
   <div class='ocr_carea' id='block_1_35' title="bbox 1627 2090 1812 2124">
    <p class='ocr_par' dir='ltr' id='par_1_42' title="bbox 1627 2090 1812 2124">
     <span class='ocr_line' id='line_1_89' title="bbox 1627 2090 1812 2124; baseline -0.005 -1"><span class='ocrx_word' id='word_1_463' title='bbox 1627 2090 1812 2124; x_wconf 74' lang='lat' dir='ltr'>XXXVI.</span> 
     </span>
    </p>
   </div>
   <div class='ocr_carea' id='block_1_36' title="bbox 1255 2161 2160 2258">
    <p class='ocr_par' dir='ltr' id='par_1_43' title="bbox 1255 2161 2160 2258">
     <span class='ocr_line' id='line_1_90' title="bbox 1256 2161 2158 2210; baseline -0.001 -15"><span class='ocrx_word' id='word_1_464' title='bbox 1256 2162 1397 2210; x_wconf 21' lang='lat' dir='ltr'>*Codex</span> <span class='ocrx_word' id='word_1_465' title='bbox 1429 2161 1722 2201; x_wconf 76' lang='lat' dir='ltr'>membranaceus,</span> <span class='ocrx_word' id='word_1_466' title='bbox 1749 2162 1784 2195; x_wconf 91' lang='lat' dir='ltr'>in</span> <span class='ocrx_word' id='word_1_467' title='bbox 1812 2161 1905 2200; x_wconf 89' lang='lat' dir='ltr'>folio,</span> <span class='ocrx_word' id='word_1_468' title='bbox 1931 2161 1963 2195; x_wconf 70' lang='lat' dir='ltr'>fl&#39;.</span> <span class='ocrx_word' id='word_1_469' title='bbox 1985 2164 2066 2200; x_wconf 84' lang='lat'>307,</span> <span class='ocrx_word' id='word_1_470' title='bbox 2094 2173 2158 2195; x_wconf 79' lang='lat' dir='ltr'>sec.</span> 
     </span>
     <span class='ocr_line' id='line_1_91' title="bbox 1255 2217 2160 2258; baseline 0 -7"><span class='ocrx_word' id='word_1_471' title='bbox 1255 2217 1257 2222; x_wconf 86' lang='lat'>&#39;</span> <span class='ocrx_word' id='word_1_472' title='bbox 1302 2218 1373 2251; x_wconf 82' lang='lat' dir='ltr'>xiii.</span> <span class='ocrx_word' id='word_1_473' title='bbox 1392 2218 1573 2258; x_wconf 77' lang='lat' dir='ltr'>exeunti83</span> <span class='ocrx_word' id='word_1_474' title='bbox 1600 2218 1690 2251; x_wconf 86' lang='lat' dir='ltr'>binis</span> <span class='ocrx_word' id='word_1_475' title='bbox 1716 2218 1885 2252; x_wconf 88' lang='lat' dir='ltr'>columnis</span> <span class='ocrx_word' id='word_1_476' title='bbox 1912 2218 2020 2251; x_wconf 79' lang='lat' dir='ltr'>nitide</span> <span class='ocrx_word' id='word_1_477' title='bbox 2042 2230 2160 2252; x_wconf 80' lang='lat' dir='ltr'>exara—</span> 
     </span>
    </p>
   </div>
   <div class='ocr_carea' id='block_1_37' title="bbox 1254 2475 1256 2493">
    <p class='ocr_par' dir='ltr' id='par_1_44' title="bbox 1254 2475 1256 2493">
     <span class='ocr_line' id='line_1_92' title="bbox 1254 2475 1256 2493; baseline 0 0"><span class='ocrx_word' id='word_1_478' title='bbox 1254 2475 1256 2493; x_wconf 65' lang='lat' dir='ltr'>i</span> 
     </span>
    </p>
   </div>
   <div class='ocr_carea' id='block_1_38' title="bbox 1303 2280 2158 2493">
    <p class='ocr_par' dir='ltr' id='par_1_45' title="bbox 1303 2280 1368 2309">
     <span class='ocr_line' id='line_1_93' title="bbox 1303 2280 1368 2309; baseline -0.015 0"><span class='ocrx_word' id='word_1_479' title='bbox 1303 2280 1368 2309; x_wconf 87' lang='lat' dir='ltr'>tus.</span> 
     </span>
    </p>

    <p class='ocr_par' dir='ltr' id='par_1_46' title="bbox 1320 2343 2158 2433">
     <span class='ocr_line' id='line_1_94' title="bbox 1320 2343 2158 2386; baseline 0.002 -13"><span class='ocrx_word' id='word_1_480' title='bbox 1320 2343 1351 2373; x_wconf 93' lang='lat' dir='ltr'>S.</span> <span class='ocrx_word' id='word_1_481' title='bbox 1370 2343 1548 2384; x_wconf 84' lang='lat' dir='ltr'>Augustini,</span> <span class='ocrx_word' id='word_1_482' title='bbox 1584 2344 1719 2386; x_wconf 86' lang='lat' dir='ltr'>episcopi</span> <span class='ocrx_word' id='word_1_483' title='bbox 1755 2344 1977 2386; x_wconf 76' lang='lat' dir='ltr'>HipponensiS‚</span> <span class='ocrx_word' id='word_1_484' title='bbox 2012 2345 2158 2386; x_wconf 86' lang='lat' dir='ltr'>opuscula</span> 
     </span>
     <span class='ocr_line' id='line_1_95' title="bbox 1340 2395 1598 2433; baseline 0.008 -8"><span class='ocrx_word' id='word_1_485' title='bbox 1340 2395 1443 2431; x_wconf 77' lang='lat' dir='ltr'>varia;</span> <span class='ocrx_word' id='word_1_486' title='bbox 1470 2396 1598 2433; x_wconf 86' lang='lat' dir='ltr'>scilicet,</span> 
     </span>
    </p>

    <p class='ocr_par' dir='ltr' id='par_1_47' title="bbox 1321 2451 2156 2493">
     <span class='ocr_line' id='line_1_96' title="bbox 1321 2451 2156 2493; baseline 0.001 -13"><span class='ocrx_word' id='word_1_487' title='bbox 1321 2453 1348 2481; x_wconf 93' lang='grc'>1.</span> <span class='ocrx_word' id='word_1_488' title='bbox 1368 2451 1581 2487; x_wconf 80' lang='lat' dir='ltr'>Enchiridion,</span> <span class='ocrx_word' id='word_1_489' title='bbox 1594 2451 1708 2493; x_wconf 85' lang='lat' dir='ltr'>praevia</span> <span class='ocrx_word' id='word_1_490' title='bbox 1720 2452 1925 2492; x_wconf 85' lang='lat' dir='ltr'>capitulorum</span> <span class='ocrx_word' id='word_1_491' title='bbox 1938 2452 2054 2483; x_wconf 85' lang='lat' dir='ltr'>tabula.</span> <span class='ocrx_word' id='word_1_492' title='bbox 2071 2452 2121 2482; x_wconf 78' lang='lat' dir='ltr'>fol.</span> <span class='ocrx_word' id='word_1_493' title='bbox 2133 2463 2156 2483; x_wconf 66' lang='grc' dir='ltr'>Ζ.</span> 
     </span>
    </p>
   </div>
   <div class='ocr_carea' id='block_1_39' title="bbox 1410 2503 2157 2594">
    <p class='ocr_par' dir='ltr' id='par_1_48' title="bbox 1410 2503 2157 2594">
     <span class='ocr_line' id='line_1_97' title="bbox 1426 2503 2157 2545; baseline -0.001 -11"><span class='ocrx_word' id='word_1_494' title='bbox 1426 2503 1542 2534; x_wconf 86' lang='lat' dir='ltr'>Exstat</span> <span class='ocrx_word' id='word_1_495' title='bbox 1565 2503 1704 2545; x_wconf 84' lang='lat' dir='ltr'>impress.</span> <span class='ocrx_word' id='word_1_496' title='bbox 1725 2503 1807 2534; x_wconf 88' lang='lat' dir='ltr'>inter</span> <span class='ocrx_word' id='word_1_497' title='bbox 1829 2515 1935 2545; x_wconf 87' lang='lat' dir='ltr'>opera,</span> <span class='ocrx_word' id='word_1_498' title='bbox 1952 2509 2025 2535; x_wconf 88' lang='lat' dir='ltr'>tom.</span> <span class='ocrx_word' id='word_1_499' title='bbox 2040 2503 2076 2534; x_wconf 81' lang='lat' dir='ltr'>vi.</span> <span class='ocrx_word' id='word_1_500' title='bbox 2101 2503 2157 2534; x_wconf 89' lang='lat' dir='ltr'>col.</span> 
     </span>
     <span class='ocr_line' id='line_1_98' title="bbox 1410 2563 1476 2594; baseline 0.03 -12"><span class='ocrx_word' id='word_1_501' title='bbox 1410 2563 1443 2592; x_wconf 79' lang='lat'>19</span> <span class='ocrx_word' id='word_1_502' title='bbox 1447 2563 1476 2594; x_wconf 86' lang='lat'>5.</span> 
     </span>
    </p>
   </div>
   <div class='ocr_carea' id='block_1_40' title="bbox 1320 2616 2024 2657">
    <p class='ocr_par' dir='ltr' id='par_1_49' title="bbox 1320 2616 2024 2657">
     <span class='ocr_line' id='line_1_99' title="bbox 1320 2616 2024 2657; baseline 0.003 -12"><span class='ocrx_word' id='word_1_503' title='bbox 1320 2617 1348 2645; x_wconf 70' lang='lat'>2,</span> <span class='ocrx_word' id='word_1_504' title='bbox 1366 2616 1416 2647; x_wconf 82' lang='lat' dir='ltr'>De</span> <span class='ocrx_word' id='word_1_505' title='bbox 1431 2620 1545 2647; x_wconf 84' lang='lat' dir='ltr'>natura</span> <span class='ocrx_word' id='word_1_506' title='bbox 1560 2616 1643 2654; x_wconf 79' lang='lat' dir='ltr'>boni,</span> <span class='ocrx_word' id='word_1_507' title='bbox 1661 2627 1729 2647; x_wconf 88' lang='lat' dir='ltr'>eum</span> <span class='ocrx_word' id='word_1_508' title='bbox 1746 2616 1883 2657; x_wconf 84' lang='lat' dir='ltr'>prolege.</span> <span class='ocrx_word' id='word_1_509' title='bbox 1907 2616 1958 2647; x_wconf 89' lang='lat' dir='ltr'>fol.</span> <span class='ocrx_word' id='word_1_510' title='bbox 1980 2627 2024 2657; x_wconf 86' lang='lat'>13.</span> 
     </span>
    </p>
   </div>
   <div class='ocr_carea' id='block_1_41' title="bbox 1426 2667 1955 2708">
    <p class='ocr_par' dir='ltr' id='par_1_50' title="bbox 1426 2667 1955 2708">
     <span class='ocr_line' id='line_1_100' title="bbox 1426 2667 1955 2708; baseline 0.002 -11"><span class='ocrx_word' id='word_1_511' title='bbox 1426 2668 1543 2698; x_wconf 86' lang='lat' dir='ltr'>Exstat</span> <span class='ocrx_word' id='word_1_512' title='bbox 1560 2667 1635 2698; x_wconf 85' lang='lat' dir='ltr'>ibid.</span> <span class='ocrx_word' id='word_1_513' title='bbox 1651 2672 1726 2698; x_wconf 90' lang='lat' dir='ltr'>tom.</span> <span class='ocrx_word' id='word_1_514' title='bbox 1740 2667 1798 2698; x_wconf 80' lang='lat' dir='ltr'>viii.</span> <span class='ocrx_word' id='word_1_515' title='bbox 1816 2668 1872 2698; x_wconf 90' lang='lat' dir='ltr'>col.</span> <span class='ocrx_word' id='word_1_516' title='bbox 1883 2677 1955 2708; x_wconf 82' lang='lat'>502.</span> 
     </span>
    </p>
   </div>
   <div class='ocr_carea' id='block_1_42' title="bbox 1319 2730 2040 2772">
    <p class='ocr_par' dir='ltr' id='par_1_51' title="bbox 1319 2730 2040 2772">
     <span class='ocr_line' id='line_1_101' title="bbox 1319 2730 2040 2772; baseline 0 -11"><span class='ocrx_word' id='word_1_517' title='bbox 1319 2731 1348 2761; x_wconf 79' lang='lat'>8.</span> <span class='ocrx_word' id='word_1_518' title='bbox 1366 2730 1414 2761; x_wconf 88' lang='lat' dir='ltr'>De</span> <span class='ocrx_word' id='word_1_519' title='bbox 1430 2741 1503 2761; x_wconf 89' lang='lat' dir='ltr'>cura</span> <span class='ocrx_word' id='word_1_520' title='bbox 1518 2742 1573 2772; x_wconf 92' lang='lat' dir='ltr'>pro</span> <span class='ocrx_word' id='word_1_521' title='bbox 1590 2731 1721 2761; x_wconf 86' lang='lat' dir='ltr'>mortuis</span> <span class='ocrx_word' id='word_1_522' title='bbox 1737 2731 1867 2772; x_wconf 83' lang='lat' dir='ltr'>agenda.</span> <span class='ocrx_word' id='word_1_523' title='bbox 1891 2731 1942 2761; x_wconf 88' lang='lat' dir='ltr'>fol.</span> <span class='ocrx_word' id='word_1_524' title='bbox 1965 2740 1998 2770; x_wconf 84' lang='lat'>17</span> <span class='ocrx_word' id='word_1_525' title='bbox 2013 2731 2040 2761; x_wconf 87' lang='lat' dir='ltr'>b.</span> 
     </span>
    </p>
   </div>
   <div class='ocr_carea' id='block_1_43' title="bbox 1425 2781 1808 2823">
    <p class='ocr_par' dir='ltr' id='par_1_52' title="bbox 1425 2781 1808 2823">
     <span class='ocr_line' id='line_1_102' title="bbox 1425 2781 1808 2823; baseline -0.003 -11"><span class='ocrx_word' id='word_1_526' title='bbox 1425 2781 1504 2812; x_wconf 86' lang='lat' dir='ltr'>Ibid.</span> <span class='ocrx_word' id='word_1_527' title='bbox 1522 2786 1597 2813; x_wconf 88' lang='lat' dir='ltr'>tom.</span> <span class='ocrx_word' id='word_1_528' title='bbox 1611 2781 1649 2812; x_wconf 90' lang='lat' dir='ltr'>vi.</span> <span class='ocrx_word' id='word_1_529' title='bbox 1666 2781 1723 2812; x_wconf 89' lang='lat' dir='ltr'>col.</span> <span class='ocrx_word' id='word_1_530' title='bbox 1735 2792 1808 2823; x_wconf 84' lang='lat'>515.</span> 
     </span>
    </p>
   </div>
  </div>
 </body>
</html>
