2254 3117
650 152 890 187 COLLEGII
919 153 1295 192 MER'I'ONENSTS.
1835 166 1846 196 1

143 249 163 279 f.
181 248 230 279 Dc
257 260 351 291 opera
378 250 598 281 monachorum
626 251 703 281 liber
728 251 939 282 abbreviatus.

205 300 257 330 fol.
276 303 292 331 8
308 301 336 331 b.

232 352 329 394 Incip.
342 353 517 383 “Dominus
529 353 697 384 monachos
710 354 740 384 in
754 354 940 394 quandam.”

139 432 170 462 g.
190 421 239 451 De
255 420 415 462 disciplina
431 420 687 451 Christianorum.
712 421 762 451 fol.
780 432 810 461 9.

225 472 322 513 Incip.
341 477 358 489 ⁴·
374 472 511 503 Locutus
527 477 575 504 est
596 473 637 504 ad
654 484 709 504 nos
725 484 826 504 sermo
842 473 920 510 Dei3

203 528 276 554 tom.
291 523 327 553 vi.
344 523 400 554 col.
415 523 487 564 581.

968 456 970 463 ι

922 474 939 484 u

201 641 339 672 solantis.
364 642 415 672 fol.
438 652 469 672 11
488 642 517 672 b.

223 693 321 734 Incip.
342 698 360 709 “
374 693 435 723 Hic
452 693 694 724 introducuntur
709 694 866 735 persone.”

137 757 154 787 i.
172 757 222 787 Dc
238 757 415 787 visitatione
431 757 623 788 infirmorum
640 758 710 788 libri
726 758 798 789 duo.
822 759 873 789 fol.
889 769 935 790 12.

138 591 168 621 h.
186 590 336 631 Dialogus
348 590 480 621 hominis
492 591 669 632 plangentis
680 595 711 622 et
724 591 854 622 rationis
867 603 938 622 con·
967 465 971 664 Ξ

221 808 302 839 Ibid.
321 814 396 839 tom.
410 809 448 839 vi.
465 820 538 849 app.
556 809 611 839 eol.
629 819 699 850 253.
966 816 968 831 ²

71 879 100 908 ⁶2.
118 877 278 908 Paschasii
306 877 469 912 Radberti,
496 877 702 918 Corbeicnsis,
734 877 868 919 epistola
898 879 936 909 ‹le

133 939 261 969 corpore
277 932 308 958 et
325 928 474 969 sanguine
492 928 618 958 Domini
634 929 674 959 ad
689 928 933 969 Fredegardum,
966 959 967 965 ,

133 980 261 1011 fratrem
278 984 310 1010 et
326 980 575 1011 commilitonem.
601 980 651 1011 fol.
676 989 709 1021 15
723 981 751 1011 b.

198 1036 259 1067 Tit.
278 1042 295 1053 ‘⁵
310 1036 497 1067 Paschasius
513 1037 551 1067 de
567 1048 695 1078 corpore
713 1037 860 1068 Christis*

175 1090 292 1121 Exstat
308 1091 390 1122 iuter
405 1102 510 1132 opera,
532 1093 623 1129 1618,
640 1093 696 1123 col.
715 1094 804 1133 1619.

69 1157 98 1185 3.
117 1155 266 1196 Ejusdem
282 1155 371 1191 liber,
387 1155 526 1196 ejusdem
547 1156 611 1186 fere
634 1157 782 1187 momenti
804 1157 844 1187 ad
862 1157 933 1188 Pla-

131 1207 244 1243 cidum,
260 1207 380 1248 praeviis
397 1207 535 1237 versibus
552 1212 584 1238 ct
600 1208 738 1249 prologo.
762 1208 814 1239 fol.
831 1219 867 1249 19
881 1209 908 1239 b.

196 1258 276 1288 Ibid.
294 1257 350 1288 col.
373 1268 462 1298 1554.

68 1324 95 1353 4.
112 1322 261 1364 Ejusdem
277 1322 315 1352 de
333 1321 543 1353 Sacramentis
559 1322 646 1353 liber.
672 1322 722 1352 fol.
739 1332 775 1360 27
790 1324 820 1354 b.

195 1373 291 1414 Incip.
318 1376 336 1389 ‘⁴
354 1372 508 1412 Quoniam
535 1372 666 1414 populus
694 1373 735 1403 ad
762 1373 854 1404 fidem
879 1385 931 1405 vo-
960 1384 961 1391 ¹

172 1425 294 1454 catus.''

65 1489 94 1518 5.
112 1487 269 1528 Anonymi
299 1487 460 1528 cujusdam
491 1488 522 1518 in
552 1488 694 1530 Dionysii
725 1489 928 1531 Areopagitae
959 1473 961 1520 i

127 1538 239 1569 librum
270 1539 308 1569 de
339 1539 448 1569 divinis
474 1540 650 1571 nominibus
677 1541 928 1572 commentarius.
959 1535 960 1540 ¹

126 1590 179 1621 fol.
193 1601 209 1631 3
214 1601 243 1631 5.

191 1642 290 1683 Incip.
314 1646 331 1659 “
348 1642 492 1677 Domine.
517 1643 671 1674 Dominus
694 1648 811 1681 noster,
835 1655 928 1686 quam

168 1692 351 1723 admirabile
370 1698 417 1724 est
436 1704 548 1724 nomen
564 1698 664 1732 tuum,
680 1706 742 1726 non
758 1695 856 1726 solum
872 1696 926 1727 mi-

167 1744 264 1775 rabile
280 1745 334 1775 sed
350 1745 561 1776 admirabile.”

62 1807 91 1839 6.
107 1807 272 1839 Extractio
295 1809 357 1839 sive
382 1809 598 1851 compendium
623 1810 761 1852 ejusdem
785 1811 926 1852 Dionysii

124 1860 162 1890 de
178 1860 330 1901 Angelica
352 1860 527 1892 hierarchia
550 1862 629 1899 libri,
654 1863 822 1893 secundum
844 1863 924 1893 Tho-

123 1923 206 1942 mam
231 1912 262 1943 S.
281 1913 413 1943 Andreae
430 1913 669 1951 Vercellensem,
693 1925 762 1945 cum
785 1914 924 1956 prologo.

125 1964 176 1995 fol.
193 1974 233 2004 52
248 1964 277 1995 b.

187 2015 304 2047 Exstat
320 2020 401 2046 teste
418 2016 529 2053 caveo,
548 2016 630 2047 inter
645 2028 749 2058 opera,
771 2019 862 2059 1536.

61 2081 88 2112 7.
113 2080 261 2121 Ejusdem
292 2080 458 2118 extractio,
481 2081 543 2112 sive
573 2082 800 2123 compendium,
829 2083 922 2114 eccle-

123 2131 256 2162 siasticae
272 2131 464 2163 hierarchiae.
489 2132 540 2163 fol.
558 2134 607 2174 63.

186 2183 248 2214 Tit.
262 2188 278 2200 ‘⁶
290 2183 458 2214 Extraccio
471 2184 613 2215 ecclesie:
632 2184 702 2218 Qne
715 2184 922 2216 ecclesiastice

164 2234 314 2265 ierarchie
330 2235 460 2266 traditio
476 2240 508 2266 et
524 2235 616 2276 hujus
633 2236 795 2267 intentio.''

185 2289 301 2321 Exstat
317 2290 392 2321 ibid.
410 2291 519 2322 eodem
535 2296 624 2322 teste.

59 2355 86 2384 8.
104 2354 134 2385 S.
150 2355 319 2397 Augustini
349 2356 428 2386 liber
457 2356 498 2387 ad
526 2356 692 2387 Paulinam
722 2356 761 2386 de
788 2356 920 2388 videndo

87 2430 102 2434 ..
120 2405 196 2437 Deo.
221 2406 272 2437 fol.
292 2416 342 2445 72.

185 2457 300 2489 Exstat
316 2459 455 2500 impress.
472 2459 555 2489 inter
569 2469 674 2500 opera,
691 2459 739 2489 ed.
756 2458 917 2490 Benedict.

161 2514 236 2539 tom.
253 2509 282 2539 ii.
306 2509 440 2550 fol.473.

56 2571 86 2603 9.
104 2570 251 2612 Ejusdem
275 2571 444 2612 Augustini
474 2572 514 2602 ad
547 2571 686 2602 Italicam
717 2572 850 2613 epistola
880 2573 918 2604 de

118 2622 236 2653 eodem.
259 2622 310 2652 fol.
325 2623 363 2662 78
377 2624 407 2653 b.

182 2674 262 2704 Ibid.
278 2678 354 2704 tom.
368 2674 397 2704 ii.
414 2673 469 2704 col.
487 2682 557 2714 227.

36 2737 84 2767 10.
103 2736 251 2779 Ejusdem
268 2749 369 2768 sermo
384 2738 424 2768 ad
440 2737 587 2768 JuveneS.
611 2738 661 2769 sol.
681 2748 731 2778 79.

181 2789 261 2820 Ibid.
278 2794 354 2821 tom.
369 2800 395 2819 v.
413 2789 468 2820 col.
487 2799 575 2830 1500.

1857 167 1878 196 5

994 252 1044 282 11.
1062 253 1091 284 S.
1105 256 1255 293 Anselmi‚
1279 257 1414 299 archiep.
1440 258 1588 290 Cantuar.
1613 260 1732 291 libellus
1760 261 1798 291 dc
1823 262 1876 291 Sa-

1078 309 1245 338 cramentis
1261 309 1405 340 ecclcsiae.
1430 310 1479 341 fol.
1499 312 1538 341 80
1550 311 1580 342 b.

1121 358 1209 389 Inter
1224 371 1326 400 opera,
1344 361 1416 391 odit..
1440 371 1527 400 1721,
1544 374 1574 403 p.
1592 373 1660 404 139.

992 423 1042 453 12.
1060 423 1090 453 S.
1104 424 1271 466 Augustini
1287 428 1434 468 opuscula
1449 429 1529 464 alia:
1556 430 1681 466 scilicet.

1054 494 1082 513 a.
1103 483 1148 513 De
1164 485 1328 516 amissione¹
1346 488 1540 528 virginitatis.
1564 489 1615 520 fol.
1633 492 1682 520 81.

1141 533 1238 575 Incip.
1258 543 1274 551 ”·
1287 535 1402 566 Anima
1426 548 1503 573 mea,
1521 539 1624 569 anima
1645 550 1831 580 erumpnosa
1844 542 1873 574 2³⁹

1120 588 1153 614 ut
1170 584 1251 614 inter
1267 586 1408 616 Ansclmi
1425 598 1527 628 opera,
1547 600 1574 629 p.
1590 590 1659 619 208.

1053 642 1082 673 b.
1101 642 1151 673 De
1167 644 1325 674 reddendo
1341 651 1424 683 νοω,
1436 648 1476 678 ad
1494 648 1727 680 Armentarium
1743 655 1774 680 et
1794 651 1873 680 Pau-

1117 694 1221 725 linam.
1246 696 1295 725 fol.
1315 697 1362 726 82.

1139 745 1236 787 Incip.
1255 756 1272 763 ··
1286 747 1347 777 Vir
1369 749 1510 790 egregius
1536 751 1616 781 filius
1642 753 1768 785 meus:”
1792 754 1873 784 inter

1118 798 1287 839 Augustini
1304 810 1406 840 opera,
1425 804 1499 831 tom.
1514 801 1544 831 ii.
1562 803 1618 832 col.
1632 812 1704 845 373.

1051 869 1076 888 c.
1095 857 1203 888 Sermo
1220 859 1258 889 de
1274 859 1419 900 perjurio.
1446 861 1495 891 fol.
1515 864 1551 902 83
1567 863 1596 892 b.

1138 910 1236 951 Incip.
1254 918 1272 927 ‘⁴
1286 911 1393 942 Prima
1423 912 1515 944 lectio
1546 926 1605 954 que
1629 916 1717 946 nobis
1744 916 1872 949 hodic?

1114 967 1190 992 tom.
1204 973 1234 993 v.
1252 963 1308 993 col.
1324 965 1395 1004 851).

1051 1016 1080 1047 d.
1098 1017 1146 1047 De
1163 1017 1400 1048 immortalitate
1416 1018 1536 1049 animae.
1562 1020 1612 1050 fol.
1631 1020 1668 1061 85
1683 1022 1712 1051 b.

1139 1069 1238 1111 Incip.
1257 1074 1274 1086 ⁶·
1288 1070 1320 1100 Si
1336 1070 1451 1101 alicubi
1473 1079 1520 1102 est
1537 1072 1698 1113 disciplina
1710 1075 1741 1109 3¹³
1765 1079 1838 1104 tom.
1853 1075 1869 1104 i.

1113 1121 1168 1151 col.
1184 1123 1255 1162 337.

1050 1188 1076 1207 e.
1094 1176 1201 1207 Sermo
1217 1177 1255 1207 de
1271 1177 1383 1208 timore
1400 1178 1536 1209 Domini.
1561 1179 1611 1209 fol.
1629 1190 1679 1219 91.

1135 1228 1232 1270 Incip.
1251 1233 1268 1245 ‘·
1282 1229 1501 1260 Recordamini
1526 1231 1692 1266 vobiscum,
1710 1231 1869 1262 dilectissi-

1112 1280 1153 1310 mi
1165 1280 1191 1316 ;”
1216 1285 1334 1311 t01n.v.
1352 1281 1408 1312 col.
1426 1283 1513 1323 1338.

1048 1333 1068 1364 f.
1088 1335 1137 1364 De
1154 1335 1265 1375 spiritu
1282 1339 1313 1366 et
1330 1335 1430 1366 litera.
1454 1335 1506 1366 fol.
1525 1347 1565 1376 90
1578 1336 1609 1367 b.

1134 1385 1230 1427 Incip.
1243 1386 1377 1418 “Lectis
1388 1387 1542 1428 opusculis
1553 1399 1612 1429 que
1623 1389 1663 1419 ad
1674 1392 1705 1419 te
1716 1390 1741 1426 3⁵*
1758 1394 1830 1419 tom.
1842 1401 1868 1419 x.

1111 1436 1168 1466 col.
1183 1438 1232 1467 86.

1045 1502 1076 1532 g.
1094 1491 1141 1522 De
1157 1496 1271 1523 natura
1288 1492 1399 1522 summi
1417 1493 1499 1524 boni.
1525 1493 1576 1524 sol.
1597 1503 1652 1534 103
1669 1494 1698 1524 b.

1132 1542 1230 1584 Incip.
1239 1544 1425 1574 “Summum
1439 1544 1554 1574 bonum
1567 1556 1628 1586 quo
1641 1545 1781 1586 superius
1794 1545 1867 1575 nihil

1110 1597 1157 1623 est
1170 1593 1197 1628 ;”
1220 1598 1296 1625 tom.
1308 1594 1368 1624 viii.
1386 1595 1442 1625 col.
1456 1604 1529 1636 501.

1045 1648 1074 1679 h.
1093 1649 1235 1688 Qualiter
1250 1651 1343 1682 homo
1360 1652 1462 1682 factus
1483 1656 1531 1682 est
1554 1652 1594 1682 ad
1614 1652 1779 1694 imaginem
1798 1652 1865 1683 Dei.

1108 1701 1160 1731 fol.
1181 1711 1248 1743 105.

1130 1750 1228 1793 Incip.
1254 1755 1275 1770 “
1292 1752 1419 1792 Quanta
1442 1753 1579 1795 dignitas
1607 1754 1741 1785 humane
1764 1755 1866 1785 condi-

1107 1802 1203 1834 cionis
1215 1803 1242 1840 3⁵⁷
1266 1804 1302 1835 cf.
1320 1809 1395 1835 tom.
1410 1805 1447 1835 vi.
1465 1805 1549 1847 App.
1565 1805 1622 1836 col.
1637 1815 1708 1847 292.

1042 1858 1062 1888 i.
1082 1857 1247 1900 Expositio
1264 1860 1393 1902 symboli
1410 1865 1520 1892 contra
1536 1861 1674 1892 Judaeos.
1699 1861 1749 1892 fol.
1766 1871 1821 1903 105
1835 1863 1862 1891 b.

1127 1910 1227 1952 Incip.
1252 1916 1270 1928 ⁴⁶
1284 1911 1374 1943 Inter
1399 1923 1560 1954 pressuras
1584 1918 1680 1954 atque
1703 1913 1864 1954 angustias

1104 1963 1256 2003 presentis
1268 1963 1297 1999 ;”
1320 1969 1395 1995 tom.
1409 1964 1470 1995 viii.
1489 1965 1572 2006 App.
1589 1965 1647 1995 col.
1665 1975 1676 1995 1
1687 1975 1711 1994 1.

1041 2017 1071 2047 k.
1091 2017 1139 2047 De
1155 2018 1237 2049 bono
1254 2019 1418 2061 conjugali.
1445 2020 1498 2050 fol.
1516 2030 1527 2050 1
1539 2030 1586 2052 11.

1125 2069 1224 2111 Incip.
1249 2076 1267 2086 “
1281 2071 1436 2110 Quoniam
1459 2071 1668 2112 unusquisque
1692 2071 1784 2101 homo
1806 2070 1860 2100 hu-

1103 2121 1186 2152 mani
1201 2122 1324 2163 generis
1340 2134 1413 2164 pars
1430 2127 1478 2154 est
1489 2124 1520 2158 ;”
1544 2127 1620 2153 tom.
1634 2123 1672 2153 vi.
1689 2122 1744 2153 col.
1759 2132 1829 2163 319.

1037 2176 1055 2206 l.
1074 2176 1123 2207 De
1139 2177 1247 2208 ordine
1262 2189 1366 2208 rerum
1382 2178 1452 2208 libri
1469 2179 1540 2209 duo.
1564 2179 1614 2209 fol.
1635 2179 1703 2209 118.

1123 2227 1204 2257 Ibid.
1223 2232 1297 2259 tom.
1314 2228 1331 2258 i.
1350 2228 1405 2258 col.
1419 2238 1490 2270 315.

973 2295 1024 2325 18.
1042 2294 1162 2325 Glossae
1187 2295 1250 2326 sive
1273 2295 1406 2337 postillae
1428 2295 1459 2326 in
1476 2295 1508 2326 S.
1526 2295 1615 2326 Pauli
1639 2295 1801 2336 epistolam
1817 2294 1855 2324 ad

1058 2346 1257 2377 Timotheum
1274 2348 1451 2378 secundam.
1476 2347 1525 2378 fol.
1549 2357 1615 2386 124.

1122 2399 1219 2441 Incip.
1235 2404 1252 2416 ⁶*
1264 2400 1302 2430 In
1319 2400 1380 2430 isto
1395 2405 1581 2440 argumento
1594 2402 1766 2440 tanguntur
1783 2408 1854 2437 qua-

1099 2455 1171 2481 tuor
1186 2451 1307 2481 cause.”

971 2519 1019 2549 14.
1038 2519 1174 2550 Postillae
1191 2519 1222 2549 in
1238 2520 1401 2561 epistolam
1418 2521 1457 2550 ad
1475 2520 1590 2550 Titum.
1615 2518 1666 2549 fol.
1689 2528 1754 2558 131.

1119 2571 1217 2612 Incip.
1231 2580 1248 2588 ⁵*
1259 2571 1297 2601 In
1313 2572 1374 2602 isto
1390 2576 1574 2612 argumento
1589 2574 1763 2610 tanguntur
1780 2579 1852 2610 qua-

1096 2627 1168 2653 tuor
1184 2624 1303 2653 cause.”

969 2691 1018 2721 15.
1036 2690 1074 2721 In
1091 2691 1267 2732 Epistolam
1283 2692 1322 2721 ad
1343 2690 1504 2721 Hebraeos.
1528 2688 1578 2719 fol.
1601 2691 1665 2729 136.

1117 2742 1216 2783 Incip.
1247 2747 1264 2758 ‘⁴
1279 2742 1367 2773 Circa
1405 2742 1485 2771 hunc
1524 2739 1684 2780 prologum
1721 2738 1850 2780 epistole

1094 2793 1341 2834 subsequentis.”
