2254 3117
809 156 1047 191 COLLEGII
1077 159 1215 195 Novi.
1865 167 1906 197 41

206 252 243 282 In
268 252 349 283 calce
372 253 421 283 lib.
440 253 457 283 i.
484 259 502 268 “
517 253 651 294 Explicit
675 253 807 294 primum
831 253 979 294 scriptum

183 314 276 344 super
301 303 413 334 librum
440 304 673 335 Sententiarum
701 304 818 335 editum
842 315 861 334 a
884 304 980 335 fratrc

182 355 328 386 Johannc
345 356 434 386 Dons
450 357 487 387 (10
504 357 610 387 ordine
629 357 773 387 Fratrum
788 356 980 386 Minoriuu.”

205 406 394 447 Sequuntur,
429 408 695 438 “Intitulationcs
725 419 816 448 super
847 408 979 449 primum

184 457 295 488 librum
310 460 339 494 ;’'
356 463 414 489 etc.

207 509 244 538 In
272 509 355 539 calce
379 509 503 539 secundi
529 508 608 545 libri,
635 514 653 523 “
669 508 805 549 Explicit
829 509 980 539 sccundus

182 559 260 590 liber
282 560 506 591 sententiarum
531 560 698 590 secundum
726 560 885 591 doctorem
910 561 979 590 sub-

183 610 300 641 tilem.”

207 662 244 692 In
265 662 347 692 calce
368 661 437 692 libri
454 662 549 695 tertii,
575 668 593 676 “
607 662 743 703 Explicit
760 663 869 693 Douns
890 675 981 704 super

182 713 313 743 tercium
329 713 441 743 librum
457 713 701 749 Senteuciarum,
723 714 805 745 Laus
823 715 921 745 Dco.”

466 827 604 861 CXIV,

98 886 217 924 Codex
236 889 529 927 membranaceus,
545 889 579 922 iu
598 889 679 922 folio
698 890 829 934 majori,
848 890 881 924 ff.
898 894 978 931 273,

123 959 188 981 sec.
207 959 273 987 xv„
298 948 386 981 binis
413 947 582 981 columnis
605 949 736 992 optime
758 954 919 982 exaratus
944 954 977 982 ct

122 1011 286 1040 servatus.

141 1078 169 1106 1.
185 1076 338 1106 Johannis
361 1076 450 1106 Duns
475 1075 559 1106 Scoti
584 1087 677 1117 super
700 1081 844 1117 quartum
867 1077 978 1107 librum

204 1127 436 1158 Sententiarum
466 1128 728 1163 omnincntarius3
761 1129 849 1159 initio
880 1129 978 1160 mutil.

204 1178 307 1209 evulso
322 1179 395 1209 folio
411 1179 520 1220 primo.
544 1179 594 1209 fol.
619 1190 639 1208 1.

248 1230 343 1271 Incip.
369 1230 399 1260 iu
423 1231 532 1265 verbis,
560 1230 777 1272 “Oppositum
804 1232 843 1262 ab
871 1233 979 1263 eodem

224 1281 361 1312 effective
377 1286 424 1312 est
441 1293 507 1312 esse
522 1282 684 1322 oppositi.”

248 1334 286 1363 In
312 1333 371 1363 fine
398 1333 500 1364 differt
522 1334 619 1364 codex
641 1338 748 1364 noster
770 1334 809 1364 ab
833 1334 924 1365 editis
948 1340 979 1364 ct
1008 1370 1010 1378 ὲ

224 1384 356 1415 multum
383 1389 430 1415 est
454 1385 665 1422 abbreviatus,
693 1385 844 1422 desinens,
873 1390 908 1416 ut
935 1397 979 1416 sc·
1008 1388 1010 1399 ³

224 1436 340 1477 quitur,
359 1437 438 1466 “Ad
459 1442 644 1477 argumenta
666 1437 726 1466 (1110
744 1442 831 1477 patet
849 1449 902 1478 per
912 1438 978 1478 jum

224 1488 308 1518 (licta
329 1488 366 1518 de
388 1488 637 1528 impossibilitate
660 1493 691 1518 et
707 1488 891 1522 subtilitate,
910 1500 978 1530 pro-
1008 1519 1009 1524 ¹

223 1539 338 1570 cedunt
350 1539 431 1569 enim
447 1539 614 1569 secundum
628 1539 691 1569 vias
708 1550 788 1569 suas.
822 1540 872 1570 Ad
889 1551 979 1581 argu-

223 1594 362 1621 mentum
383 1595 502 1621 motum
522 1591 560 1621 de
583 1590 726 1621 claritate
749 1591 979 1622 concedendum

224 1646 283 1679 est,
308 1652 401 1683 quam
427 1642 602 1673 claritatem
627 1643 721 1673 Scoto
744 1643 895 1674 concedat
919 1643 978 1680 Qui

224 1697 271 1724 est
287 1693 468 1724 benedictus
484 1693 515 1724 in
531 1693 633 1724 secula
649 1694 832 1730 seculorum,
848 1694 979 1724 Amen.”

140 1757 345 1798 2.[Gu1ielmi
370 1757 525 1798 Alvcrni‚]
555 1758 688 1799 episcopi
721 1758 913 1794 parisiensis,
941 1759 979 1789 dc

202 1813 321 1849 septem
343 1808 553 1840 sacramentis
575 1810 661 1845 liber,
689 1821 758 1840 eum
785 1810 977 1851 praefatione.
1008 1837 1009 1845 ,

202 1859 252 1889 fol.
271 1860 338 1890 188.

246 1910 343 1952 Incip.
356 1911 442 1952 praef.
460 1917 478 1926 “
493 1912 569 1942 Cum
584 1912 621 1941 dc
638 1912 689 1953 pia
705 1924 741 1943 ac
754 1913 887 1943 veridica
899 1913 977 1943 salu·
1008 1907 1009 1911 ¹

223 1963 346 2004 tarique
362 1963 422 1993 fide
438 1975 496 2004 quc
513 1964 693 1995 Christiana
706 1969 737 1995 et
754 1965 978 1996 tricatliolica.”

245 2013 361 2045 Exstat
385 2025 473 2055 opus,
496 2015 637 2045 variante
661 2015 852 2056 praefatione,
878 2015 977 2046 Paris.

228 2066 306 2106 1516
323 2070 355 2096 et
370 2066 452 2096 alibi.

247 2117 285 2146 In
301 2117 394 2155 calce,
412 2123 429 2132 “
444 2117 582 2158 Explicit
600 2117 788 2158 Expliciunt,
806 2117 883 2148 etos*

484 2232 600 2266 CXV.

100 2294 401 2335 Membrauaceus,
435 2295 469 2328 in
501 2295 594 2335 folio,
626 2294 658 2328 ff.
691 2297 773 2333 200,
804 2306 872 2327 sec.
902 2306 979 2333 xv.;

123 2353 210 2387 binis
229 2353 397 2387 columnis
424 2354 532 2387 nitide
559 2358 741 2393 exaratus3
769 2353 851 2386 olim
877 2364 980 2397 pecu·
1008 2379 1009 2390 ,

124 2411 207 2445 1111111
228 2411 280 2445 M.
299 2411 337 2445 T.
357 2411 474 2456 Hylle.

140 2481 169 2510 1.
188 2480 305 2510 Scotuli
322 2479 507 2520 quaestiones
523 2490 616 2520 super
638 2478 732 2508 libros
751 2481 886 2518 quatuor
902 2478 978 2508 Sen-

202 2530 383 2565 tentiarum,
410 2530 474 2560 sive
498 2529 733 2570 compilationes
763 2532 913 2559 extractae
941 2539 978 2558 ex
1008 2524 1009 2529 ¹

201 2581 276 2612 Joh.
294 2581 382 2611 Duns
399 2581 483 2611 Scoti
500 2592 592 2621 opere
608 2580 638 2610 in
655 2579 789 2610 eosdem.
813 2579 863 2609 101.
882 2589 905 2609 1.

245 2632 306 2662 Τ11.
325 2638 343 2646 “
357 2631 514 2672 Incipiunt
527 2631 659 2671 quedam
676 2629 911 2670 compilaciones
927 2640 977 2659 ex-

222 2687 323 2714 tracte
339 2683 377 2713 de
392 2693 485 2723 opere
502 2682 587 2712 Scoti
604 2691 696 2721 super
711 2680 806 2710 libros
823 2680 978 2711 Sententi-

223 2745 312 2764 arum
332 2745 369 2764 ex
388 2733 498 2774 quibus
523 2733 660 2763 traditur
683 2731 817 2762 medulla
840 2732 978 2773 predicte

223 2796 340 2816 summe
356 2784 526 2815 doctoris.‘'

1180 256 1276 299 Incip.
1296 264 1313 274 ¹¹
1323 259 1413 290 Circa
1425 259 1584 300 prologum
1597 259 1665 290 libri
1679 260 1909 291 Sententiarum

1160 320 1220 349 qua
1238 333 1391 340 .......
1415 310 1528 340 homini
1551 322 1606 352 pro
1627 316 1711 341 statu
1729 311 1788 342 isto
1804 313 1843 343 sit
1860 324 1909 343 uc-

1160 360 1324 390 cessarium
1344 361 1477 401 aliquam
1504 362 1677 392 doctrinam
1702 362 1854 404 inspirari,
1870 365 1908 394 ad

1159 421 1250 451 quam
1268 423 1326 441 non
1344 417 1446 452 posset
1464 413 1648 443 naturaliter
1662 414 1850 455 attingere.”

1182 461 1286 491 Dcsin.
1299 462 1350 493 lib.
1362 463 1397 492 iv.
1417 470 1433 478 ‘⁴
1446 463 1517 504 quia
1533 464 1660 504 quilibet
1673 465 1782 495 beatus
1796 466 1909 506 gaude—

1159 511 1204 541 bit
1230 513 1267 542 dc
1292 514 1432 544 omnibus
1456 515 1494 544 dc
1521 515 1630 555 quibus
1657 517 1805 555 gaudebit
1832 517 1910 547 alius

1160 563 1279 600 beatus,
1299 565 1337 594 ad
1359 566 1439 605 quod
1460 566 1736 605 ἒ<,11111(1111111(31111511
1755 567 1812 598 Dei
1832 568 1910 597 filius

1160 625 1215 643 nos
1231 616 1377 655 perducat
1392 617 1420 652 ;''
1437 623 1494 647 etc.

1184 665 1220 695 In
1247 666 1337 700 calce,
1367 673 1384 681 ‘¹
1400 667 1576 708 Expliciunt
1608 669 1793 710 quaestioucs
1820 681 1911 711 super

1160 721 1293 756 quatuor
1308 717 1401 748 libros
1418 719 1671 750 sententiarum.”

1181 767 1338 808 Sequitur,
1371 775 1387 783 ‘⁴
1406 769 1526 801 Tabula
1564 771 1769 811 quzestionum
1808 772 1909 802 unius-

1159 819 1305 859 cujusque
1321 819 1417 850 libri.”

1074 884 1101 913 9.
1122 884 1277 924 Anonymi
1319 884 1479 924 cujusdam
1523 886 1703 926 opuseulum
1741 892 1910 918 commuta-

1138 934 1257 964 tionum
1282 935 1363 965 inter
1390 940 1587 972 mercatores,
1612 937 1673 967 sive
1696 939 1909 978 compendium

1137 985 1274 1017 ῑ1118111110,
1302 987 1542 1021 commutativw,
1570 988 1598 1017 in
1630 992 1694 1018 tres
1724 994 1828 1029 partes
1851 990 1911 1020 dis-

1137 1037 1280 1073 tinctum,
1298 1049 1365 1068 cum
1383 1038 1509 1079 prologo
1531 1043 1562 1069 et
1585 1039 1715 1080 epistola
1737 1041 1776 1070 ad
1794 1052 1910 1082 przepo-

1137 1088 1230 1118 situm
1250 1090 1438 1119 Etonensem
1455 1089 1654 1120 dedicatoria.
1679 1091 1729 1120 101.
1748 1094 1812 1130 184.

1181 1139 1240 1170 Tit.
1282 1140 1426 1181 “Incipit
1464 1141 1597 1181 prcsacio
1628 1141 1657 1171 in
1685 1142 1833 1178 libellum,
1861 1143 1911 1183 qui

1157 1196 1353 1232 nuncupatur
1376 1192 1590 1232 compendium
1617 1192 1750 1223 Justicie
1775 1205 1909 1224 eommu—

1159 1243 1287 1273 tatii-es’

1180 1293 1240 1324 Tit.
1255 1294 1342 1335 epist.
1358 1294 1620 1324 “Pl-clionoi'abili
1639 1295 1763 1326 domino
1779 1303 1811 1327 et
1826 1307 1912 1326 vene-

1159 1346 1247 1376 rabili
1274 1346 1433 1387 magistrO,
1460 1346 1518 1376 Dei
1537 1346 1641 1387 gratia
1662 1347 1779 1387 collegii
1803 1347 1913 1388 regalis

1158 1397 1247 1427 beate
1284 1397 1384 1427 Marie
1421 1398 1459 1428 de
1490 1397 1594 1428 Etona
1625 1398 1774 1439 prenobili
1805 1409 1912 1439 prepo-

1159 1449 1250 1478 sit‹›.”

1181 1499 1277 1540 Incip.
1295 1500 1384 1541 epist.
1410 1499 1516 1530 “Cum
1541 1505 1644 1530 vestra
1668 1500 1804 1541 dignitas
1827 1511 1914 1530 vene-

1158 1552 1256 1581 randa
1282 1551 1519 1591 prehonorandc
1545 1551 1679 1582 Domine
1706 1552 1822 1582 dudum
1847 1563 1913 1581 mcc

1158 1602 1394 1643 siinplicitatis.”

1181 1653 1280 1695 Incip.
1308 1653 1385 1695 prol.
1420 1653 1603 1695 “Egregius
1633 1654 1744 1684 doctor
1769 1654 1914 1684 Aurelius·

1158 1707 1352 1748 Augustinus
1368 1706 1528 1748 perspicuc
1545 1706 1696 1747 siquidem
1712 1706 1884 1737 lucefacit.’'

1180 1758 1277 1799 Incip.
1295 1762 1376 1799 part.
1390 1758 1408 1788 i.
1425 1769 1491 1798 cap.
1510 1758 1527 1788 i.
1547 1764 1565 1772 “
1578 1758 1626 1788 Dc
1639 1757 1704 1798 lege
1722 1757 1911 1798 simpliciter.

1159 1809 1224 1839 Lex
1244 1814 1350 1840 autem
1375 1809 1564 1850 simpliciter,
1586 1814 1620 1839 ut
1643 1809 1682 1839 ad
1705 1819 1810 1839 omnes
1831 1809 1912 1850 leges

1158 1860 1368 1891 indifferenter
1384 1871 1416 1891 se
1432 1860 1560 1891 habet.”

1178 1911 1291 1941 Deficit
1306 1911 1337 1941 in
1353 1915 1434 1953 part.
1451 1910 1481 1940 ii.
1500 1921 1566 1950 cap.
1585 1910 1651 1946 ult.9
1676 1915 1683 1925 ⁸
1696 1909 1744 1939 De
1763 1910 1911 1939 bonorum

1156 1963 1383 2003 adquisitorum
1407 1974 1462 2004 per
1484 1973 1594 1992 usuras
1618 1961 1815 1992 restitutione
1842 1960 1913 1990 faci-

1157 2014 1257 2049 enda?
1282 2014 1312 2044 in
1339 2014 1449 2050 verbis,
1479 2020 1496 2028 ‘¹
1511 2013 1631 2043 cedenti
1657 2017 1722 2043 tam
1746 2013 1910 2042 honestate

1158 2065 1269 2096 civili.”

1404 2145 1538 2179 CXVI.

1030 2204 1149 2238 Codex
1177 2204 1470 2239 membranaceus,
1498 2204 1531 2236 in
1560 2202 1651 2237 10110,
1682 2201 1712 2234 ff.
1739 2204 1817 2239 103,
1847 2212 1911 2234 sec.

1051 2263 1130 2298 xiv„
1150 2262 1238 2296 binis
1257 2262 1426 2296 columnis
1445 2266 1615 2294 exaratus.

1073 2331 1206 2361 Thomae
1220 2331 1397 2372 Aquinatis‚
1412 2331 1473 2361 sive
1490 2330 1527 2360 dc
1545 2329 1680 2370 Aquino,
1695 2338 1786 2368 super
1801 2327 1912 2357 librum

1094 2383 1226 2424 primum
1243 2382 1475 2413 Sententiarum
1492 2379 1739 2411 commentarius.

1138 2434 1176 2464 In
1193 2434 1287 2471 calce,
1305 2440 1322 2449 “
1336 2433 1471 2474 Explicit
1488 2433 1564 2462 liber
1580 2431 1695 2472 primus
1712 2429 1859 2460 Τ1101110.”

1135 2485 1283 2526 Sequitur
1299 2485 1406 2516 tabula
1424 2484 1638 2525 quaestionum.

1136 2536 1173 2566 In
1189 2536 1259 2573 fine,
1278 2542 1296 2551 ‘¹
1309 2536 1446 2577 Explicit
1463 2545 1581 2565 summa
1598 2532 1793 2572 questionum
1812 2531 1880 2571 74*

1395 2650 1550 2685 CXVII.

1030 2715 1331 2755 Membranaceus,
1362 2715 1397 2747 in
1429 2713 1522 2752 folio,
1554 2712 1587 2745 ff.
1618 2714 1698 2750 184,
1732 2723 1797 2745 sec.
1830 2712 1911 2751 xiv„

1007 2810 1008 2814 ,
1053 2774 1142 2807 binis
1160 2773 1330 2807 columnis
1347 2776 1516 2805 exaratus.

1177 2846 1199 2869 G
