2254 3117
670 151 908 187 COLLEGII
937 150 1345 188 LINCOLNIENSIS.
1865 158 1910 189 43

209 246 246 278 In
259 247 352 285 calce,
370 252 388 264 “
399 247 537 288 Explicit
550 254 662 290 quarta
678 260 750 290 pars
766 249 980 290 Panteologi.’'

434 353 651 389 LXXXIV.

101 422 221 456 Codex
249 422 460 464 chartaceus,
486 425 521 458 in
545 424 638 465 folio,
662 425 696 459 ff.
717 425 798 465 367,
817 437 882 459 sce.
902 426 980 464 xvi„

125 492 284 526 magnam
303 486 436 526 partem
456 482 546 516 binis
564 482 734 516 columnis
752 484 907 528 scriptus.

144 546 171 575 1.
190 544 344 576 Falconiae
361 546 474 577 Probae
490 550 638 587 excerpta
653 558 689 577 ex
704 547 825 589 Virgilii
842 548 981 578 carmini-

207 596 264 627 bus
280 597 318 627 de
335 596 450 628 Christi
467 597 540 628 vita.
564 597 614 628 fol.
631 607 657 628 2.

249 647 311 678 Tit.
329 652 347 665 “
359 648 549 690 Opuseulum
570 648 681 679 Probae
699 648 733 679 cl.
752 649 785 679 F.
804 654 982 690 excerptum

227 699 266 730 de
286 699 420 741 Virgilio
435 700 476 731 ad
496 700 706 731 testimonium
723 701 834 731 veteris
857 705 888 731 et
913 701 981 731 novi

229 750 454 782 Testamenti.”

251 802 390 833 Exstant
420 803 560 844 impress.
589 803 620 833 in
652 804 759 845 Magn.
787 803 867 834 Bibl.
894 803 981 834 Patr.

234 855 323 893 1644,
340 858 415 885 tom.
431 854 494 885 viii.
512 865 542 895 p.
556 854 627 893 708.

254 905 290 935 111
310 916 408 947 marg.
424 905 511 936 infer.
528 906 579 936 fol.
596 916 642 943 10.
659 906 812 947 adjunctae
834 911 905 936 sunt
921 906 981 947 epi—

229 956 316 988 stolae
333 956 457 988 Lentuli
478 961 510 988 et
531 957 626 988 Pilati
642 958 680 988 ‹le
696 957 830 993 Christo,
847 968 913 998 quae
933 968 982 987 ex-

230 1012 316 1039 stant
337 1009 475 1049 impress.
497 1009 529 1040 in
551 1009 687 1040 Fabricii
703 1009 779 1040 Nov.
797 1009 880 1039 Test.
899 1009 981 1039 Hist.

232 1060 410 1102 Apocryph.

146 1118 175 1146 Q,
194 1116 240 1146 M.
256 1116 292 1147 T.
309 1115 466 1147 Ciceronis
492 1116 660 1147 Rhetorica
685 1127 763 1147 nova
792 1117 831 1147 ad
863 1116 983 1147 Heren-

209 1167 305 1203 nium,
322 1179 391 1198 cum
407 1167 550 1209 glossulis
565 1168 795 1209 marginalibus
820 1167 869 1198 fol.
887 1177 930 1197 12.

252 1218 289 1249 In
305 1218 397 1256 calce,
415 1223 433 1236 “
446 1218 493 1248 M.
510 1218 546 1248 T.
564 1218 608 1250 Gi.
624 1219 664 1249 ad
688 1219 880 1249 Herennium
904 1218 983 1249 Rhe-

230 1269 327 1300 torice
342 1281 420 1300 nove
435 1269 513 1300 liber
527 1280 556 1307 4.
574 1269 731 1311 explicit.'‘

145 1327 174 1356 8.
192 1325 351 1367 Anonymi
372 1325 533 1366 eujusdam
554 1329 761 1356 commentum
778 1325 808 1355 in
823 1325 917 1355 libros
938 1335 985 1355 su-

210 1377 386 1418 pradictos;
412 1377 533 1418 imperf.
557 1376 609 1407 fol.
625 1378 674 1407 60.

252 1428 350 1469 Incip.
368 1432 386 1445 ‘⁸
398 1428 505 1459 Solent
523 1428 574 1469 qui
590 1428 841 1469 exponendorum
858 1427 985 1467 scripto-

231 1490 299 1510 rum
315 1479 474 1520 negotium
490 1482 702 1520 susceperunt,
719 1478 892 1508 nonnulla.”

149 1537 176 1566 4.
194 1535 354 1576 Excerpta
377 1545 415 1565 ex
437 1533 525 1565 libris
546 1534 686 1576 Pompeii
712 1534 798 1564 Festi
814 1534 851 1564 de
875 1533 987 1574 signifi-

211 1585 333 1616 catione
354 1585 518 1616 verborum
537 1586 632 1627 juxta
656 1585 794 1616 ordinem
820 1585 986 1626 alphabeti.

211 1636 262 1667 fol.
279 1646 328 1675 00.

255 1687 393 1718 Exstant
418 1687 449 1717 in
479 1687 561 1718 calce
582 1687 650 1718 Nic.
675 1687 795 1718 Perotti
820 1687 988 1727 Cornucop.
1016 1693 1018 1703 *

238 1748 329 1779 1513,
344 1738 400 1769 001.
418 1748 506 1779 1125.

149 1795 180 1824 5.
197 1793 290 1824 Nonii
300 1792 443 1824 Marcelli
456 1793 534 1823 liber
545 1793 583 1824 de
599 1793 791 1834 proprietate
804 1802 986 1823 sermonum.

213 1845 264 1875 fol.
281 1844 349 1885 138.

257 1895 372 1926 Exstat
388 1895 462 1926 ibid.
479 1895 535 1926 col.
552 1905 641 1935 1229.

152 1951 182 1982 6.
198 1950 348 1991 Ejusdem
363 1950 402 1980 de
418 1949 510 1980 dictis
525 1950 706 1980 inhonestis.
733 1949 783 1979 fol.
800 1958 855 1990 153
874 1949 903 1979 1).

258 2001 337 2032 Ibid.
354 2000 409 2031 eol.
427 2011 438 2031 1
448 2010 517 2042 253.

153 2060 180 2090 7.
197 2057 347 2099 Ejusdem
368 2056 406 2086 de
429 2055 557 2086 diversis
580 2054 810 2096 acceptionibus
834 2054 990 2084 nominum

215 2113 247 2139 et
262 2108 435 2139 verborum.
459 2107 511 2137 fol.
530 2108 594 2137 182.

258 2159 340 2190 Ibid.
357 2159 411 2189 col.
429 2168 519 2199 1312.

153 2214 182 2243 8.
200 2211 349 2253 Ejusdem
365 2211 403 2241 de
419 2209 600 2240 differentiis
615 2209 786 2239 verborum.
811 2208 862 2238 sol.
878 2217 936 2249 225
951 2209 979 2238 b.

258 2262 342 2293 Ibid.
359 2261 416 2292 eol.
432 2261 524 2302 1384.

154 2316 183 2348 9.
199 2313 362 2345 Vocabula
386 2323 424 2343 ex
449 2311 549 2343 Servii
575 2316 748 2342 commento
774 2321 866 2351 super
888 2309 991 2349 Virgi-

216 2365 291 2396 lium
308 2368 460 2399 extmeta,
477 2363 584 2393 ordine
600 2361 807 2403 alphabetico.
831 2361 879 2391 fol.
897 2370 966 2399 240.

261 2416 361 2456 Incip.
379 2420 396 2432 ‘⁵
409 2414 550 2455 Accipio,
566 2414 597 2444 id
613 2417 659 2444 est
674 2412 797 2443 audio.n

135 2470 184 2500 10.
202 2469 247 2499 Μ.
272 2467 410 2498 Terentii
432 2466 586 2497 Varronis
609 2466 647 2496 de
673 2465 777 2505 lingua
805 2464 927 2500 Latina,
955 2464 992 2493 de

219 2519 380 2560 disciplina
396 2518 548 2559 originum
564 2517 728 2547 verborum
744 2515 782 2545 ad
797 2515 989 2549 Ciceronem;

218 2571 382 2611 fragment.
408 2569 458 2599 fol.
474 2569 544 2599 268.

261 2621 359 2662 Incip.
377 2625 394 2637 ‘⁴
408 2618 675 2659 Quemadmodum
690 2617 838 2648 vocabula
853 2622 954 2647 essent
967 2616 993 2654 ;”

239 2672 322 2703 utin
338 2672 411 2702 edit.
429 2673 518 2711 1561,
534 2682 565 2710 p.
578 2671 605 2700 6.

158 2725 205 2754 11.
230 2724 366 2754 Andreae
394 2721 547 2752 Dominiei
578 2720 604 2750 F
606 2719 750 2750 lorentini
781 2719 818 2749 de
848 2718 995 2749 Romanis

241 2774 450 2816 potestatibus
465 2772 535 2803 libri
551 2774 622 2803 duo.
645 2771 696 2802 fol.
713 2780 781 2811 290.

1159 249 1256 291 Incip.
1275 251 1404 290 “Quom
1426 261 1481 292 per
1499 262 1552 282 vos
1575 251 1640 282 (lies
1661 255 1822 292 tantopere
1842 252 1907 281 ocio

1137 305 1309 335 vacarem.’'

1158 355 1264 386 Desin.
1279 360 1297 372 ‘²
1309 356 1567 387 contractioribus
1579 356 1688 396 vigiliis
1703 356 1906 387 lucubrasse.‘'

1033 411 1081 440 12.
1101 411 1144 441 M.
1164 411 1279 442 Valerii
1312 411 1452 442 Messalae
1483 412 1676 442 disertissimi
1706 413 1838 442 oratoris
1867 412 1905 442 ad

1117 462 1321 493 Octavianum
1337 463 1489 493 Caesarem
1506 463 1683 504 Augustum
1699 463 1737 493 de
1761 463 1905 504 progenie

1116 524 1171 543 sua
1186 519 1217 544 et
1233 514 1431 554 regiminibus
1452 514 1572 554 inclytae
1593 514 1677 544 urbis
1693 514 1799 544 Romae
1816 514 1906 544 breve

1116 564 1338 605 compendium.
1363 564 1412 595 fol.
1429 574 1501 605 313.

1034 616 1081 645 13.
1100 615 1259 646 Plutarchi
1276 616 1353 645 liber
1368 616 1405 646 de
1421 615 1524 646 liberis
1540 616 1705 646 educandis
1720 616 1828 647 Latine
1843 627 1907 646 ver-

1117 677 1167 696 sus
1190 678 1244 707 per
1260 667 1430 697 Guarinum
1447 666 1668 704 veronensem,
1681 668 1795 708 praevia
1814 668 1905 698 inter-

1118 719 1214 759 pretis
1242 719 1421 759 praefatione
1443 719 1483 750 ad
1512 719 1665 760 Angelum
1689 718 1906 750 Corbinekium

1117 769 1213 800 civem
1230 770 1454 800 Florentinum.
1479 770 1529 800 fol.
1543 780 1615 811 319.

1160 820 1256 861 Incip.
1272 821 1354 861 praef.
1373 826 1390 838 ⁴*
1405 821 1542 862 Major-es
1558 825 1691 857 nostros,
1709 820 1857 861 Angele,”
1873 827 1907 850 ut

1139 872 1170 901 in
1201 872 1331 902 Bandin.
1362 872 1452 902 catal.
1479 872 1565 902 codd.
1594 871 1738 902 Laurent.
1769 876 1843 902 tom.
1867 871 1905 900 iii.

1140 922 1194 953 eol.
1210 924 1280 963 663.

1161 974 1277 1005 Exstat-
1289 973 1387 1004 versio
1402 974 1433 1004 in
1451 974 1609 1004 Plutarchi
1626 985 1696 1015 opp.
1716 974 1789 1004 edit.
1810 973 1906 1015 Lugd.

1144 1035 1234 1065 1549,
1250 1029 1324 1055 tom.
1341 1025 1358 1054 i.
1376 1035 1404 1065 p.
1422 1034 1489 1062 241.

1036 1078 1083 1107 14.
1110 1077 1216 1107 Basilii
1248 1076 1355 1117 Magni
1385 1076 1504 1106 libellus
1534 1087 1594 1116 quo
1624 1081 1715 1117 paeto
1749 1076 1908 1117 gentilium

1118 1127 1213 1158 libros
1228 1127 1377 1168 imprimis
1400 1126 1500 1167 legere
1523 1126 1713 1156 Christianos
1735 1126 1908 1156 adolescen-

1119 1183 1166 1209 tes
1193 1182 1347 1219 oporteat,
1374 1177 1485 1208 Latine
1510 1188 1614 1207 versus
1639 1188 1692 1218 per
1716 1177 1909 1207 Leonardum

1119 1229 1295 1266 Aretinum,
1311 1229 1425 1270 praevia
1440 1228 1618 1269 interpretis
1641 1228 1770 1268 epistola
1793 1228 1832 1258 ad
1853 1227 1908 1258 Co-

1119 1281 1263 1311 lucinum.
1286 1280 1337 1310 fol.
1354 1281 1414 1321 328
1432 1280 1461 1310 b.

1163 1331 1259 1373 Incip.
1276 1331 1361 1372 praef.
1380 1336 1397 1348 ⁴*
1414 1331 1482 1372 Ego
1498 1330 1553 1361 tibi
1570 1331 1651 1361 hune
1665 1330 1803 1361 111)1’11111.”

1164 1382 1278 1413 Exstat
1294 1382 1371 1412 liber
1386 1381 1511 1418 Brixiae,
1532 1381 1619 1421 1485,
1636 1384 1667 1411 et
1683 1379 1765 1410 alibi.

1038 1439 1086 1469 15.
1105 1438 1136 1468 S.
1149 1437 1254 1468 Basilii
1271 1436 1403 1467 homiliae
1420 1436 1486 1466 duae
1502 1434 1669 1476 dejejunio
1684 1434 1797 1465 Latine
1817 1444 1911 1464 versae

1122 1500 1175 1530 per
1188 1488 1359 1519 Guarinum
1373 1487 1592 1522 veronensem,
1606 1485 1720 1526 praevia
1735 1484 1913 1526 praefatione

1121 1541 1161 1571 ad
1178 1540 1350 1581 Eugenium
1368 1550 1479 1580 papam
1491 1538 1552 1569 IV.
1575 1538 1626 1568 sol.
1638 1547 1708 1578 335.

1165 1591 1262 1632 Incip.
1279 1591 1368 1632 epist.
1387 1595 1405 1607 ‘⁶
1417 1590 1444 1620 E
1460 1589 1572 1620 Rhodo
1586 1599 1683 1630 nuper
1698 1588 1736 1618 ad
1753 1587 1829 1618 me.”

1166 1642 1261 1683 Incip.
1284 1642 1365 1672 hom.
1381 1641 1399 1671 i.
1433 1645 1453 1659 ‘⁵
1470 1640 1509 1671 In
1531 1640 1588 1670 hae
1604 1639 1716 1670 mensis
1740 1638 1913 1673 novitates

1143 1694 1174 1724 ii.
1191 1698 1211 1711 ‘⁸
1224 1692 1455 1729 Exhortamini‚
1471 1691 1600 1732 inquit.”

1041 1748 1089 1780 16.
1106 1748 1273 1784 AEsehinis,
1298 1746 1457 1783 Demadis,
1481 1750 1576 1787 atque
1601 1744 1817 1776 Demosthenis
1838 1743 1913 1774 Ora-

1124 1799 1222 1830 tiones
1235 1799 1273 1828 de
1287 1798 1422 1828 adventu
1434 1795 1616 1827 Alexandri.
1638 1795 1689 1826 fol.
1705 1804 1764 1836 343
1782 1794 1810 1824 b.

1041 1856 1090 1886 17.
1107 1853 1256 1885 Jannotti
1282 1852 1420 1883 Manetti
1445 1851 1554 1882 Oratio
1575 1850 1711 1881 funebris
1735 1850 1773 1879 de
1795 1849 1912 1879 laurea-

1124 1905 1208 1936 tione
1224 1903 1378 1934 Leonardi
1394 1902 1491 1933 Bruni
1508 1901 1639 1932 Aretini.
1663 1900 1713 1930 fol.
1726 1901 1797 1941 346.

1167 1955 1264 1996 Incip.
1288 1954 1320 1985 Si
1346 1953 1536 1984 immortales
1562 1952 1692 1988 Musae,”
1716 1955 1751 1981 ut
1780 1951 1811 1980 in
1838 1950 1911 1980 edit.

1148 2006 1260 2037 Mehus
1276 2005 1313 2036 L.
1327 2004 1449 2035 Aretini
1466 2004 1546 2045 Epp.
1564 2003 1736 2043 Prolegom.
1754 2012 1782 2042 p.
1795 2000 1911 2030 lxxxix.

1167 2057 1266 2088 Defic.
1281 2056 1313 2086 in
1328 2056 1437 2091 verbis,
1455 2060 1473 2072 ⁴³
1486 2060 1517 2086 et
1534 2054 1655 2095 quidem
1675 2063 1792 2093 magnae
1807 2056 1911 2082 aueto-

1146 2106 1267 2137 ritatis⁵³

1043 2160 1091 2189 18.
1113 2157 1228 2198 [Caroli
1244 2156 1441 2197 Marsuppini
1457 2154 1579 2185 Aretini
1595 2153 1702 2184 Oratio
1718 2152 1749 2182 in
1764 2151 1910 2184 eundem;

1147 2208 1302 2248 utrimque
1317 2207 1469 2248 mutilus]
1494 2205 1544 2235 fol.
1557 2214 1573 2245 3
1578 2214 1627 2245 53.

1169 2258 1267 2299 Incip.
1294 2258 1325 2288 in
1347 2257 1455 2294 verbis,
1485 2260 1502 2273 ⁴⁶
1519 2255 1714 2295 Philippense
1737 2256 1768 2282 et
1792 2261 1912 2282 rursum

1147 2315 1217 2352 post
1233 2309 1368 2340 Siculum
1384 2308 1529 2338 bellum.”

1170 2361 1294 2397 Deficit,
1319 2364 1339 2377 “
1352 2358 1487 2390 redimiri
1512 2367 1573 2387 non
1603 2358 1770 2396 potuerunt
1793 2353 1912 2393 jamdu-

1148 2411 1238 2442 dum'*

1044 2466 1092 2497 19.
1110 2464 1156 2494 M.
1170 2463 1206 2494 T.
1222 2462 1375 2495 Ciceronis
1392 2459 1499 2491 Oratio
1514 2455 1732 2489 adolescentuli
1748 2465 1803 2496 pro
1818 2454 1912 2493 Quin-

1126 2519 1160 2546 to
1176 2514 1296 2545 Roscio.
1320 2512 1458 2552 101358.

1170 2566 1285 2597 Deficit
1309 2565 1340 2595 in
1364 2563 1475 2598 verbis,
1499 2565 1517 2578 “
1535 2559 1708 2600 Reliquium
1729 2564 1775 2588 est
1801 2562 1835 2587 ut
1859 2567 1913 2597 per

1149 2629 1251 2648 servos
1266 2617 1307 2652 id,
1324 2615 1382 2646 ad''

1394 2694 1590 2730 LXXXV.

1044 2762 1163 2797 Codex
1181 2760 1470 2798 membranaceus,
1485 2758 1519 2790 in
1538 2756 1618 2790 folio
1636 2755 1763 2799 majori,
1789 2753 1821 2786 ff.
1834 2755 1913 2791 285,

1141 2821 1165 2844 G
1183 2814 1204 2844 2
