2254 3117
665 154 901 189 COLLEGII
932 158 1249 196 REGINENSIS.

177 253 237 284 Tit.
254 255 368 284 Φωτίου
380 255 430 283 τοῦ
445 253 616 293 ἁγιωτάτου,
630 268 654 284 κ.
665 267 688 284 τ.
699 259 728 284 λ.
741 258 776 285 ut
792 266 886 296 supra
902 256 932 285 in
961 263 963 271 ’

155 304 231 336 cod.
250 304 302 345 qui
318 304 440 335 videtur
455 304 581 346 hujusce
597 305 804 346 apographus.

177 356 294 386 Exstat
311 355 450 396 impress.
467 356 497 386 in
515 356 581 387 8vo.
600 356 698 387 Lond.
716 358 805 389 1822.

175 406 215 436 In
230 406 322 443 calce,
341 410 358 423 ⁴⁶
372 406 460 437 Finis
476 407 551 438 Cod.
567 407 720 438 Galia11i.”

71 460 99 489 2.
119 458 340 500 plerarumque
356 469 465 489 vocum
480 459 512 489 in
533 459 656 489 scholiis
672 460 862 501 Thucydidis
881 472 931 491 ex-

134 510 319 550 plicatarum
335 509 482 550 syllabus,
493 510 601 540 ordino
615 510 784 551 alphabeti.
802 511 852 541 fol.
862 520 931 551 272.

176 560 272 601 Incip.
290 560 505 598 ἇβουλοτέρωυ,
524 562 790 601 κακοβουλοτέρων.

70 613 98 643 8.
115 612 236 650 Λεξικὸυ
262 613 312 641 τοῦ
337 612 504 642 ἀποστόλου
521 613 642 642 Παύλου
670 614 743 643 κατὰ
764 613 816 643 τὸν
838 613 932 653 ἀλφά-

131 667 233 702 βητου,
251 662 323 694 MS.
340 662 371 693 in
395 662 477 693 calce
493 663 607 694 codicis
631 664 701 694 MS.
718 665 818 696 Graec.
836 666 932 696 Acto-

130 724 199 743 rum
216 713 330 753 Apost.
351 717 383 744 et
401 713 612 754 Epistolaruln
634 726 728 756 penes
749 715 771 746 J
774 727 801 746 0.
818 716 932 753 Covcll,

132 764 311 805 theologum
327 764 612 806 Cantabrigensem.
637 766 687 796 fol.
707 776 762 807 291
783 767 813 797 b.

174 815 270 856 Incip.
290 816 500 855 ἀφωρισμένος,
519 817 740 856 ἐκλελεγμένος.

70 868 97 896 4.
114 865 235 896 Vocum
260 866 291 896 in
312 866 435 897 scholiis
460 867 681 899 Demosthenis
704 869 930 901 illustratarum

131 917 274 958 syllabus.
299 917 349 948 fol.
369 926 439 958 297.

171 968 270 1010 Inoip.
286 969 449 1009 ἀγαπήσας,
463 971 623 1009 ἀρκεσθείς.

371 1047 604 1082 CLXXXII.

50 1108 168 1142 Codex
185 1107 396 1148 chartaceus,
414 1109 450 1142 in
468 1109 561 1149 folio,
580 1109 614 1143 ff.
636 1109 716 1149 296,
736 1123 804 1145 sec.
823 1113 905 1146 xvii.

89 1168 245 1210 Anonymi
282 1169 443 1210 cujusdam
480 1170 709 1202 Dictionarium
746 1173 929 1204 Teutonico—

111 1220 267 1258 Latinum,
284 1221 391 1251 ordine
406 1221 604 1262 alphabetico
620 1222 814 1264 dispositum.

151 1271 249 1314 Incip.
267 1276 285 1289 ‘⁶
298 1273 381 1311 Aad,
396 1283 509 1314 rogus3
533 1273 638 1311 Aana,
653 1275 789 1317 absque,
813 1276 929 1307 Abafa-

130 1323 263 1361 reintan,
279 1323 304 1354 si
320 1328 500 1365 amputetur
510 1337 518 1363 3
542 1324 647 1363 Abah,
664 1328 863 1369 proterung.”

151 1373 258 1405 Desin.
287 1378 305 1392 “
321 1375 485 1414 Zuuirnet‚
513 1380 652 1412 retorta3
692 1378 838 1415 Zuuiror,
861 1379 927 1415 bis;

129 1425 274 1464 Zuuiske,
290 1426 365 1465 bini,
379 1427 470 1458 simili
486 1438 560 1458 casu
576 1428 669 1466 vocis,
686 1429 800 1467 driske,
818 1431 928 1462 ‘ternis'

358 1517 612 1553 CLXXXIII.

47 1577 265 1619 Chartaceus,
283 1579 319 1613 in
338 1579 430 1620 solio,
450 1581 483 1614 ff.
499 1584 556 1622 91,
575 1593 642 1616 sec.
658 1584 739 1617 xvii.

87 1637 109 1668 J
111 1649 138 1669 o.
155 1638 247 1669 Millii
263 1639 454 1671 Adversaria
464 1653 471 1677 ;
495 1641 620 1679 scilicet,

68 1690 96 1720 1.
113 1689 144 1720 S.
161 1689 278 1731 Ignatii
295 1690 448 1732 Martyris
469 1692 607 1733 epistolae
630 1694 783 1735 genuinae,
806 1706 843 1726 ex
867 1695 929 1726 edi-

129 1741 213 1772 tione
237 1741 393 1774 Vossiana
426 1744 515 1781 1680,
554 1744 754 1777 interfoliatae
784 1751 816 1778 et
846 1747 928 1778 notis

132 1792 227 1824 MSS.
251 1793 459 1835 interspersae.
483 1795 534 1826 fol.
552 1806 578 1826 1.

67 1843 223 1875 2.Jaeobi
246 1844 378 1882 Usserii,
407 1846 543 1888 archiep.
570 1847 729 1883 Armach„
758 1849 928 1890 Appendix

130 1894 314 1936 Ignatiana;
340 1895 466 1934 scilicet,

170 1957 198 1977 a.
215 1946 368 1989 Prologus
383 1948 423 1979 ad
441 1948 615 1980 Lectorem.
638 1950 690 1980 fol.
710 1959 757 1991 79.

170 1998 200 2029 b.
218 1998 408 2040 Martyrium
431 2000 462 2030 S.
480 2000 605 2042 Ignatii,
623 2003 696 2033 Lat.
721 2006 787 2033 tam
811 2014 849 2033 ex
871 2003 928 2034 Co-

234 2049 301 2081 dice
332 2051 426 2081 MSS.
457 2051 659 2089 Cottoniano‚
691 2064 785 2094 quam
818 2054 929 2084 Veteri

234 2100 349 2143 Ignatii
365 2102 548 2143 interprete.
572 2104 620 2134 fol.
638 2105 686 2135 80.

171 2162 196 2182 e.
213 2152 305 2184 Notae
321 2153 353 2184 in
368 2153 486 2195 Ignatii
502 2155 696 2196 martyrium.
720 2156 770 2187 fol.
785 2157 802 2187 8
805 2166 834 2197 3.

361 2231 612 2265 CLXXXIV.

48 2292 267 2336 Chartaceus,
285 2296 321 2329 in
340 2297 432 2337 folio,
452 2297 486 2330 ff.
502 2300 560 2337 57,
579 2308 648 2331 sec.
664 2298 744 2331 xvii.

101 2352 153 2384 .Ϊο.
171 2354 262 2385 Millii
277 2355 468 2388 Adversaria
477 2370 486 2394 3
509 2357 638 2394 scilicet,

68 2405 95 2435 ].
113 2405 144 2436 S.
160 2405 277 2447 Ignatii
298 2408 497 2450 Martyrium,
526 2410 631 2439 (ἔνετοι)
655 2420 692 2439 ex
720 2410 833 2440 Codice
859 2410 928 2440 Col-

129 2457 259 2496 bertino,
283 2459 396 2490 Latine
420 2471 458 2491 ex
484 2460 669 2491 Theodoriei
693 2460 839 2491 Ruinarti
861 2472 927 2491 ver—

128 2507 221 2539 sione.
245 2509 298 2540 fol.
315 2521 341 2541 Ι.

171 2559 232 2591 Tit.
248 2563 405 2601 μαρτύριον
427 2564 477 2593 τοῦ
500 2564 583 2602 ἁγίου
609 2562 809 2602 ἱερομάρτυρος
832 2562 926 2602 Ἰγνα-

149 2611 210 2641 τίου
225 2614 275 2642 τοῦ
291 2614 457 2652 Θεοφόρου.

66 2660 93 2689 2.
110 2659 202 2692 Notae
218 2661 239 2692 J
241 2673 268 2692 o.
286 2662 441 2704 Baptistae
457 2663 606 2694 Cotelerii
622 2664 653 2694 in
677 2664 855 2706 Ignatium3
880 2665 925 2695 in-

129 2711 219 2743 sertis
240 2713 323 2744 inter
344 2714 418 2746 folia
443 2714 605 2746 Vossianis
636 2726 674 2746 ex
705 2715 839 2747 editione
870 2717 924 2747 im—

128 2773 244 2803 pressa.
267 2764 318 2796 fol.
335 2775 363 2805 3.

1819 171 1861 202 41

1111 259 1258 300 Sequitur
1283 261 1374 291 index
1401 263 1657 294 (amco-Latinus
1682 269 1713 295 et
1742 265 1864 296 Latino-

1090 310 1218 341 (iraecus
1234 312 1341 342 ordine
1356 313 1561 354 alphabetico.

1312 407 1541 443 CLXXXV.

984 469 1103 503 Codex
1123 471 1334 512 chartaceus,
1359 474 1392 506 in
1412 474 1503 514 folio,
1524 475 1556 508 ff.
1572 474 1627 510 26.
1647 487 1714 509 soc.
1735 477 1815 510 xvii.

1039 532 1091 562 Jo.
1110 532 1201 563 Millii
1218 534 1425 573 Adversaria3
1451 537 1576 574 scilicet,

1006 583 1202 615 Collectanca
1232 585 1270 615 dc
1294 586 1379 617 libris
1404 588 1481 618 Novi
1507 589 1699 620 Testamenti
1723 591 1862 632 Apocry-

1026 634 1104 675 phis,
1121 646 1189 665 cuni
1206 636 1304 667 indice
1320 639 1486 678 praeniisso.

1071 684 1165 726 Incip.
1181 689 1199 702 “
1211 686 1411 728 Evangelium
1424 689 1524 726 l‘ctri3
1541 691 1690 732 Origenes
1702 693 1732 722 in
1745 693 1861 724 Matth.

1053 745 1097 776 13,
1111 746 1161 778 55,
1176 736 1214 767 In
1230 737 1304 768 illud
1322 738 1429 775 Naine,
1444 740 1492 770 hic
1508 746 1555 772 est
1574 742 1668 772 Fabri
1684 743 1791 773 filius.''

1298 839 1547 876 CLXXXVI.

985 896 1206 939 Chartaceus,
1224 900 1259 932 in
1277 900 1369 941 folio,
1389 901 1421 936 ff.
1442 905 1498 942 37,
1518 915 1583 938 see.
1602 906 1682 939 xvii.

1040 961 1114 992 Joh.
1133 963 1223 993 Millii
1240 964 1450 1001 Adversaria3
1475 968 1598 1005 seilicet,

1005 1012 1036 1043 S.
1055 1013 1219 1055 Polycarpi
1232 1015 1380 1056 epistola),
1392 1018 1551 1058 martyria,
1563 1024 1621 1050 ctc.
1638 1021 1719 1051 notis
1734 1021 1862 1057 Usserii,

1027 1063 1182 1101 Cotclerii,
1201 1065 1393 1108 aliorumque
1412 1067 1583 1105 illustratae,
1601 1081 1668 1100 cum
1682 1072 1808 1113 prologo
1824 1074 1863 1103 ad

1026 1116 1181 1148 lectorem.

1068 1168 1164 1209 Incip.
1182 1169 1261 1210 prol.
1281 1176 1298 1186 ⁴⁵
1311 1170 1346 1200 B.
1365 1171 1530 1213 Polycarpi
1554 1173 1783 1214 Smyrnensium
1800 1176 1862 1216 epi-

1047 1220 1131 1261 scopi
1158 1225 1190 1251 et
1216 1222 1363 1262 martyris
1392 1223 1432 1253 ad
1464 1223 1678 1266 Philippense-s
1702 1226 1862 1266 epistolam

1047 1272 1156 1302 Grzece
1172 1275 1204 1302 et
1226 1272 1338 1303 Latine
1361 1274 1502 1309 exhibeo,
1520 1280 1555 1306 ut
1572 1276 1695 1316 quidem
1717 1281 1790 1307 ante
1813 1289 1864 1307 no-

1047 1323 1190 1353 vennium
1224 1323 1324 1365 ipsam
1350 1324 1396 1355 vir
1422 1325 1458 1355 cl.
1484 1326 1624 1357 Jacobus
1648 1328 1864 1359 Armachanus

1047 1385 1107 1404 una
1122 1385 1191 1404 cum
1209 1374 1350 1416 Ignatius
1366 1377 1549 1417 evulgavit.”

1068 1425 1255 1458 Praecedunt
1279 1427 1471 1459 Testimonia
1493 1433 1633 1460 veterum
1658 1431 1696 1461 do
1723 1430 1755 1461 S.
1773 1431 1864 1472 Poly—

1047 1488 1149 1519 carpo,
1166 1482 1198 1509 et
1211 1479 1340 1510 Henrici
1357 1480 1496 1511 Dodwell
1512 1481 1644 1523 epistola
1659 1483 1699 1513 ad
1715 1483 1866 1514 editorem

1046 1529 1084 1560 de
1109 1529 1208 1561 Codd.
1236 1531 1330 1562 MSS.
1363 1532 1394 1562 S.
1420 1532 1573 1564 Barnabae
1603 1533 1776 1571 Vossianis,
1807 1539 1863 1565 etc.

1046 1580 1197 1621 Αηῃῖὶεσῑ
1229 1581 1305 1613 Dat.
1329 1582 1541 1614 Maidenhead
1564 1584 1697 1615 Berksh.
1726 1595 1764 1624 14
1789 1585 1865 1616 Jun.

1049 1633 1140 1672 1687.

1068 1682 1149 1714 Vide
1166 1683 1330 1715 Pearson's
1347 1685 1523 1717 Posthuma
1538 1697 1567 1727 p.
1584 1687 1653 1718 282.

1289 1794 1557 1829 CLXXXVII.

983 1854 1204 1895 Chartaceus,
1222 1856 1257 1889 in
1277 1858 1348 1896 4to,
1367 1856 1400 1889 ff.
1418 1859 1475 1897 15,
1496 1868 1561 1891 sec.
1577 1859 1657 1891 xvii.

1046 1918 1065 1948 J
1069 1919 1118 1948 oh.
1135 1919 1227 1949 Millii
1244 1920 1452 1957 Adversaria;
1477 1922 1603 1959 scilicet,

1004 1969 1149 2000 Eunomii
1166 1970 1389 2012 Apologeticus
1402 1973 1432 2003 in
1445 1985 1536 2014 quenl
1550 1974 1672 2015 scripsit
1688 1974 1781 2005 libros
1797 1975 1863 2005 illos

1026 2021 1056 2052 S.
1070 2021 1213 2059 Basilius,
1227 2034 1303 2063 quos
1316 2023 1548 2055 Antirrheticos
1568 2024 1743 2065 appellavit.
1761 2027 1862 2066 quoad

1024 2073 1146 2104 initium
1162 2074 1301 2105 versione
1318 2074 1432 2106 Latina
1449 2076 1591 2106 donatus.

1067 2124 1128 2155 Tit.
1148 2125 1292 2163 Εὐιόμίου
1314 2130 1364 2156 τοῦ
1388 2129 1551 2165 δυσσεβοῦς
1571 2127 1779 2166 ιἰπολογητικὸς
1793 2127 1862 2165 πρὸς

1045 2175 1079 2206 ὃν
1096 2176 1210 2216 ἔγραψε
1226 2178 1292 2209 τοὺς
1307 2179 1519 2217 ἀντιρῥητικοὺς
1535 2180 1549 2208 ὁ
1565 2179 1656 2217 μέγας
1673 2180 1835 2210 Βασίλειος.

1068 2227 1230 2265 Praecedit,
1248 2232 1265 2245 ‘⁶
1279 2229 1324 2260 Cl.
1342 2229 1470 2259 Henrici
1487 2229 1635 2260 Dodxvelli
1658 2230 1694 2259 de
1715 2229 1771 2259 hac
1796 2229 1857 2259 En-

1045 2279 1138 2309 nomii
1154 2280 1297 2322 apologia
1308 2281 1488 2322 judicimus*

1274 2386 1566 2420 CLXXXVIII.

980 2448 1200 2487 Chartaceus,
1219 2450 1254 2482 in
1273 2451 1344 2489 4to,
1363 2449 1396 2483 ff.
1414 2452 1468 2488 10,
1487 2460 1552 2482 sec.
1567 2448 1647 2481 xvii.

1043 2512 1065 2543 J
1068 2513 1118 2543 oh.
1137 2513 1228 2543 Millii
1244 2513 1433 2544 Adversaria
1449 2512 1566 2542 Biblica
1575 2525 1584 2548 3
1606 2511 1729 2542 scilicet.

1002 2564 1030 2593 1.
1047 2564 1179 2594 Collatio
1195 2564 1308 2594 codicis
1324 2564 1408 2594 Test.
1422 2563 1497 2593 Nov.
1514 2566 1643 2602 excepta
1656 2562 1855 2602 Apocalypsi,

1064 2626 1103 2645 ex
1119 2616 1237 2646 oriente
1253 2615 1347 2646 delati
1364 2626 1382 2644 a
1399 2615 1489 2644 Doct,
1505 2612 1625 2643 Haleio.
1650 2612 1699 2642 fol.
1717 2623 1742 2642 Ι.

1000 2665 1029 2694 2.
1046 2665 1094 2695 De
1120 2665 1302 2696 lectionibus
1332 2662 1555 2699 ecelesiasticis,
1584 2667 1615 2692 ct
1645 2666 1750 2693 textus
1777 2664 1855 2694 sacri

1063 2716 1272 2747 divisionibus.
1295 2715 1345 2745 fol.
1364 2724 1391 2749 2,
1407 2725 1462 2754 seq.

999 2767 1028 2796 3.
1044 2766 1224 2808 Descriptio
1240 2766 1353 2797 codicis
1370 2764 1526 2795 Vaticani.
1550 2764 1601 2794 fol.
1612 2774 1640 2805 5.

1075 2829 1099 2852 G
