2254 3117
627 129 866 165 COLLEGII
894 131 1272 172 BALLIOLENSIS.

172 232 338 271 perpetuus
372 228 497 260 ecclesie
527 228 641 260 Sancte
673 229 861 271 Magdalcne
895 232 925 261 in

172 281 294 312 Oxonia
317 284 466 322 perpetuo
489 280 718 311 cathenandum
746 281 776 311 in
800 281 926 314 libraria

171 331 325 362 communi
341 331 459 373 collegii
476 332 515 362 de
530 331 672 369 Balliolo,
690 334 729 363 A.
742 332 778 362 D.
797 344 836 363 m.
848 345 924 364 cccc.

172 382 285 413 lxviii.”

447 451 528 484 XV.

44 514 162 548 Codex
189 514 483 553 membranaceus,
510 514 544 547 in
577 514 668 554 folio,
697 514 830 555 111324,
860 528 925 550 sec.

70 572 138 604 xiii.
154 572 315 611 ineuntis,
330 572 419 605 binis
436 571 607 606 columnis
626 573 736 606 nitide
755 578 925 607 exaratus.

88 640 118 670 S.
136 639 278 680 Gregorii
300 639 411 680 Magni
430 640 651 681 Expositiones
673 641 737 671 sivc
758 641 926 672 Moralium

108 701 199 732 super
218 690 240 720 J
244 690 283 721 ob
304 702 376 732 pars
399 692 542 726 secunda,
567 692 715 732 incipiens
737 704 756 723 a
778 693 837 723 fine
857 693 926 723 libri

108 741 167 772 xiv.

151 793 246 835 Incip.
264 793 295 824 in
308 794 417 830 verbis,
434 798 451 810 ⁴⁸
464 794 587 834 Surget,
601 796 681 826 unde
694 807 787 837 queso
804 802 834 827 tc
851 797 927 828 bene

128 845 192 875 Job
211 844 362 886 subjunge
383 856 442 886 que
463 846 559 876 sentis
579 850 612 876 et
632 846 724 888 hujus
748 847 835 877 nobis
856 859 927 888 que-

109 925 111 927 ,
129 896 238 926 stionis
253 897 431 938 scrupulum
447 897 521 927 tolle
532 898 560 932 3¹⁵
582 902 617 928 ut
634 898 715 929 inter
730 910 834 940 opera,
850 904 926 930 tom.

129 948 158 978 ii.
175 949 231 979 col.
243 958 315 990 305.

151 999 298 1040 Sequitur
312 1000 345 1030 in
364 1001 476 1041 pagina
497 1002 638 1042 proxima
654 1002 774 1035 titulus„
792 1008 808 1018 *⁴
824 1002 928 1033 Mora-

128 1051 169 1081 lia
195 1051 278 1081 beati
303 1050 447 1092 Gregorii
475 1063 567 1094 super
591 1053 661 1083 Job.

130 1102 256 1143 quintus
272 1103 437 1133 decimus.”

150 1153 188 1183 In
202 1153 295 1189 calce,
306 1158 325 1171 ‘¹
340 1154 446 1185 Finita
461 1160 534 1186 sunt
547 1156 675 1186 moralia
691 1157 774 1187 beati
789 1157 928 1198 Gregorii

129 1216 208 1246 pape
229 1216 284 1246 per
303 1206 597 1247 contemplationem
619 1213 743 1248 sumpta
766 1208 795 1237 in
818 1209 928 1239 librum

129 1257 224 1287 Job.”

709 1053 824 1093 Incipit
853 1054 929 1084 liber

434 1328 542 1362 XVI.

48 1390 346 1432 Membrmmceus,
373 1393 407 1425 in
435 1392 517 1426 folio
545 1393 674 1437 majori,
702 1394 735 1427 ff.
757 1397 835 1431 195,
861 1405 928 1427 sec.

71 1461 126 1482 xv.
145 1449 306 1489 ineuntis,
322 1450 412 1484 binis
431 1450 601 1484 columnis
619 1452 729 1485 nitide
748 1457 928 1491 exaratus;

71 1519 114 1540 ex
133 1508 222 1541 dono
246 1508 340 1542 Will.
356 1508 460 1554 Gray,
479 1521 532 1554 ep.
551 1509 712 1543 Eliensis.

90 1569 233 1610 Hugonis
251 1570 288 1600 de
304 1569 335 1600 S⁴
350 1569 444 1606 Caro,
457 1569 652 1606 Viennensis,
669 1571 823 1611 expositio
839 1581 930 1612 super

111 1620 301 1652 Ezechielem
322 1621 518 1662 prophetam,
535 1621 649 1662 praevio
668 1622 814 1662 prologo:
842 1621 929 1652 initio

111 1672 209 1702 inutil.

155 1723 248 1764 Incip.
268 1732 285 1740 *-

383 1728 415 1754 ta
441 1724 470 1754 in
492 1724 597 1755 Jerico
622 1730 651 1755 et
676 1725 810 1755 nectitur
830 1736 848 1754 a
871 1736 930 1764 quo

132 1774 215 1804 facta
231 1775 333 1807 fuerit.
347 1775 420 1805 dicit
438 1786 511 1816 ergo
528 1777 581 1806 sed
598 1784 629 1807 et
641 1777 668 1811 ;”
689 1782 723 1806 ut
739 1777 769 1806 in
786 1776 858 1806 edit.
877 1776 930 1805 im-

133 1836 227 1866 press.
244 1832 324 1867 part.
343 1827 380 1856 iv.
397 1827 447 1857 fol.
465 1837 522 1868 134
536 1828 564 1858 b.
583 1828 600 1858 l.
615 1838 666 1866 40.

155 1876 192 1907 In
209 1878 297 1913 calce,
316 1883 333 1894 “
345 1877 525 1919 Expliciunt
541 1879 662 1920 postille
682 1880 849 1910 secundum
868 1890 930 1909 ma-

131 1927 262 1968 gistrum
287 1928 453 1969 Hugonein
477 1929 514 1959 de
535 1929 668 1970 Vyenna
692 1940 784 1970 super
806 1929 930 1959 Ezechi-

133 1978 209 2008 elem
225 1979 428 2020 propheta1n;
454 1980 496 2010 Et
513 1981 564 2021 qui
584 1981 675 2011 scribi
694 1981 767 2011 fecit
784 1981 823 2011 sit
840 1981 930 2011 bene-

134 2030 234 2061 dictus
250 2030 279 2074 in
296 2031 398 2061 secula
414 2031 603 2067 seculorum;
631 2032 761 2062 Amenf'

427 2135 552 2170 XVII.

53 2197 349 2237 Membranaceus,
376 2198 412 2230 in
440 2197 521 2231 folio
547 2199 679 2243 majori,
704 2199 736 2232 ff.
755 2202 835 2239 142,
864 2211 929 2233 sec.
960 2199 961 2202 ’

76 2268 131 2289 xv.
158 2256 320 2295 ineuntiS‚
347 2256 468 2289 eodem
499 2262 655 2301 tempore
686 2263 721 2291 et.
752 2258 862 2291 scriba
892 2270 930 2291 ac

76 2313 186 2346 codex
200 2313 394 2357 praecedens
413 2319 593 2353 exaratus3
612 2325 655 2348 ex
671 2314 761 2347 dono
780 2315 929 2359 episcopi

77 2372 241 2415 ejusdem.

95 2435 238 2476 Hugonis
253 2435 292 2464 de
309 2434 339 2465 S.
352 2434 443 2471 Cam,
459 2435 654 2473 Viennensis,
670 2437 824 2477 expositio
840 2448 932 2477 super
961 2441 962 2446 ¹

116 2488 309 2519 Hieremiam
323 2487 518 2528 prophetam,
534 2499 603 2518 cum
619 2488 746 2529 prologo
762 2489 930 2529 praemisso.
960 2506 962 2534 ⁴.

158 2539 254 2580 Incip.
270 2539 346 2580 prol.
364 2543 381 2555 ‘⁵
393 2539 490 2579 Apoc.
504 2539 543 2568 ix.
560 2538 635 2569 Vidi
651 2543 683 2569 et
698 2540 812 2576 audivi,
824 2544 882 2570 etc.
900 2540 931 2569 in
961 2539 962 2574 ζ

137 2602 197 2631 quo
227 2590 366 2620 innuitur
395 2590 503 2619 modus
537 2590 649 2630 agendi
678 2602 743 2621 esse
773 2591 870 2622 facilis
900 2597 931 2621 et

138 2643 318 2672 manifestus
330 2642 355 2678 ;”
378 2645 413 2672 ut
430 2641 459 2671 in
475 2641 550 2672 edit.
567 2646 648 2682 part.
665 2643 701 2672 iv.

161 2694 286 2734 Paginae
308 2693 413 2734 priniae
435 2693 558 2734 depicta
577 2697 624 2723 est
639 2704 747 2734 margo
763 2699 793 2724 et
809 2699 932 2730 aurata,
961 2693 962 2741 i

138 2745 286 2775 exhibens
312 2745 342 2774 in
369 2744 479 2774 initiali
505 2744 596 2775 litera.
622 2744 652 2774 in
680 2749 768 2775 scuto
791 2746 932 2776 coccineo
961 2750 962 2771 Ξ

1826 148 1846 177 5

1058 233 1137 264 infra
1158 244 1244 265 oram
1265 246 1390 266 auream
1412 240 1443 266 ct
1466 236 1608 268 striatam
1631 238 1747 268 lconcm
1767 250 1846 270 erec-

1060 288 1125 314 tum
1140 296 1275 316 aureum.

1085 334 1118 364 In
1145 335 1235 371 calce,
1265 344 1281 353 ⁸*
1296 337 1400 368 Finito
1426 338 1504 369 libro
1532 339 1572 370 sit
1599 339 1664 370 laus
1690 346 1721 370 et
1749 341 1847 381 gloria

1060 385 1216 417 Christo.‘’

1341 483 1484 518 XVIII.

977 545 1095 578 Codex
1114 548 1404 589 membranaceus,
1418 552 1451 584 in
1472 552 1551 584 folio
1570 554 1699 596 majori,
1720 553 1751 586 ff.
1767 554 1847 592 236,

1001 615 1066 637 sec.
1088 616 1154 643 xv„
1179 605 1267 639 binis
1291 607 1458 641 columnis
1482 610 1591 643 nitide
1615 616 1782 649 exaratus,
1803 624 1847 645 cx

1002 661 1091 694 dono
1110 662 1262 705 ejusden]
1280 663 1461 698 willelmi.

1022 730 1162 771 Hugonis
1185 731 1223 761 de
1245 732 1275 761 S.
1292 732 1380 769 Caro,
1399 733 1591 772 Viennensis,
1614 737 1764 777 expositio
1789 738 1849 768 sive

1043 781 1179 812 Postillae
1213 793 1305 823 super
1331 783 1565 821 octateuchum,
1597 788 1709 828 przevio
1741 788 1848 829 cuique

1042 831 1119 862 libro
1135 833 1272 874 prologo.

1085 883 1180 925 Incip.
1198 885 1274 925 prol.
1291 886 1400 916 Genes.
1418 887 1436 916 i.
1460 888 1674 930 “Principium
1690 891 1850 921 verborum

1064 940 1187 966 tuorum
1203 936 1327 967 veritas.
1370 938 1453 968 Deus
1470 944 1558 979 pater
1573 941 1663 971 immo
1679 946 1710 972 et
1726 954 1851 983 operum

1064 987 1212 1028 scriptum
1228 989 1304 1019 ests*

1086 1038 1181 1079 Incip.
1198 1039 1274 1080 prol.
1291 1039 1320 1070 ii.
1345 1044 1363 1057 “
1379 1040 1532 1072 Desiderii
1548 1049 1617 1083 post
1634 1044 1763 1084 primum
1784 1056 1852 1085 pro-

1064 1090 1198 1121 hemium
1215 1091 1338 1132 quidem
1353 1097 1457 1133 potest
1473 1093 1559 1124 dicis*

1087 1141 1183 1183 Incip.
1200 1143 1303 1183 postil.
1326 1148 1344 1159 ⁴⁴
1355 1143 1392 1173 In
1409 1144 1576 1185 principi0;
1602 1147 1666 1187 agit
1685 1147 1807 1187 Moyses
1822 1148 1851 1177 in

1064 1194 1121 1224 hoc
1137 1194 1214 1224 libro
1231 1195 1268 1225 de
1284 1195 1472 1236 primordiali
1489 1207 1590 1227 rerum
1605 1199 1762 1229 creacione
1773 1199 1800 1233 ;”
1819 1205 1853 1230 ut

1065 1245 1095 1275 in
1112 1246 1186 1276 edit.
1202 1246 1341 1287 impress.
1358 1251 1438 1288 part.
1452 1247 1471 1277 i.
1488 1247 1539 1278 fol.
1553 1250 1570 1278 6
1583 1249 1612 1278 b.

1086 1297 1138 1327 Ad
1168 1297 1259 1327 finem
1289 1298 1408 1339 prologi
1438 1299 1469 1328 in
1495 1299 1624 1330 Josuam
1656 1301 1756 1341 primi,
1785 1308 1855 1331 sunt

1064 1359 1169 1378 versus
1185 1348 1276 1389 incip.

1184 1402 1248 1429 tres
1263 1399 1433 1440 praecipuos
1449 1400 1495 1430 bis
1511 1401 1644 1441 quinque
1660 1401 1835 1442 prophetas,

1056 1449 1202 1480 Hebreus
1217 1450 1342 1491 reliquis
1357 1455 1459 1482 tentet
1474 1452 1646 1492 praecellere
1661 1453 1774 1483 libris.”

1088 1500 1222 1542 Explicit
1238 1500 1321 1542 gloss
1336 1501 1367 1531 in
1383 1501 1480 1537 Ruth,
1494 1507 1514 1520 “
1525 1507 1557 1533 et
1572 1503 1686 1534 alciora
1701 1503 1858 1544 disputare

1065 1552 1144 1583 sicut
1161 1553 1332 1593 Apostolus
1354 1552 1428 1584 fecit
1440 1567 1448 1590 3
1473 1554 1628 1595 Explicit:
1656 1555 1760 1586 Finito
1780 1556 1857 1586 libro

1065 1604 1105 1634 sit
1122 1604 1187 1634 laus
1203 1608 1234 1634 et
1250 1604 1348 1645 gloria
1364 1605 1518 1636 Christos*

960 1798 961 1803 ¹
983 1792 1329 1832 Me111b1·aiiaceus‚i11
1350 1792 1441 1831 folio,
1457 1793 1490 1826 ff.
1507 1798 1587 1832 202,
1606 1806 1671 1828 sec.
1686 1808 1751 1835 xv„
1771 1797 1856 1830 binis

1006 1850 1174 1883 columnis
1198 1851 1286 1883 bene
1313 1857 1494 1891 exaratus3
1523 1864 1566 1885 cx
1592 1854 1680 1886 dono
1706 1855 1855 1897 ejusdem

1008 1908 1191 1941 willelmi.

960 2001 961 2036 1
1024 1978 1178 2018 Anonymi
1201 1978 1369 2018 cujusdam,
1387 1990 1426 2008 an
1446 1978 1599 2009 Johannis
1622 1980 1659 2010 (le
1675 1980 1856 2010 XVhetham-

1046 2030 1143 2065 stede,
1161 2029 1222 2059 sive
1240 2029 1512 2066 Loco-Frumenti,
1532 2030 1562 2060 in
1578 2030 1738 2061 Canticum
1755 2031 1855 2061 Canti-

1044 2092 1149 2111 corum
1167 2081 1415 2116 commentarius,
1433 2092 1501 2111 cum
1517 2082 1652 2122 prologo.

1088 2132 1184 2172 Incip.
1210 2132 1286 2173 prol.
1316 2136 1333 2148 ⁴‘
1347 2131 1492 2162 Salomon
1520 2132 1680 2162 convenire
1709 2132 1854 2172 principio

1067 2183 1136 2213 libri
1152 2183 1225 2223 quia
1243 2182 1351 2222 incipit
1370 2193 1388 2212 a
1408 2182 1495 2224 signo
1517 2183 1610 2223 pacis,
1626 2183 1656 2212 id
1672 2188 1727 2217 est,
1745 2182 1853 2212 osculo.

1067 2234 1217 2275 simulque
1233 2234 1360 2264 adverte
1376 2234 1501 2264 solum.”

1089 2285 1187 2326 Incip.
1199 2289 1288 2320 text..
1306 2289 1324 2302 “
1338 2285 1520 2318 osculetur:
1545 2285 1630 2315 Sicut
1646 2285 1717 2314 dicit
1735 2284 1768 2313 B.
1783 2284 1855 2313 Ber-

1067 2336 1211 2366 nardus.”

1089 2385 1195 2416 Desin.
1212 2389 1230 2403 “
1242 2386 1280 2416 de
1300 2386 1430 2416 articulo
1453 2386 1580 2416 notabili
1600 2386 1628 2415 in
1650 2386 1747 2426 prima
1761 2393 1792 2415 et
1809 2397 1852 2415 se-

1067 2437 1168 2467 cunda
1190 2444 1221 2467 et
1244 2437 1342 2467 tercia
1369 2437 1560 2478 esposicione
1586 2436 1698 2476 aliquid
1722 2443 1854 2476 pertrac-

1068 2489 1185 2518 tatur.’'

1090 2539 1237 2580 Sequitur
1258 2539 1351 2569 index
1373 2538 1584 2579 alphabeticus
1607 2537 1695 2577 incip.
1722 2542 1741 2553 ‘⁴
1756 2538 1854 2567 Accu-

1069 2591 1152 2622 bitus
1168 2591 1282 2622 Christi
1299 2590 1485 2631 inultiplex.''

1092 2642 1127 2672 In
1140 2642 1190 2672 fol.
1208 2652 1229 2671 1.
1242 2641 1364 2683 legitur,
1379 2646 1395 2657 ⁴²
1407 2641 1503 2681 primo
1513 2639 1596 2669 disco
1610 2639 1732 2669 borialis
1748 2640 1852 2680 partis.

1070 2694 1152 2724 Vide
1176 2694 1206 2723 in
1229 2693 1354 2723 libraria
1377 2692 1406 2722 S.
1426 2691 1548 2726 Albani,
1572 2702 1610 2721 an
1635 2691 1692 2721 hoc
1717 2691 1757 2721 sit
1780 2703 1854 2732 opus

1072 2744 1363 2775 XVhethamstedef’

960 2470 962 2501 i
