2254 3117
639 153 878 188 COLLEGII
906 150 1314 186 LINCOLNIENSIS.
1859 156 1878 186 53

61 254 110 283 22.
127 252 338 294 Amphilochii
357 251 527 282 Iconicnsis
543 262 644 282 sermo
660 252 691 282 in
707 251 866 282 mulierem
879 261 946 292 pec-

144 303 300 339 catricem,
318 314 386 344 quae
404 303 493 334 unxit
509 303 603 344 pedes
621 303 754 333 Domini.
779 301 828 332 sol.
845 311 914 332 221.

187 355 251 385 Tit.
269 356 320 384 τοῦ
335 356 430 393 ἁγίου,
447 368 474 384 κ.
487 359 516 384 λ.
532 356 622 394 λόγος
637 355 677 386 εἷς
692 353 744 391 τὴν
759 355 882 392 γυναῖκα
894 352 946 390 τὴν

165 406 341 445 ἁμαρτωλὸν
361 406 413 443 τὴν
430 406 601 445 ἀλείψασαν
615 405 667 435 τὸν
684 405 791 443 Κύριον
805 404 883 444 μύρῳ
901 404 945 433 καὶ

167 460 209 490 εἷς
223 458 276 488 τὸν
291 460 467 496 Φαρισαῖον.

189 509 277 539 Inter
293 519 364 549 opp.
383 509 431 539 ed.
449 507 616 539 Combefis.
638 519 668 549 p.
682 509 731 544 64.

63 563 111 592 23.
128 560 159 591 S.
176 560 392 601 Chrysostomi
418 571 520 590 sermo
549 560 580 590 in
603 559 628 589 J
632 559 725 590 udam
752 551 944 594 traditorem,

146 616 204 643 ete.
229 612 280 642 fol.
300 621 359 651 229
376 612 408 642 b.

187 664 276 694 Inter
294 674 364 704 opp.
382 668 456 693 tom.
474 662 503 692 ii.
520 673 551 703 p.
565 663 638 703 376.

62 722 109 752 24.
127 720 261 761 Georgii,
280 717 526 750 Nicomediensis
547 716 781 758 archiepiscopi,
799 727 899 747 sermo
916 716 946 746 in

145 772 238 807 istud,
258 776 264 788 ⁴
278 771 414 802 Stabant
427 771 520 811 juxta
533 780 654 800 crucem
665 769 763 799 Jesu.'
779 769 829 799 fol.
844 777 901 810 237
916 768 944 799 b.

188 823 303 854 Exstat
323 822 354 852 in
375 821 539 853 Combefis.
562 821 657 852 Auct.
682 821 761 851 Nov.
778 824 854 852 tom.
879 820 898 850 i.
916 831 944 861 p.

170 875 259 914 1136.

61 927 110 957 25.
127 924 158 955 S.
171 923 339 965 Epiphanii
363 923 456 964 Cypri
480 922 615 964 episcopi
636 921 668 952 in
687 921 718 953 S.
735 922 946 963 Sepulturam,

145 980 177 1006 et
192 975 224 1005 in
239 975 260 1005 J
264 974 413 1016 osephum
429 974 469 1004 ab
485 973 692 1004 Arimathaea.
715 973 766 1004 sol.
782 983 797 1003 2
800 983 851 1014 51.

188 1027 305 1057 Exstat
321 1037 392 1067 opp.
409 1030 485 1056 tom.
503 1025 533 1056 ii.
550 1037 578 1066 p.
598 1034 668 1066 259.

61 1083 112 1114 26.
130 1083 161 1114 S.
175 1082 319 1125 Gregorii
335 1081 467 1123 Nysseni
483 1092 584 1112 sermo
601 1081 631 1111 in
648 1080 678 1111 S.
693 1081 824 1112 Pascha.
842 1081 862 1111 s.
876 1082 944 1111 262.

189 1134 277 1165 Inter
293 1145 363 1176 opp.
382 1138 457 1164 tom.
474 1133 504 1164 ii.
521 1145 551 1174 p.
566 1133 636 1172 848.

61 1192 110 1223 27.
128 1191 159 1222 S.
174 1190 386 1232 Chrysostomi
403 1200 504 1220 sermo
520 1189 550 1219 in
567 1188 825 1219 resurrectionem
838 1187 945 1218 Domi-

145 1242 255 1272 nicam.
281 1241 332 1272 fol.
352 1249 413 1280 274
428 1241 458 1271 b.

188 1292 269 1323 Ibid.
286 1296 360 1323 tom.
375 1291 436 1322 viii.
453 1303 482 1332 p.
500 1301 569 1332 250,
586 1291 619 1321 in
634 1290 756 1332 spuriis.

62 1350 112 1379 28.
130 1347 160 1378 S.
175 1347 317 1388 Gregorii
332 1346 518 1377 Nazianzeni
531 1356 632 1376 sermo
644 1345 726 1375 unde
742 1355 846 1385 supra,
863 1345 946 1384 [eum

145 1399 265 1430 Nicetae
282 1397 527 1438 commentario]
554 1397 605 1428 fol.
621 1397 691 1437 276.

189 1450 278 1481 Inter
294 1461 365 1490 opp.
382 1449 429 1480 ed.
446 1460 515 1480 nov.
527 1453 603 1479 tom.
616 1448 635 1479 i.
652 1460 682 1490 p.
696 1458 725 1489 3.

189 1501 288 1543 Incip.
306 1504 471 1531 comment.
489 1501 567 1531 ἆκὼν
581 1501 806 1540 χειροτονηθείς.

62 1559 112 1591 29.
130 1557 161 1588 S.
175 1556 390 1598 Chrysostomi
407 1567 508 1587 sermo
531 1556 562 1586 in
587 1555 618 1586 S.
633 1555 761 1586 Thomae
783 1553 945 1585 increduli-

147 1613 257 1639 tatem.
282 1608 333 1638 fol.
352 1608 421 1639 288.

189 1660 290 1701 Incip.
308 1660 369 1690 ἰδοὺ
385 1659 474 1689 παλὶν
491 1658 585 1698 ἑορτή.

60 1717 112 1746 30.
129 1715 160 1746 S.
174 1714 318 1756 Gregorii
342 1713 532 1744 Antiocheni
557 1724 658 1744 sermo
682 1713 712 1744 in
737 1712 880 1743 mulieres
896 1722 948 1742 un-

146 1766 346 1808 guentiferas.
370 1765 422 1795 sol.
437 1774 508 1806 293.

189 1817 252 1848 Tit.
277 1817 436 1856 Γρηγορίου
467 1816 626 1846 ἐπισκόπου
653 1814 835 1855 Ἀντιοχείας
861 1815 950 1853 λόγος

169 1870 211 1900 εἷς
233 1869 284 1900 τὰς
303 1868 486 1907 μυροφόρους
511 1867 557 1897 καὶ
581 1868 621 1898 εἰς
643 1867 695 1904 τὴν
714 1865 866 1905 τριήμερον
882 1866 949 1895 ἀνά-

170 1933 277 1951 στασιν
293 1922 343 1950 τοῦ
360 1921 477 1958 Κυρίου,
494 1932 519 1949 κ.
531 1923 560 1949 λ,

190 1971 306 2002 Exstat
318 1970 349 2000 in
360 1969 524 2001 Combefis.
534 1969 629 2000 Auct.
640 1968 717 1999 Nov.
730 1972 805 1998 tom.
816 1967 834 1997 i.
846 1968 948 2008 p.827.

62 2029 111 2058 31.
130 2027 161 2058 S.
175 2026 389 2068 Chrysostomi
406 2037 562 2057 sermones
577 2030 642 2056 tres
652 2037 660 2062 3
684 2024 811 2061 scilicet,

169 2092 197 2110 α.
215 2078 253 2109 In
269 2078 486 2120 paralyticum.
510 2077 562 2108 fol.
578 2087 650 2118 300.

234 2130 322 2161 Inter
337 2141 410 2171 opp.
427 2134 503 2160 tom.
516 2129 535 2160 i.
551 2140 581 2170 p.
595 2137 666 2169 547.

168 2185 199 2220 β.
216 2181 254 2211 In
270 2181 404 2212 mediam
420 2181 649 2212 Pentecostem.
673 2179 723 2210 fol.
741 2179 813 2221 308.

232 2232 313 2263 Ibid.
329 2237 404 2264 tom.
422 2245 451 2264 x.
468 2245 497 2275 p.
513 2242 583 2274 795.

167 2298 197 2325 γ.
214 2284 253 2315 In
269 2284 510 2316 Samaritanam.
534 2285 585 2315 fol.
599 2294 671 2326 310.

231 2335 314 2367 Ibid.
331 2339 406 2366 tom.
422 2335 482 2366 viii.
500 2347 529 2377 p.
543 2345 596 2376 53,
612 2335 642 2365 in
657 2333 778 2375 spuriis.

63 2392 113 2423 32.
131 2391 161 2422 S.
174 2391 344 2423 Athanasii
367 2403 469 2423 sermo
485 2392 516 2422 in
532 2401 648 2422 caecum
663 2401 682 2421 a
697 2388 872 2420 nativitate.
896 2386 945 2416 fol.

149 2444 223 2484 316.

190 2493 287 2535 Incip.
304 2495 380 2524 πόλυ
397 2495 584 2524 σπούδαστον
598 2494 690 2522 πᾶσιν
706 2490 874 2529 ἀνθρώποις.

63 2545 112 2575 33.
129 2544 161 2575 S.
177 2543 391 2586 Chrysostomi
421 2555 522 2576 sermo
551 2543 582 2574 in
605 2541 850 2583 assumptionem
882 2539 946 2569 Do—

146 2595 231 2626 mini.
254 2595 305 2626 fol.
320 2605 394 2637 324.

188 2644 278 2675 Inter
294 2656 364 2686 opp.
381 2650 455 2676 tom.
469 2645 500 2675 ii.
516 2655 545 2685 p.
558 2652 630 2683 447.

62 2697 112 2727 34.
129 2696 161 2728 S.
173 2696 277 2737 Cyrilli
291 2696 497 2728 Alexandrini
514 2706 614 2726 sermo
627 2694 708 2724 unde
721 2703 824 2734 supra.
841 2692 860 2722 f.
871 2702 944 2733 333.

186 2748 285 2790 Incip.
302 2749 399 2787 ἐπειδὴ
415 2748 511 2789 χάριτι
526 2747 578 2777 τὸν
593 2747 694 2785 λόγον.

63 2800 113 2829 35.
131 2799 267 2840 Georgii,
278 2799 452 2842 presbyteri
463 2796 672 2833 Caesariensis,
683 2799 793 2838 postea
805 2795 834 2826 N
836 2795 945 2826 icome-

1083 249 1208 286 diensis,
1233 260 1333 280 sermo
1357 249 1387 279 in
1404 249 1540 279 cccxviii.
1566 254 1672 289 patres
1695 253 1728 280 ct
1751 249 1781 280 in
1803 249 1883 280 Con-

1084 301 1255 331 stantinum
1274 300 1435 341 Magnum.
1460 300 1510 330 fol.
1525 302 1586 341 336
1603 300 1633 330 b.

1125 351 1188 382 Τίῒ.
1206 352 1350 390 Γεωργίου
1377 351 1577 390 πρεσβυτέρου
1603 352 1777 390 Καισαρείας
1804 354 1881 381 Καπ-

1104 403 1242 434 παδοκίας
1258 403 1346 441 λόγος
1363 403 1402 433 εἰς
1417 402 1482 433 τοὺς
1498 403 1598 441 ἁγίους
1620 403 1798 440 τριακοσίους
1813 403 1882 432 δέκα

1106 454 1152 484 καὶ
1172 454 1244 483 ὀκτὼ
1265 453 1390 491 πατέρας
1415 453 1460 483 καὶ
1477 454 1516 485 εἰς
1533 456 1756 483 Κωνσταντῖνον
1771 453 1822 483 τὸν
1839 453 1881 483 εὑ-

1105 503 1289 542 σεβέστατον
1305 504 1445 542 βασιλέα.

1128 555 1244 585 Exstat
1260 555 1290 585 in
1308 556 1401 586 Auct.
1419 555 1494 585 Nov.
1512 558 1586 586 tom.
1600 555 1627 586 ii.
1646 567 1675 596 p.
1688 565 1761 596 547.

1000 606 1050 637 36.
1068 606 1098 636 S.
1113 606 1325 646 Chrysostomi
1340 617 1496 636 sermones
1513 609 1594 643 tres3
1619 606 1744 641 scilicet,

1107 671 1134 688 α.
1154 657 1203 687 De
1220 657 1319 687 salute
1334 657 1442 687 animm
1456 661 1487 687 et
1503 657 1541 687 de
1556 657 1728 698 gratiarum
1740 656 1876 691 actione;

1169 718 1288 738 necnon
1303 707 1340 738 de
1358 708 1506 748 plorando
1522 714 1669 738 mortuos.
1693 707 1743 738 sol.
1759 717 1818 747 343
1837 707 1865 736 b.

1213 758 1301 789 Inter
1317 769 1386 799 opp.
1405 762 1478 788 tom.
1493 758 1532 788 ix.
1550 770 1579 799 p.
1594 759 1663 798 807.

1106 813 1136 847 β.
1157 809 1193 839 In
1210 809 1240 840 S.
1254 809 1470 840 Pentecosten.
1495 810 1546 840 sol.
1559 820 1617 851 35¹
1636 810 1665 840 b.

1213 860 1292 890 Ibid.
1310 865 1384 891 tom.
1399 860 1439 890 iii.
1456 872 1483 901 p.
1499 861 1568 901 787.

1107 926 1135 951 γ.
1152 911 1189 942 In
1206 912 1319 942 festum
1335 912 1481 942 Omnium
1497 911 1691 942 Sanctorum.
1715 911 1766 941 fol.
1782 920 1853 952 357.

1214 962 1294 992 Ibid.
1311 967 1384 992 tom.
1402 962 1432 992 ii.
1449 974 1477 1003 p.
1493 972 1525 1001 71
1539 972 1561 992 1.

1000 1007 1050 1038 37.
1072 1006 1103 1036 S.
1126 1005 1268 1046 Gregorii
1300 1005 1483 1035 Nazianzeni
1513 1005 1650 1035 carmina
1681 1005 1779 1046 plura,
1810 1015 1878 1035 cum

1086 1058 1205 1088 Nicetae
1220 1057 1381 1098 glossulis;
1405 1056 1529 1094 scilicet,

1107 1121 1133 1138 a.
1151 1107 1199 1138 De
1215 1107 1312 1148 plagis
1328 1106 1474 1148 AEgypti.
1498 1106 1548 1136 fol.
1562 1107 1633 1147 363.

1192 1158 1280 1189 Inter
1296 1169 1366 1199 opp.
1383 1158 1429 1188 ed.
1444 1157 1545 1193 Dillio,
1561 1165 1635 1189 tom.
1649 1158 1677 1188 ii.
1695 1170 1723 1199 p.
1738 1168 1787 1197 99.

1105 1213 1137 1248 β.
1157 1210 1255 1240 Mosis
1271 1209 1445 1250 decalogus.
1470 1209 1520 1239 fol.
1533 1210 1604 1250 363.

1191 1261 1271 1291 Ibid.
1289 1266 1364 1291 tom.
1381 1260 1410 1290 ii.
1428 1272 1456 1301 p.
1474 1271 1523 1300 99.

1107 1326 1135 1351 γ.
1153 1312 1201 1342 De
1216 1312 1288 1343 vitae
1304 1311 1475 1342 itineribus.
1500 1311 1550 1342 sol.
1566 1312 1638 1352 363.

1192 1363 1273 1394 Ibid.
1289 1366 1364 1393 tom.
1381 1362 1412 1393 ii.
1428 1374 1458 1403 p.
1473 1372 1522 1402 91.

1107 1417 1131 1444 δ.
1149 1414 1299 1445 Threnus.
1322 1414 1374 1444 fol.
1391 1415 1450 1454 363
1470 1414 1499 1444 b.

1194 1465 1273 1496 Ibid.
1291 1469 1366 1496 tom.
1382 1464 1412 1495 ii.
1429 1476 1458 1505 p.
1470 1474 1521 1504 95.

1109 1529 1132 1547 ε.
1151 1516 1199 1546 De
1215 1515 1274 1546 Dei
1290 1515 1452 1546 desiderio.
1476 1514 1527 1544 fol.
1543 1515 1603 1555 363
1621 1514 1651 1544 b.

1194 1567 1274 1598 Ibid.
1291 1571 1366 1598 tom.
1379 1567 1409 1596 ii.
1428 1578 1457 1607 p.
1471 1576 1520 1606 95.

1109 1633 1135 1654 ς.
1152 1619 1205 1649 Ad
1220 1618 1388 1654 Christum,
1405 1617 1578 1648 tristichon.
1602 1616 1653 1646 fol.
1665 1616 1726 1657 363
1744 1615 1771 1645 b.

1196 1671 1275 1701 Ibid.
1292 1674 1367 1701 tom.
1380 1669 1409 1700 ii.
1426 1680 1456 1710 p.
1476 1670 1543 1707 176.

1111 1723 1133 1760 ζ.
1151 1723 1198 1753 De
1213 1722 1375 1763 patientia.
1400 1720 1449 1751 fol.
1465 1722 1526 1761 363
1544 1720 1573 1750 b.

1196 1773 1276 1804 Ibid.
1292 1777 1368 1803 tom.
1385 1771 1414 1802 ii.
1432 1783 1461 1812 p.
1478 1771 1546 1801 181.

1111 1839 1136 1863 η.
1154 1824 1193 1855 In
1208 1825 1280 1855 vitae
1296 1823 1424 1854 exitum.
1448 1822 1500 1852 fol.
1517 1823 1588 1863 364.

1196 1876 1274 1906 Ibid.
1291 1880 1365 1906 tom.
1382 1875 1412 1905 ii.
1429 1886 1457 1916 p.
1478 1882 1545 1914 179.

1111 1932 1137 1959 θ.
1156 1927 1299 1970 Epistola
1314 1927 1354 1958 ad
1370 1925 1632 1967 Amphilochium.
1656 1924 1707 1953 fol.
1723 1924 1796 1964 364.

1195 1979 1294 2021 Incip.
1313 1980 1419 2018 ἐρωτᾶς
1435 1980 1501 2009 πῶς.

1111 2045 1131 2062 ι.
1149 2031 1282 2063 Carmen
1297 2028 1520 2070 poenitentiale.
1545 2027 1594 2058 sol.
1607 2028 1679 2068 364.

1195 2082 1274 2112 Ibid.
1292 2085 1366 2112 tom.
1382 2080 1412 2110 ii.
1428 2091 1457 2120 p.
1475 2080 1525 2119 98.

1111 2147 1147 2164 ια.
1165 2133 1299 2164 Carmen
1316 2131 1456 2173 supplex.
1480 2130 1531 2161 fol.
1547 2130 1619 2171 364.

1193 2184 1276 2215 Ibid.
1291 2188 1368 2214 tom.
1384 2183 1414 2213 ii.
1431 2194 1460 2223 p.
1475 2190 1525 2222 95.

1110 2239 1151 2274 ιβ.
1168 2235 1221 2265 Ad
1237 2234 1374 2265 animum
1391 2244 1487 2263 suum.
1511 2232 1561 2262 fol.
1578 2231 1648 2272 364.

1193 2285 1276 2316 Ibid.
1292 2289 1368 2316 tom.
1380 2285 1410 2314 ii.
1428 2295 1456 2325 p.
1470 2293 1520 2323 97.

1109 2351 1146 2378 ιγ.
1164 2337 1201 2368 In
1217 2337 1289 2368 vitae
1306 2337 1486 2367 vanitatem.
1510 2334 1559 2365 fol.
1573 2335 1643 2375 364.

1192 2388 1273 2419 Ibid.
1291 2392 1366 2418 tom.
1380 2387 1410 2417 ii.
1428 2398 1456 2428 p.
1471 2396 1518 2427 95.

1111 2442 1146 2470 ιδ.
1162 2439 1212 2470 De
1228 2450 1332 2480 pugna
1347 2438 1447 2469 carnis
1461 2441 1493 2468 et
1509 2436 1643 2477 spin'tus.
1667 2435 1715 2465 fol.
1730 2436 1792 2475 364
1807 2434 1835 2464 b.

1194 2490 1273 2521 Ibid.
1290 2494 1364 2521 tom.
1378 2489 1407 2519 ii.
1425 2500 1454 2529 p.
1470 2488 1537 2518 180.

1108 2555 1142 2572 ιε.
1158 2541 1291 2573 Carmen
1306 2540 1432 2570 funebre
1448 2538 1479 2568 in
1494 2536 1674 2568 Czesarium.
1698 2535 1748 2565 fol.
1761 2536 1801 2576 36
1804 2544 1834 2575 5.

1192 2590 1290 2630 Incip.
1308 2591 1334 2620 εἴ
1350 2602 1392 2621 τις
1407 2590 1461 2618 ἐὼν
1478 2589 1583 2625 κακίης.

1109 2656 1144 2677 ις.
1162 2642 1294 2673 Carmen
1309 2639 1538 2682 paraeneticum.
1562 2637 1612 2668 fol.
1628 2638 1700 2679 365.

1192 2691 1271 2722 Ibid.
1289 2695 1364 2721 tom.
1377 2690 1407 2720 ii.
1424 2700 1453 2730 p.
1468 2689 1536 2719 180.

1108 2747 1140 2779 ιζ.
1159 2741 1329 2783 Epitaphia
1341 2740 1502 2771 duodecim
1514 2739 1545 2769 in
1561 2737 1592 2769 S.
1606 2737 1763 2768 Basilium.
1780 2737 1877 2777 f.365.

1192 2793 1271 2824 Ibid.
1288 2796 1361 2823 tom.
1378 2791 1408 2822 ii.
1424 2803 1453 2833 p.
1471 2799 1537 2831 152.

1247 2847 1269 2870 B
1288 2840 1309 2870 2
