2254 3117
712 142 951 178 COLLEGII
976 143 1116 179 NOVI.

97 241 331 277 attendendum,
355 239 496 270 videlicet
524 240 605 281 quod
633 251 701 270 cum
728 240 759 270 in
785 240 892 281 primis

98 292 335 327 concordaneiis,
345 303 404 332 que
414 292 786 322 dicunturconcordancie
793 292 891 323 sancti

95 344 216 380 Jacobi‚
234 343 392 384 quodlibet
414 343 582 383 capitulum
605 343 634 372 in
651 347 770 383 septem
786 348 892 384 partes

96 396 305 436 distinguatur
327 394 494 424 secundum
516 398 634 434 septem
655 393 770 434 primas
786 394 892 425 literas

96 447 262 489 alphabeti,
286 445 440 480 videlicet,
465 456 493 479 a,
511 445 540 479 b,
557 456 583 479 c,
601 445 630 479 d,
648 456 674 480 c,
692 445 712 479 f,
729 456 758 486 g.
778 444 809 474 in
832 445 891 476 isto

97 509 186 540 opere
201 508 256 539 per
279 497 409 527 eundem
425 496 551 526 modum
574 500 606 526 et
622 496 652 525 in
668 495 800 526 totidem
823 506 891 536 par-

96 549 205 581 ticulas
242 548 476 589 distinguuntur
512 546 649 587 capitula
685 547 824 588 longiora
861 547 891 577 in

97 604 213 640 septem
234 602 339 640 partes
355 598 488 639 equales
506 597 643 638 capitula
658 608 729 627 vero
751 598 892 628 breviora

96 656 220 682 tantum
236 650 267 680 in
282 654 388 691 partes
404 652 538 690 quatuor
550 649 794 689 distinguuntur,
810 650 892 680 vide-

96 703 167 733 licet
187 703 217 732 in
237 713 265 737 a,
287 702 316 736 b,
339 713 364 737 c,
387 702 417 732 d.
444 705 479 732 ut
505 700 637 731 breviori
659 701 795 742 capitulo
818 701 849 731 in
871 712 892 740 4

97 759 201 795 partes
234 753 358 794 equales
391 752 488 783 diviso
520 763 547 782 a.
586 752 718 792 primam
753 752 892 783 continet

97 813 236 847 partem;
254 805 281 834 b.
300 815 372 834 vero
388 804 566 840 secundam,
578 815 637 844 que
649 815 667 834 a
682 804 832 845 principio
845 815 891 834 rc-

97 856 187 886 cedat
213 862 244 886 et
270 866 367 896 usque
390 855 430 886 ad
453 855 588 885 medium
613 856 840 896 protendatur3
865 866 889 885 c.

97 907 170 938 vero
185 907 309 937 recedat
325 917 344 937 a
366 906 468 936 medio
484 912 515 937 et
534 911 656 947 partem
678 907 806 937 terciam
822 918 892 937 con-

98 958 177 990 tinet
201 958 327 999 capituli
352 958 519 994 brevioris3
541 958 571 988 d.
588 969 660 988 vero
677 962 748 999 post
764 958 893 989 terciam

97 1014 217 1051 partem
233 1020 330 1050 usque
345 1009 376 1040 in
392 1010 484 1040 finem
501 1010 627 1051 capituli
644 1010 873 1051 protenditu1·.”

120 1066 158 1096 In
174 1065 225 1096 fol.
246 1075 272 1096 1.
289 1076 387 1102 verso,
407 1072 425 1081 “
438 1065 532 1096 Liber
548 1066 666 1107 collegii
683 1066 774 1097 beate
792 1066 894 1096 Marie

100 1116 250 1157 lVynton.
275 1116 306 1146 in
327 1116 426 1147 Oxon.
447 1127 485 1146 ex
501 1117 582 1147 dono
598 1127 637 1146 m.
658 1116 807 1147 willelmi
825 1117 894 1146 Mo-

98 1166 180 1196 witts
203 1166 360 1196 bacallarii
388 1166 419 1196 in
443 1178 531 1197 sacra
558 1167 715 1208 theologia
739 1168 894 1209 quondam

99 1217 171 1248 socii
192 1217 328 1257 ejusdem
349 1217 467 1259 collegii
488 1219 527 1248 ad
547 1229 637 1248 usum
652 1219 742 1249 unius
758 1219 895 1259 theologi

100 1269 172 1299 dum
187 1269 310 1300 steterit
323 1269 354 1299 in
369 1269 496 1310 collegio
512 1281 567 1310 per
582 1270 743 1300 custodem
758 1274 789 1301 et
806 1271 895 1301 deca-

100 1331 171 1350 num
186 1320 339 1362 theologie
355 1321 536 1351 limitandi.”

396 1440 512 1474 LXX.

22 1508 138 1542 Codex
161 1509 453 1545 membranaceus,
473 1510 507 1542 in
528 1511 587 1542 4120
606 1511 741 1549 minori,
761 1510 794 1544 ff.
815 1512 895 1549 314,

44 1576 108 1598 sec.
126 1565 193 1598 xiV.
211 1565 384 1605 ineuntis;
411 1565 493 1599 olim
519 1566 659 1599 Thomae
681 1566 822 1603 Trillek,
842 1579 896 1612 ep.

45 1622 220 1662 Roffensis‚
256 1628 375 1668 postea
411 1623 511 1657 Will.
549 1624 658 1663 Reed,
694 1636 746 1669 ep.
782 1625 897 1659 Ciees-

45 1681 175 1714 nensis,

63 1748 296 1780 Concordantiae
313 1749 494 1785 Bibliorum,
513 1750 620 1780 ordine
635 1750 842 1791 alphabetico.

124 1800 247 1831 Mutilae
263 1804 344 1835 sunt,
362 1801 544 1842 incipientes
567 1801 597 1831 in
618 1801 710 1832 litera
726 1802 760 1832 B.
778 1808 809 1832 et
825 1813 898 1832 voce

102 1852 221 1883 Baalim
234 1856 265 1883 et
281 1852 321 1882 ab
336 1852 397 1883 ista
411 1852 503 1883 litera
519 1853 559 1883 ad
575 1852 621 1883 M.
636 1853 814 1884 immediate
828 1864 898 1894 pro-

103 1903 244 1934 cedentes
261 1907 292 1934 et
308 1915 372 1934 voc.
390 1904 636 1945 Multiloquium.

124 1958 364 1990 Praemittuntur
375 1960 495 1991 notitiae
512 1964 684 2001 sequentes,

83 2021 110 2041 a.
127 2016 144 2026 “
158 2010 249 2041 Liber
269 2022 310 2041 m.
328 2011 478 2042 Willehni
499 2012 585 2042 Reed
601 2012 734 2053 episcopi
751 2012 899 2043 Cicestrie

144 2072 234 2103 quem
268 2062 343 2093 emit
378 2074 397 2093 a
426 2063 594 2094 venerabili
628 2068 717 2104 patre
748 2063 898 2104 magistro

145 2112 264 2144 Thoma
287 2113 412 2149 Trillek,
437 2115 581 2156 episeopo
602 2114 748 2145 Roffensi.
794 2114 899 2144 Oretis

145 2163 239 2204 igitur
264 2175 320 2205 pro
350 2169 483 2206 utroque
513 2170 544 2196 et
574 2165 824 2195 benefactoribus
850 2176 900 2195 eo·

145 2216 273 2246 rundem
289 2227 325 2247 ac
340 2216 477 2248 fidelium
495 2216 669 2247 animarum
684 2227 704 2246 a
718 2216 899 2257 purgatorio

146 2266 344 2298 liberan<lis.”

85 2321 113 2351 b.
132 2327 149 2336 “
164 2321 255 2352 Liber
277 2323 386 2353 (lomus
409 2323 572 2353 scolarium
596 2323 778 2353 venerabilis
801 2323 900 2363 patris

147 2373 260 2404 domini
282 2374 432 2404 Willelmi
456 2374 501 2403 W
502 2375 624 2415 ycham,
647 2374 781 2414 episcopi
801 2373 900 2414 Wyn-

147 2424 295 2455 tomensis
323 2425 355 2455 in
385 2425 508 2456 Oxonio
539 2436 577 2455 ex
607 2425 689 2455 dono
718 2424 900 2455 venerabilis

147 2476 244 2515 patris
267 2476 382 2507 domini
406 2476 556 2507 Willehni
580 2476 668 2506 tercii
689 2476 825 2517 episcopi
852 2476 902 2507 Ci-

148 2526 266 2564 cestrie‚
283 2527 388 2558 Oretis
403 2527 507 2569 igitur,
524 2527 604 2558 sicut
620 2528 744 2568 supi-&³⁷

389 2644 528 2678 LXXI.

29 2702 322 2747 Membranaceus,
340 2708 376 2740 in
390 2706 484 2746 folio,
503 2706 537 2739 ff.
553 2707 634 2745 404,
653 2716 721 2739 sec.
735 2706 793 2745 xi„
812 2705 900 2739 binis

51 2762 215 2797 columnis
233 2769 403 2798 exaratus.

931 2765 933 2777 l

931 2781 932 2788 i

1775 150 1814 181 Ω]

988 242 1020 272 S.
1037 242 1056 273 J
1060 244 1189 275 ohannis
1226 244 1447 286 Chrysostomi,
1486 243 1707 285 archicpiscopi
1745 243 1822 274 Con-

1008 294 1287 336 stantinopolitani,
1305 296 1335 325 in
1352 295 1497 326 Genesim
1515 295 1647 326 homiliae
1661 295 1822 335 sexaginta

1008 350 1135 385 septem.

1051 399 1111 430 Tit.
1130 410 1234 436 manu,
1249 404 1284 431 ut
1300 412 1421 442 quoquc
1436 401 1541 431 folium
1558 401 1642 443 prins
1658 401 1821 442 integrum.

1029 450 1192 480 recentiori
1216 451 1358 492 scriptus,
1383 455 1432 482 τοῦ
1456 454 1488 483 ἐν
1509 454 1600 492 ἁγίοις
1618 452 1725 490 πατρὸς
1746 452 1824 489 ἡμῶν

1028 501 1165 532 Ἰωάννου
1181 503 1408 542 ὰρχιεπισκόπου
1422 505 1758 535 Κωνσταντινουπόλεως
1774 507 1823 533 τοῦ

1030 554 1239 591 Χρυσοστόμου
1257 556 1441 593 παραινετικὴ
1465 557 1563 593 ὁμιλία
1588 557 1627 587 εἷς
1642 555 1693 592 τὴν
1710 557 1824 585 εἴσοδοι]

1029 605 1079 640 τῆς
1094 604 1179 642 ἁγίας
1194 608 1438 643 τεσσαρακοστῆς.

1052 653 1189 684 Exstant
1216 654 1353 694 impl-ess.
1381 655 1463 686 inter
1488 667 1592 697 opera,
1619 655 1692 686 edit.
1720 656 1824 686 Mont-

1030 703 1150 734 faucon.
1167 709 1243 735 tom.
1262 705 1299 735 iv.
1316 717 1344 746 p.
1364 716 1389 737 1.

1053 753 1091 783 In
1118 755 1256 795 margine
1283 755 1332 785 fol.
1362 757 1477 797 penult.
1503 758 1618 798 scripta
1644 761 1691 788 est
1715 757 1826 788 notitia

1031 805 1215 845 possessoris
1236 806 1373 847 alicujus,
1395 808 1485 838 hodie
1504 820 1588 849 paene
1605 809 1716 843 deleta,
1733 820 1824 841 anno.

1031 860 1066 887 ut
1082 857 1212 891 videtur,
1234 867 1322 898 1452.

1054 907 1214 948 Supplevit
1250 919 1370 948 quoque
1407 920 1516 939 manus
1553 910 1641 951 longe
1675 911 1826 940 recentior

1031 959 1228 990 membranas
1244 960 1415 990 octodecim
1431 966 1612 1001 postremas.

1310 1062 1467 1095 LXXII.

949 1124 1067 1158 Codex
1099 1125 1394 1164 membranaceus,
1422 1126 1455 1158 in
1484 1125 1574 1163 folio,
1602 1126 1635 1159 ff.
1656 1128 1734 1164 193.
1763 1138 1828 1158 sec.

974 1182 1085 1216 forsan
1114 1183 1161 1217 xi.
1191 1182 1374 1221 exeuntis;
1406 1182 1495 1215 binis
1523 1182 1691 1215 columnis
1721 1183 1829 1215 nitide

973 1246 1144 1273 exaratus.

993 1308 1024 1338 S.
1039 1309 1195 1339 Johannis
1219 1308 1431 1349 Chrysostomi
1455 1308 1486 1338 in
1508 1308 1647 1338 Psalmos
1671 1308 1829 1338 exix.—el.

1013 1361 1168 1399 inclusive,
1185 1361 1316 1391 homilise
1333 1361 1395 1392 sive
1411 1361 1572 1401 expositio.

1057 1413 1120 1444 Tit.
1137 1413 1155 1443 i.
1183 1415 1233 1443 τοῦ
1252 1414 1284 1443 ἐν
1306 1414 1400 1452 ἁγίοις
1415 1412 1522 1451 πατρὸς
1538 1413 1616 1450 ἡμῶν
1631 1411 1768 1441 Ἰωάννου
1785 1412 1831 1449 ἁρ-

1034 1467 1226 1504 χιεπισκόπου
1259 1465 1598 1495 Κωνσταντιιόυπόλεως
1635 1464 1685 1493 τοῦ
1722 1465 1833 1500 Χρυσο-

1036 1518 1146 1555 στόμου
1164 1517 1299 1556 ἑρμηνεία
1316 1518 1355 1548 εἷς
1370 1516 1435 1547 τοὺς
1453 1517 1599 1555 ψαλμούς.

1057 1567 1194 1598 Exstant
1229 1568 1366 1608 impress.
1398 1567 1480 1598 inter
1510 1577 1616 1607 opera,
1646 1565 1694 1596 ed.
1728 1565 1831 1595 Mont-

1035 1618 1154 1649 faueon.
1171 1622 1246 1649 tom,
1262 1629 1289 1648 v.
1307 1629 1358 1659 pp.
1399 1618 1554 1658 28—503.

1303 1722 1487 1756 LXXIII.

952 1785 1254 1823 Membranaeeus,
1290 1785 1325 1817 in
1360 1783 1452 1823 folio,
1488 1783 1522 1816 ff.
1554 1785 1634 1821 241,
1666 1794 1731 1815 sec.
1767 1782 1832 1819 xi.;

976 1844 1152 1887 utrimque
1174 1842 1329 1876 mutilus.

998 1910 1043 1950 [S.
1056 1910 1173 1947 Basilii,
1195 1909 1331 1951 episcopi
1350 1908 1580 1948 Cresareensis]
1600 1907 1746 1937 Homilize
1769 1906 1832 1946 plu-

1015 1972 1064 1991 res
1078 1974 1085 1999 ;
1103 1965 1137 1991 ut
1153 1964 1333 2001 sequuntur,

995 2014 1023 2043 1.
1043 2014 1080 2043 In
1097 2012 1238 2043 Psalmos
1254 2012 1376 2047 vari0s3
1394 2011 1494 2041 mutil.
1518 2009 1569 2040 fol.
1587 2019 1611 2039 1.

1060 2063 1158 2104 Incip.
1182 2064 1213 2093 in
1236 2063 1342 2093 homil.
1366 2063 1467 2104 prima
1489 2062 1520 2091 in
1545 2059 1658 2090 Psalm.
1683 2058 1742 2088 xiv.
1763 2067 1831 2087 cum

1036 2115 1146 2150 verbis,
1175 2116 1285 2156 [ὕρ]κοι
1310 2116 1341 2145 δὲ
1368 2116 1450 2146 ὄντες
1477 2115 1556 2143 ἄλλα
1583 2111 1729 2149 θεραπεία,
1758 2109 1830 2139 edit.

1038 2167 1138 2197 Paris.
1159 2167 1248 2202 1618,
1265 2172 1340 2197 tom.
1359 2166 1377 2196 i.
1394 2177 1422 2207 p.
1444 2175 1512 2205 155,
1530 2163 1571 2193 D.
1590 2172 1617 2201 7.

1059 2218 1180 2249 Desunt
1210 2218 1274 2248 fere
1301 2217 1404 2248 omnia
1433 2217 1473 2247 ab
1501 2213 1693 2255 expositione
1723 2211 1753 2241 in
1780 2210 1830 2240 Ps.

1037 2270 1132 2300 xxxii.
1171 2280 1268 2310 usque
1305 2270 1346 2300 ad
1382 2269 1504 2299 initium
1542 2264 1673 2296 homiliae
1712 2263 1742 2292 in
1779 2262 1831 2291 Ps.

1038 2320 1130 2351 xlviii.

996 2385 1025 2415 2.
1042 2384 1090 2415 De
1102 2384 1220 2426 jejunio
1236 2384 1370 2414 homiliae
1386 2383 1464 2413 duze.
1488 2381 1538 2411 fol.
1553 2382 1589 2410 8:
1604 2380 1633 2409 b.

1060 2436 1122 2466 Tit.
1140 2436 1160 2466 i.
1176 2439 1226 2466 τοῦ
1243 2435 1329 2465 αὐτοῦ
1344 2435 1409 2473 περὶ
1424 2433 1556 2471 νηστείας
1572 2431 1660 2469 λόγος
1675 2430 1792 2466 πρῶτος.

1060 2486 1197 2517 Exstant
1213 2486 1352 2527 impress.
1368 2485 1399 2515 in
1415 2484 1487 2515 edit.
1505 2483 1557 2513 cit.
1574 2486 1647 2511 tom.
1665 2479 1682 2509 i.
1700 2490 1727 2519 p.
1745 2487 1816 2518 321.

996 2552 1025 2582 3.
1042 2551 1080 2582 In
1096 2551 1180 2586 illud,
1198 2550 1341 2581 Attende
1356 2548 1412 2579 tibi
1429 2547 1495 2588 ipsi.
1520 2545 1570 2576 fol.
1586 2554 1652 2575 100.

1060 2602 1122 2633 Tit..
1138 2604 1189 2632 τοῦ
1205 2602 1291 2632 αὐτοῦ
1309 2601 1348 2631 εἰς
1363 2599 1405 2634 τὸ,
1422 2600 1565 2637 πρόσεχες
1581 2595 1665 2635 αὐτῷ,

1060 2653 1176 2684 Exstat
1192 2652 1264 2682 ibid.
1282 2656 1356 2681 tom.
1374 2650 1392 2679 i.
1409 2661 1438 2690 p.
1456 2658 1528 2689 341.

997 2719 1026 2748 4.
1042 2716 1092 2747 De
1107 2715 1280 2757 gratiarum
1295 2713 1425 2744 actione.
1450 2712 1500 2742 fol.
1521 2721 1585 2741 111.

1061 2767 1140 2798 Ibid.
1159 2771 1233 2797 tom.
1252 2765 1270 2796 i.
1287 2776 1317 2805 p.
1333 2772 1404 2805 354.
