2254 3117
355 156 376 189 6
909 148 1207 183 CATALOGUS
1233 148 1466 186 CODICUM
1494 150 1602 186 MSS.

751 249 836 283 XX.

353 315 473 349 Codex
500 314 790 349 membranaceus,
819 311 865 344 in·
882 310 974 350 folio,
1002 310 1034 344 ff.
1056 312 1137 349 179,
1164 322 1230 344 sec.

379 374 461 412 xiii.,
480 372 568 406 binis
586 370 755 404 columnis
773 369 861 402 bene
885 372 1045 402 exaratus
1067 372 1103 401 et
1121 379 1232 401 serva-

378 436 453 469 tus;
477 441 520 463 ex
539 429 629 462 dono
648 426 801 471 ejusdem
819 424 1002 458 Willelmi.

396 487 547 529 Stephani
572 487 727 527 Langton,
751 484 885 525 archiep.
907 484 1055 515 Cantuar.
1081 484 1232 525 expositio

417 550 508 580 super
523 538 634 568 librum
652 535 912 567 Ecclesiasticum.

460 589 521 619 Tit.
540 593 557 604 ⁴⁴
571 587 735 629 Expositio
754 597 846 628 super
860 585 1110 616 Ecclesiasticum
1128 596 1232 616 secun-

439 641 512 670 dum
538 639 721 680 magistrum
750 638 953 678 Stephanum,
977 637 1233 667 Cantuariensem

438 690 732 732 archiepiscopum.”

459 743 557 782 Incip.
581 746 598 758 “
613 741 684 772 Hoc
705 751 824 777 nomen,
848 739 1062 776 Ecclesiastes‚
1084 738 1233 779 interpre-

438 799 525 825 tatur
547 794 747 824 concionator
767 796 799 822 et
821 791 955 822 refertur
977 790 1026 821 ille
1048 789 1126 820 liber
1149 789 1232 819 Salo-

438 845 538 876 monis
553 845 593 876 ad
610 844 740 875 Deum.”

460 896 569 927 Desin.
599 895 832 936 “Significatur
861 898 966 924 autem
1000 903 1053 933 per
1081 891 1233 922 tumulum

438 947 536 978 sabuli
552 946 751 988 congregatio
767 943 992 986 peccatorum.”

744 1035 849 1069 XXI.

358 1099 655 1137 Membranaceus,
678 1098 713 1131 in
735 1097 826 1136 folio,
849 1096 881 1129 ff.
900 1099 978 1135 102,
1000 1107 1065 1129 sec.
1085 1107 1140 1128 xv.
1164 1096 1233 1127 ine-

380 1158 495 1195 untis;
530 1157 619 1190 binis
649 1155 818 1190 columnis
853 1158 1035 1193 exaratus3
1070 1165 1113 1186 ex
1144 1153 1233 1185 dono

380 1216 534 1259 ejusdem
554 1214 603 1247 W
605 1213 735 1248 illelmi.

399 1280 425 1308 1.
450 1278 590 1314 Henriei,
614 1276 811 1319 [Lexint0n3]
839 1275 973 1317 episcopi
1002 1273 1233 1309 Lincolniensis,

461 1329 615 1369 expositio
646 1339 737 1369 super
766 1327 896 1358 Cantica
925 1326 1134 1361 Canticorum,
1165 1335 1233 1354 cum

462 1379 700 1410 introductione.
723 1378 774 1408 fol.
794 1387 817 1407 1.

505 1430 600 1471 Incip.
614 1429 727 1460 introd.
740 1433 759 1446 “
772 1428 809 1458 In
823 1427 965 1458 funiculis
981 1427 1084 1457 Adam
1100 1426 1233 1462 traham,

483 1488 542 1513 etc.
559 1481 732 1512 Rationalis
752 1480 854 1511 anime
875 1478 1023 1520 perfectio
1043 1477 1184 1508 consistit
1204 1478 1234 1507 in

483 1533 726 1574 conjunctione.”

506 1584 601 1625 Incip.
618 1595 722 1625 expos.
742 1588 760 1600 “
775 1582 939 1614 Osculctur
959 1592 1026 1616 mc;
1054 1580 1147 1610 Liber
1165 1580 1234 1615 iste,

483 1635 534 1676 qui
551 1639 598 1666 est
613 1635 652 1665 de
667 1634 883 1675 conjunctione
899 1632 1016 1663 Christi
1032 1636 1064 1662 et
1080 1631 1234 1662 ecclesie.”

505 1687 610 1717 Desin.
623 1692 641 1704 “
653 1690 685 1717 et
697 1687 774 1717 dans
787 1686 855 1716 Deo
867 1685 996 1725 gloriam
1007 1685 1046 1714 de
1057 1683 1234 1725 jumentis.”

506 1738 714 1769 Praemittitur
740 1737 833 1768 index
858 1736 956 1768 totius
986 1735 1099 1766 codicis
1128 1735 1233 1776 alpha-

484 1790 611 1821 beticus.

400 1844 427 1871 ⁶2.
448 1840 635 1872 Collationes
661 1844 693 1870 et
715 1839 878 1870 divisiones
905 1838 935 1868 in
959 1838 1089 1868 eundem
1113 1837 1233 1867 librum.

464 1892 514 1922 fol.
531 1892 581 1922 68.

506 1942 602 1983 Incip.
619 1946 639 1959 “
652 1941 690 1971 In
706 1941 755 1971 die
774 1941 897 1982 quando
918 1940 1110 1981 alloquenda.
1152 1939 1235 1969 Nota

486 1994 568 2035 quod
583 1993 648 2024 dies
667 1992 848 2033 quandoque
868 1991 1000 2022 sumitur
1015 1990 1187 2027 causaliter,
1204 1993 1235 2020 et

486 2046 543 2075 hoc
560 2045 651 2074 modo
665 2044 746 2074 lux?q

403 2099 431 2128 3.
448 2095 610 2137 Expositio
626 2094 807 2125 abbreviata
822 2104 914 2134 super
928 2093 1066 2129 Cantica,
1083 2103 1151 2122 cum
1167 2103 1235 2133 pro-

465 2148 545 2188 logo,
568 2147 617 2177 fol.
632 2148 681 2186 76.

509 2198 605 2239 Incip.
622 2197 697 2238 prol.
716 2202 733 2213 ⁴⁶
744 2196 825 2227 Ecce
842 2196 909 2236 Ego
926 2195 1047 2231 laetabo,
1061 2199 1119 2225 etc.
1151 2194 1236 2225 Sicut

488 2250 562 2280 dicit
578 2248 717 2290 egregius
733 2241 842 2278 doctor
857 2246 1082 2287 Augustinus.'’

512 2299 607 2340 Incip.
620 2309 726 2339 expos.
740 2297 946 2333 “Osculetur;
964 2296 1025 2326 Hic
1037 2295 1145 2337 incipit
1157 2300 1236 2327 trac-

488 2356 574 2384 tatus
591 2351 628 2382 dc
644 2350 857 2391 conjunctione
874 2348 989 2379 Christi
1004 2352 1036 2378 et
1052 2348 1206 2378 ecclesie.”

406 2408 432 2436 4.
450 2402 638 2445 Explanatio
658 2412 750 2442 super
769 2400 897 2431 Cantica
916 2399 1113 2430 Canticorum
1134 2410 1237 2429 sccun-

468 2457 541 2486 dum
555 2453 712 2485 dominum
725 2452 886 2489 Thomam,
897 2451 1043 2482 abbatem
1060 2450 1090 2480 S.
1104 2450 1237 2481 Andreae

470 2504 684 2541 Vercellensis,
702 2514 769 2534 cum
786 2502 922 2544 prologo.
945 2501 994 2531 sol.
1010 2501 1048 2531 88
1061 2501 1091 2531 b.

512 2557 609 2598 Incip.
622 2555 697 2597 prol.
711 2559 729 2572 “
739 2546 875 2585 Jeremie
888 2564 986 2589 nono,
1003 2553 1042 2582 In
1058 2552 1115 2583 hoc
1130 2552 1238 2593 glorie-

490 2613 560 2644 tur;
581 2611 639 2638 etc.
685 2605 808 2647 Duplex
826 2604 876 2635 hie
894 2603 1073 2644 designatur
1088 2602 1149 2633 Dei
1170 2614 1238 2644 cog-

492 2658 597 2690 nitio.”

516 2710 610 2751 Incip.
627 2709 678 2739 lib.
701 2713 721 2726 “
733 2707 913 2740 Osculetur;
941 2706 1030 2736 Nunc
1048 2705 1142 2736 tertio
1159 2704 1238 2735 Can·
1271 2691 1275 2694 Ι

492 2762 554 2792 tica
569 2761 599 2791 in
616 2760 737 2801 scriptis
752 2769 907 2800 exponens
923 2768 978 2788 nec
993 2756 1187 2798 premissas.”

1409 249 1516 280 Desin.
1533 253 1551 266 “
1562 249 1595 280 in
1611 259 1671 290 quo
1686 252 1836 290 perpetuo
1852 250 2058 290 perseverat-'³

1410 300 1449 330 In
1471 300 1564 338 calce,
1589 304 1606 316 “
1619 300 1756 341 Explicit
1778 300 1934 341 exposicio
1956 301 2084 339 Thome,
2106 303 2158 333 ab·

1389 349 1690 385 batisVercellensis,
1701 360 1793 390 super
1800 349 1928 381 Cantica
1934 350 2160 382 Oanticorum.”

1658 456 1784 490 XXII.

1284 519 1405 552 Codex
1423 518 1714 557 membranaceus,
1730 519 1763 551 in
1782 518 1864 552 folio
1882 520 2015 559 minori,
2032 519 2065 553 ff.
2080 523 2160 560 173,

1309 587 1374 609 see.
1394 575 1465 608 xiii.
1484 576 1644 615 ineuntis,
1662 575 1750 609 binis
1769 576 1938 610 columnis
1955 577 2064 611 nitide
2082 589 2162 611 exa-

1309 638 1422 673 1·atus;
1449 644 1493 667 ex
1515 633 1604 667 dono
1626 633 1678 666 M.
1695 633 1839 668 Roberti
1859 634 1969 674 Roke,
1989 636 2161 680 quondam

1309 691 1401 724 socii.

1328 760 1354 789 1.
1381 759 1544 800 Expositio
1571 761 1601 790 in
1628 761 1789 791 duodecim
1814 761 1989 802 Prophetas
2019 762 2162 799 minores,

1394 811 1534 850 [auctore
1551 810 1680 841 Alberto
1694 811 1824 852 Magno,
1841 822 1894 841 seu
1908 812 2014 852 Steph.
2028 812 2126 853 Layte
2136 812 2161 853 ἔ]

1391 872 1459 891 cum
1475 861 1612 902 prologo.
1636 861 1686 891 fol.
1704 872 1730 891 1.

1434 912 1531 953 Incip.
1547 912 1622 953 prol.
1641 916 1659 929 ‘⁶
1670 913 1749 943 Ossa
1764 913 1925 943 duodecim
1941 914 2163 955 prophetarum

1412 963 1565 1004 pullulant
1577 964 1614 994 de
1627 963 1693 994 loco
1709 975 1783 998 suo;
1802 975 1872 994 nam
1887 965 2163 997 corroboraverunt

1412 1015 1552 1050 .Jacob;”
1579 1020 1613 1045 ut
1636 1015 1717 1046 inter
1739 1015 1861 1045 Alberti
1887 1027 1989 1057 opera,
2012 1021 2087 1048 tom.
2104 1017 2162 1048 viii.

1412 1071 1493 1106 part.
1511 1066 1547 1096 iv.

1436 1117 1531 1158 Incip.
1545 1122 1622 1148 text.
1642 1122 1659 1134 ‘⁶
1671 1117 1813 1148 perlecta
1828 1118 1934 1148 littera
1950 1129 2018 1149 cum
2033 1119 2155 1160 glosis.”

1434 1169 1539 1199 Desin.
1556 1169 1586 1199 in
1604 1169 1751 1206 Malacli.,
1766 1174 1783 1186 “
1794 1175 1841 1200 set
1856 1170 1975 1201 sedebit
1989 1170 2162 1201 Jerusalem

1412 1222 1547 1251 secura.”

1329 1273 1357 1301 Ω.
1378 1271 1543 1312 Allegoriae
1570 1271 1723 1302 nonnullae
1750 1272 1788 1302 de
1814 1275 1899 1302 statu
1926 1272 2057 1303 hominis
2070 1285 2078 1309 3
2102 1278 2161 1304 etc.

1391 1322 1442 1352 fol.
1458 1323 1514 1362 163
1530 1322 1559 1352 b.

1436 1373 1531 1414 Incip.
1551 1378 1567 1390 ‘⁴
1579 1373 1646 1404 Rex
1662 1373 1746 1404 dives
1765 1378 1797 1404 et
1813 1378 1978 1415 prepotens
1994 1374 2081 1406 Deus
2101 1387 2164 1406 om-

1412 1425 1555 1465 nipotens
1582 1424 1675 1455 filium
1707 1425 1763 1455 sibi
1794 1425 1865 1455 fecit
1892 1425 2046 1461 heredem,
2074 1438 2164 1467 quem

1413 1475 1549 1506 creant.”

1330 1528 1357 1556 8.
1376 1527 1542 1557 Tractatus
1561 1527 1705 1558 metricus
1721 1528 1793 1558 dict.
1812 1527 1987 1559 ‘Poeniteas
2007 1529 2079 1560 cito’
2096 1541 2165 1560 cum

1392 1578 1592 1619 expositione.
1606 1579 1635 1609 in
1649 1590 1709 1620 quo
1720 1579 1825 1620 agitur
1837 1579 1874 1609 de
1891 1579 2082 1620 poenitentia,
2095 1592 2165 1611 con-

1392 1628 1543 1666 fessione,'
1558 1633 1617 1660 etc.
1644 1629 1693 1659 fol.
1712 1632 1766 1669 167
1782 1630 1810 1659 b.

1435 1680 1532 1721 Incip.
1550 1685 1627 1711 text.

1352 1738 1369 1746 ⁸·
1382 1730 1528 1762 Peniteas
1544 1732 1605 1762 cito
1621 1737 1776 1773 peccator,
1792 1743 1860 1762 cum
1876 1732 1916 1763 sit
1932 1733 2127 1764 miserator.”

1436 1783 1533 1824 Incip.
1557 1795 1661 1825 expos.
1687 1784 1793 1825 “Spes
1815 1784 1919 1821 venie;
1951 1784 1997 1815 Ne
2022 1785 2164 1827 desperet

1414 1834 1492 1865 sicut
1509 1835 1637 1866 Chain.”

1436 1885 1541 1916 Desin.
1562 1886 1592 1915 in
1608 1886 1745 1916 versibus
1765 1885 1920 1927 dialogum
1941 1887 2165 1928 exponentibus

1414 1949 1504 1978 incip.

1342 1994 1359 2004 ‘⁴
1373 1988 1442 2018 Non
1459 1988 1499 2018 sis
1515 1988 1639 2021 occisor,
1656 1988 1712 2023 fur,
1730 1988 1874 2023 moechus,
1892 1988 1981 2018 testis
1996 1988 2128 2029 iniquus,

1374 2039 1537 2080 Vicinique
1553 2039 1688 2076 thorum,
1705 2050 1814 2080 resque
1830 2044 1938 2070 caveto
1954 2040 2054 2069 suas.”

1652 2148 1798 2183 XXIII.

1292 2213 1588 2252 Membranaceus,
1613 2213 1646 2246 iu
1675 2212 1756 2245 folio
1782 2213 1913 2257 majori.
1938 2212 1971 2245 ff.
1991 2213 2071 2252 146,
2098 2224 2163 2247 sec.

1314 2271 1372 2304 xii.
1387 2270 1566 2309 exeuntis3
1592 2270 1678 2303 binis
1696 2269 1864 2302 columnis
1882 2269 1970 2302 bene
1984 2274 2164 2309 exaratus3

1314 2339 1357 2361 ex
1377 2327 1466 2361 dono
1483 2326 1582 2360 Will.
1598 2326 1700 2371 Gray,
1720 2338 1772 2371 ep.
1789 2326 1944 2360 Eliensis.

1334 2396 1419 2428 Petri
1436 2396 1580 2427 Cantoris
1597 2396 1778 2426 parisiensis
1794 2395 1947 2437 expositio
1966 2407 2057 2437 super
2071 2396 2165 2426 libros

1353 2448 1408 2479 SS.
1422 2448 1661 2488 Scripturarum,
1680 2447 1730 2488 qui
1747 2452 1924 2488 sequuntur,
1942 2447 2065 2483 scilicet,

1313 2500 1341 2529 1.
1359 2499 1396 2529 In
1413 2498 1573 2528 Numeros.
1597 2497 1647 2528 fol.
1663 2508 1689 2530 2.

1417 2550 1479 2580 Tit.
1505 2555 1522 2566 “
1536 2550 1650 2591 Incipit
1676 2549 1820 2591 prologus
1845 2549 1891 2579 M.
1910 2548 1996 2579 Petri
2022 2548 2165 2579 Cantoris

1396 2612 1487 2642 super
1503 2601 1658 2631 Numeri.”

1418 2652 1514 2693 Incip.
1533 2652 1776 2693 “Multiplicabo
1798 2661 1900 2682 semen
1921 2654 2026 2684 tuum;
2053 2650 2164 2680 Secun—

1396 2704 1468 2734 dum
1484 2704 1587 2735 littere
1603 2703 1793 2745 superficiem
1808 2702 1929 2732 videtur
1945 2701 2126 2732 Habrahe.’'

1312 2757 1339 2785 2.
1358 2755 1457 2796 Super
1474 2755 1758 2786 Deuteronomium.
1781 2753 1832 2784 fol.
1844 2754 1884 2793 58
1898 2752 1924 2782 b.
