2254 3117
723 125 961 160 COLLEGII
988 126 1300 165 ORIELENSIS.

186 223 317 265 epistola
346 223 386 254 ad
416 222 435 254 J
439 223 592 254 ohannem
618 234 732 265 papam
760 223 901 254 XXIII.
934 224 984 254 fol.

191 285 246 313 107
265 275 293 305 b.

228 326 345 357 Exstat
361 326 433 356 ibid.

231 376 266 406 In
283 377 375 411 calce,
394 381 412 393 ‘⁴
425 376 561 418 Explicit
576 377 757 407 exhortacio
772 387 865 417 super
880 376 984 406 kalen-

206 428 285 458 darii
310 428 502 459 correctione
522 427 608 458 edita
628 438 647 457 a.
668 427 793 457 domino
815 427 911 457 Petro
928 427 983 458 Ca-

207 479 407 510 1110raeensi.”

121 532 148 559 5.
167 530 334 562 Tractatus
349 531 387 561 dc
403 541 475 561 vero
491 530 575 570 cyclo
591 529 700 559 lunari.
725 528 775 558 fol.
795 539 803 558 1
817 529 862 558 16.

227 582 343 613 Exstat
359 582 432 612 ibid.

120 634 147 664 6.
167 634 315 674 Epilogus
331 644 451 674 mappae
467 632 582 662 mundi.
606 631 658 662 fol.
677 641 744 662 120.

228 685 307 715 Ibid.

227 736 262 765 In
285 735 377 770 calce,
396 738 413 751 “
430 734 569 775 Explicit
590 734 728 776 epilogus
751 745 861 775 [nappe
878 735 983 765 mundi

204 786 307 817 editus
331 797 350 816 a
374 785 498 816 domino
524 785 620 816 Petro
644 786 682 816 (le
706 786 837 822 Alliaco,
862 798 907 827 ep.
926 786 982 818 Cas-

204 836 400 867 meracensi.''

482 918 599 953 LXX.

99 987 217 1020 Codex
245 986 537 1024 membranaceus,
564 985 598 1018 in
627 984 720 1021 folio,
751 985 785 1018 ff.
808 985 886 1021 164.
917 996 982 1017 sec.

123 1056 190 1083 xV.‚
221 1055 310 1077 anno
340 1045 433 1080 1429
464 1054 568 1076 manu
600 1042 736 1076 Nicolai
767 1043 809 1076 de
841 1042 984 1075 Bodels—

123 1102 249 1135 werdia
267 1106 350 1135 tunc
369 1101 535 1146 temporis
555 1100 700 1134 Oxoniae
718 1101 899 1134 studentis.

142 1162 258 1193 Scotuli
289 1161 476 1203 quaestiones
505 1172 598 1202 super
628 1161 860 1191 Sententiarum
890 1160 984 1191 libros

161 1218 307 1254 quatuor,
323 1224 391 1243 cum
408 1212 546 1254 prologo.

204 1265 301 1306 Incip.
324 1264 400 1306 prol.
424 1268 442 1281 ⁴⁶
458 1263 547 1295 Circa
570 1263 732 1305 prologum
758 1263 828 1293 libri
854 1263 983 1295 Senten—

182 1316 295 1346 tiarum
313 1315 453 1357 queritur
468 1322 573 1345 utrum
589 1314 704 1344 homini
722 1325 778 1355 pro
795 1315 909 1345 statu.”

204 1367 302 1408 Incip.
329 1370 439 1408 quaest.
463 1366 482 1397 i.
510 1370 527 1383 '⁵‘
544 1366 634 1397 Circa
660 1366 891 1397 distinctionem
923 1367 983 1408 pri-

183 1429 265 1448 mam
282 1417 449 1459 queritur.''

204 1469 312 1499 Desin.
327 1473 344 1486 “
357 1469 397 1500 ad
411 1469 492 1510 quod
508 1468 656 1510 gaudium
673 1468 816 1500 Christus
832 1469 891 1500 Dei
906 1469 984 1500 filius

183 1532 239 1551 nos
254 1521 415 1562 perducat.
461 1520 550 1559 Q11i‚”
565 1524 624 1551 etc.

204 1572 241 1602 In
261 1572 355 1609 calce,
371 1576 389 1588 “
406 1571 544 1613 Explicit
569 1571 710 1602 Scotulus
735 1582 827 1612 super
850 1575 985 1612 quatuor

182 1623 276 1653 libros
293 1623 526 1654 Sententiarum
548 1623 682 1664 scriptus
697 1634 752 1664 per
767 1634 876 1654 manus
893 1623 983 1654 Nico—

181 1674 221 1704 lai
237 1674 276 1704 de
293 1673 533 1711 Bodelswerdia,
547 1673 653 1704 finitus
669 1679 701 1704 et
717 1674 889 1715 completus
901 1685 983 1705 anno

181 1723 306 1753 Domini
327 1723 490 1753 millesimo
511 1724 817 1765 quadringentesimo
838 1725 983 1755 vicesimo

181 1786 271 1811 nono,
283 1779 423 1816 tempore
435 1775 632 1806 illustrissimi
645 1776 791 1817 principis
806 1777 886 1817 regis
899 1777 983 1807 Heu-
1012 1780 1014 1818 J

182 1825 237 1856 rici
250 1825 337 1856 Sexti
349 1825 381 1855 in
394 1826 531 1866 profesto
545 1826 653 1858 Sancti
667 1827 791 1858 Mathei
804 1828 936 1868 apostoli
951 1835 983 1858 et

182 1877 382 1918 evangeliste,
399 1882 473 1908 tunc
490 1879 638 1920 temporis
655 1879 775 1910 Oxonie
800 1880 983 1911 studentis.”

470 1981 611 2016 LXXI.

99 2043 394 2082 Membramceus,
409 2045 443 2077 in
458 2044 541 2078 folio
560 2045 691 2089 majori,
706 2044 740 2078 ff.
754 2044 809 2084 56,
826 2047 982 2086 secxiv„

123 2100 210 2134 binis
228 2100 397 2134 columnis
414 2106 587 2135 exaratus.

140 2168 266 2199 Thomae
283 2168 452 2210 Aquinatis
474 2169 506 2199 in
529 2169 640 2200 librum
663 2169 895 2200 Sententiarum
921 2175 980 2200 ter·
1011 2169 1012 2174 ’

160 2219 237 2250 tium
254 2220 467 2250 commentarii
483 2220 702 2261 fragmentum.

204 2271 316 2302 Omnia
345 2271 409 2301 fere
439 2282 537 2312 usque
561 2271 601 2302 ad
634 2271 877 2302 Distinctionem
905 2272 979 2302 xxii.

183 2326 292 2363 quaest.
310 2323 328 2352 6
344 2322 512 2364 perierunt.

204 2373 300 2414 Incip.
322 2373 372 2403 fol.
394 2383 418 2403 1.
435 2373 513 2403 versi
539 2372 594 2403 col.
616 2383 642 2402 1.
659 2373 689 2403 iu
710 2373 820 2409 verbis,
846 2378 863 2390 ‘⁵
880 2373 980 2404 dicen-

182 2424 255 2454 dum
271 2425 353 2465 quod
376 2435 541 2465 puerorum
562 2427 722 2464 peccatum
740 2424 878 2465 quamvis
900 2430 980 2456 esset

182 2486 238 2515 per
253 2475 347 2506 alium
363 2475 517 2516 expiabile
533 2485 625 2515 quam
641 2475 680 2505 ad
696 2486 793 2516 genus
809 2477 957 2516 peccati.”

204 2526 242 2556 In
259 2526 340 2556 calce
356 2526 464 2557 tabula
480 2530 527 2556 est
541 2525 747 2566 quaestionum
759 2526 856 2557 totius
869 2527 979 2568 operis.

461 2621 618 2654 LXXII.

100 2683 397 2722 Membranaceus,
424 2683 458 2716 in
488 2683 570 2716 folio
595 2684 726 2728 majori,
754 2684 787 2718 ff.
807 2687 887 2724 414,
912 2696 979 2719 sec.

124 2742 202 2781 xiv.‚
222 2742 310 2776 binis
328 2740 497 2775 columnis
514 2746 686 2775 exaratus.

1873 140 1916 171 25

1077 226 1230 259 Johannis
1260 230 1297 261 de
1330 230 1478 269 Saxonia,
1509 232 1571 263 sive
1608 233 1805 271 Alc-mannia,
1838 236 1916 276 juris

1098 277 1259 319 utriusque
1294 280 1441 317 doctoris,
1473 282 1580 313 tabula
1609 283 1806 324 alphabetica
1837 285 1917 325 juris

1099 333 1163 359 tam
1180 330 1278 361 civilis
1294 342 1385 372 quain
1402 334 1548 371 canonici,
1566 346 1633 365 cum
1651 336 1843 376 prael'atione.

1141 380 1202 411 Tit.
1220 386 1240 398 “
1255 381 1292 412 In
1309 383 1431 414 nomine
1456 384 1560 416 Patris
1584 390 1615 417 et
1638 386 1707 416 Filii
1729 392 1760 418 et
1782 388 1916 428 Spiritus

1121 431 1238 462 Sancti.
1279 433 1393 474 Incipit
1409 436 1606 477 tabulajuris
1622 438 1758 468 canonici
1775 443 1805 469 et
1822 438 1917 468 civilis

1121 482 1288 512 secundum
1315 484 1453 515 ordinem
1484 486 1641 527 alphabeti
1669 488 1753 518 edita
1779 494 1809 519 et
1837 499 1916 519 com-

1121 531 1205 571 pleta
1220 544 1289 563 cuin
1306 535 1391 564 novis
1406 536 1621 568 addicionibus
1633 550 1651 568 a
1664 539 1760 570 fratre
1771 539 1916 570 Johanm·

1122 582 1295 613 Alemanno
1318 585 1434 616 ordinis
1450 587 1581 618 fratrum
1603 590 1764 625 minorum,
1789 591 1916 621 doctore

1116 632 1195 671 juris
1211 634 1399 675 utriusqueff’

1143 683 1239 725 Incip.
1257 686 1342 725 praef.
1362 691 1379 702 “
1392 687 1542 725 Quoniam
1559 690 1637 721 sicut
1653 691 1792 721 dicitur*

1144 734 1238 776 Incip.
1256 735 1319 766 tab.
1339 741 1357 752 “
1372 737 1501 774 Abbas3
1526 740 1583 770 Est
1604 745 1635 771 et
1656 742 1753 772 abbas
1768 742 1794 771 is
1811 743 1862 783 qui
1879 754 1915 772 ex

1120 784 1259 826 legitima
1274 786 1426 818 eleccione
1442 789 1488 819 vel
1506 791 1680 821 canonicas*

1143 835 1180 866 In
1201 836 1293 873 calce,
1312 842 1329 854 “
1347 838 1483 879 Explicit
1507 841 1613 872 tabula
1630 843 1708 883 juris
1729 844 1865 874 canonici
1884 849 1916 874 et

1121 887 1215 918 civilis
1234 888 1318 919 edita
1341 894 1373 920 et
1397 891 1551 932 completa
1574 904 1628 933 per
1652 894 1778 924 fratrem
1800 895 1916 925 Johan-

1121 949 1190 969 nem
1207 939 1244 969 de
1261 939 1408 977 Saxonia‚
1426 943 1514 972 ord.”
1531 947 1588 973 etc.

1410 1051 1549 1086 LXIII.

1013 1090 1014 1105 l

1036 1111 1155 1145 Codex
1199 1112 1391 1147 Hebraicus
1433 1115 1724 1152 membranaceus.
1763 1118 1794 1149 in
1836 1118 1915 1150 folio

1059 1170 1241 1215 grandiori,
1269 1171 1302 1205 ff.
1322 1174 1404 1210 332,
1432 1184 1498 1206 sec.
1521 1174 1632 1206 forsan
1660 1175 1729 1208 xiii.
1757 1175 1915 1208 columna

1060 1228 1186 1273 triplici
1205 1229 1336 1274 optime
1355 1236 1536 1270 exaratus;
1564 1231 1716 1266 mutilus.

1087 1297 1139 1328 Ad
1155 1297 1276 1329 initium
1293 1304 1441 1330 contenta
1457 1300 1501 1330 ita
1517 1300 1732 1334 declarantnr;

1058 1355 1086 1384 1.
1104 1354 1246 1395 Quinque
1261 1355 1331 1385 libri
1356 1355 1456 1386 Mosis
1482 1356 1551 1394 (nisi
1576 1357 1658 1397 quod
1679 1357 1791 1387 desunt
1814 1368 1917 1386 versus

1122 1416 1169 1444 24,
1192 1416 1216 1437 1.
1244 1417 1311 1447 cap.
1329 1407 1469 1445 Genesis)
1495 1407 1654 1438 distributi
1679 1409 1845 1438 secundum
1858 1407 1917 1437 dis-

1128 1458 1313 1489 tinctionem
1328 1459 1500 1489 sectionum
1515 1469 1568 1500 54,
1583 1470 1651 1500 quae
1667 1460 1791 1501 quidem
1806 1460 1916 1489 discer-

1121 1523 1237 1548 nuntur
1252 1518 1349 1549 literis
1365 1518 1541 1559 majusculis
1564 1524 1641 1553 ²:2²2.
1665 1519 1715 1549 fol.
1732 1529 1757 1548 Ι.

1079 1593 1084 1598 .
1102 1567 1260 1599 Sectiones
1277 1569 1506 1611 Prophetarum
1528 1581 1605 1612 quas
1626 1570 1645 1601 J
1649 1570 1729 1601 udaei
1750 1570 1916 1611 quotannis

1119 1620 1150 1650 in
1166 1620 1234 1651 loco
1256 1622 1504 1662 congregationis
1524 1622 1630 1663 legunt
1650 1622 1744 1663 juxta
1767 1621 1917 1652 sectiones

1121 1671 1347 1706 Pentateuchi;
1374 1673 1541 1703 secundum
1565 1673 1817 1704 consuetudinem
1842 1673 1917 1703 Ger-

1056 1569 1075 1597 20

1119 1742 1281 1762 manorum
1308 1732 1392 1769 (dict.
1425 1737 1578 1766 ΓΠἾὮΞΠ
1607 1743 1660 1763 seu
1691 1732 1916 1766 Dimissiones).

1121 1782 1217 1813 Initio
1243 1787 1348 1813 autem
1376 1783 1537 1824 cujuslibet
1565 1784 1750 1814 dimissionis
1777 1784 1917 1825 signatur

1119 1834 1218 1864 Lectio
1234 1833 1354 1874 Legmlis
1370 1845 1437 1875 qum
1453 1845 1523 1864 cum
1539 1846 1575 1864 ca
1590 1834 1755 1864 concurrit.
1781 1834 1831 1864 fol.
1850 1835 1916 1871 148.

1055 1889 1084 1918 3.
1102 1888 1195 1919 Liber
1212 1889 1405 1919 psalmorum
1428 1889 1588 1920 mutilatus
1604 1890 1633 1919 in
1650 1889 1738 1920 initio
1756 1899 1851 1928 usque
1875 1888 1913 1917 ad

1120 1951 1196 1970 versu
1215 1941 1243 1975 8,
1261 1940 1313 1970 Ps.
1331 1941 1426 1970 xxxii.
1451 1941 1502 1971 fol.
1524 1943 1590 1980 198.

1078 2015 1084 2021 .
1104 1991 1196 2021 Liber
1211 1991 1285 2021 Job.
1310 1991 1361 2021 fol.
1382 2001 1451 2029 229.

1054 2044 1083 2072 5.
1102 2041 1324 2077 Ecclesiastes;
1350 2042 1447 2072 mutil.
1476 2054 1571 2083 usque
1593 2043 1631 2073 ad
1650 2054 1725 2073 vers.
1741 2053 1770 2082 5.
1788 2054 1854 2082 cap.
1873 2042 1912 2070 iii.

1118 2093 1170 2123 fol.
1190 2103 1259 2132 244.

1054 2144 1083 2175 6.
1101 2145 1229 2176 Cantica
1246 2145 1454 2176 Canticorum.
1478 2145 1527 2176 sol.
1547 2147 1616 2184 248.

1055 2197 1083 2227 7.
1100 2195 1214 2226 Threni
1230 2196 1386 2227 Jeremiae.
1410 2196 1461 2227 fol.
1480 2206 1540 2237 250
1556 2196 1584 2226 b.

1054 2248 1081 2277 8.
1099 2247 1220 2278 Daniel.
1246 2247 1297 2278 fol.
1316 2257 1384 2289 254.

1053 2300 1083 2331 9.
1102 2298 1224 2329 Esther.
1249 2299 1300 2329 fol.
1319 2300 1377 2339 265
1396 2299 1425 2329 b.

1054 2351 1083 2380 Ο.
1101 2349 1190 2380 Ezra.
1215 2349 1266 2380 fol.
1285 2358 1354 2389 271.

1054 2401 1083 2431 1.
1100 2400 1260 2431 Nehemia.
1284 2401 1335 2431 fol.
1354 2402 1412 2440 278
1431 2401 1459 2431 b.

1036 2452 1082 2482 12.
1101 2451 1380 2492 Paralipomenom
1411 2462 1506 2492 usque
1531 2451 1569 2481 ad
1595 2461 1669 2479 vers.
1696 2459 1741 2480 20.
1768 2460 1832 2490 cap.
1858 2450 1910 2479 ult.

1117 2501 1168 2532 fol.
1185 2511 1256 2542 290.

1161 2553 1297 2592 Quilibet
1312 2553 1389 2583 liber
1404 2552 1557 2593 perfectus
1578 2552 1616 2581 ad
1639 2551 1750 2581 calcem
1771 2551 1912 2591 signatur

1138 2605 1330 2635 masoretieis
1354 2603 1498 2645 symbolis
1519 2603 1558 2633 ad
1582 2602 1752 2632 notandum
1769 2612 1910 2631 versuum

1796 2652 1910 2683 Genes.

1138 2666 1289 2686 summam
1320 2655 1349 2685 in
1381 2654 1516 2695 quolibet
1554 2653 1641 2689 libro,
1677 2663 1702 2682 e.
1728 2663 1757 2692 g.

1137 2739 1278 2780 signatur
1298 2720 1348 2773 *7³7
1370 2742 1436 2785 ff&
1453 2741 1512 2767 etc.

1203 2801 1224 2823 E
