2254 3117
315 168 358 198 14

398 260 512 290 Anima
528 270 596 290 mea
609 258 806 289 conturbavit
822 268 870 287 me
882 261 1010 298 propter
1026 256 1192 298 quadrigas

399 311 596 345 Aminadab3
623 310 673 340 Sa.
691 311 718 339 6.
756 309 794 339 In
816 308 874 338 hiis
892 307 1049 349 quadrigis
1065 312 1192 338 notatur

397 362 538 392 doctriua
554 365 689 401 quatuor
705 359 961 401 evangeliorum.”

419 413 524 443 Desin.
559 416 621 442 '‘ct
651 411 777 442 avolant
807 410 858 451 qui
889 420 1047 451 nunquam
1076 409 1192 450 aliquid

396 467 584 499 meruerunt,
618 462 691 492 Luc.
724 462 761 493 vi.
800 461 905 492 Nolite
941 461 1051 492 timere
1081 460 1192 501 pusilli,

396 514 467 555 quia
489 513 604 554 placuit
628 513 709 554 patri
727 516 829 543 vestro
853 513 928 543 dare
942 512 1031 543 nobis
1053 523 1191 553 regnum.

398 565 563 606 Explicit.”

665 659 841 693 XLVIII.

312 723 430 756 (fodex
456 722 749 761 membranaceus,
777 722 811 754 111
838 720 930 760 folio,
957 719 990 753 ff.
1018 722 1099 759 300,
1127 731 1193 753 sec.

336 781 414 820 xiv„
434 781 522 814 binis
540 780 709 813 columnis
727 784 897 812 exaratus.

353 848 509 889 Anonymi
533 848 694 888 cujusdam
718 847 749 877 in
773 847 803 877 S.
819 847 966 878 Matthaei
992 846 1193 888 Evangelium

373 900 493 940 glossas,
511 910 579 929 cum
597 899 757 940 prooemio.

419 950 515 991 Incip.
531 961 659 991 prooem.
679 956 696 964 ‘¹
712 949 888 980 Similitudo
901 949 1003 979 vultus
1015 948 1192 979 animalium

395 1002 498 1037 facies⁷
522 1006 580 1032 etc,
628 1001 774 1032 Ostendit
798 1001 952 1042 propheta
974 1001 1004 1030 in
1032 1001 1089 1030 hoc
1115 1000 1193 1030 libro

395 1053 625 1084 distinctionem
656 1053 885 1094 evangeliorum
903 1077 909 1083 .
929 1077 934 1083 .
953 1077 958 1082 .
977 1076 982 1082 .
1000 1052 1115 1082 entiam
1148 1063 1192 1082 se-

395 1105 529 1135 cundum
546 1104 709 1134 materiam
726 1108 757 1134 et
774 1104 899 1134 modum
915 1103 1055 1145 ageiuli.”

417 1155 515 1196 Incip.
538 1156 629 1196 gloss.
655 1155 684 1185 in
709 1155 740 1185 S.
761 1155 890 1185 Hieron.
912 1155 987 1196 prol.
1011 1160 1029 1169 ¹‘
1045 1154 1193 1184 Matheus

395 1218 433 1236 ex
458 1206 573 1242 Judea,
601 1210 661 1236 etc.
708 1206 797 1236 Istud
823 1206 1015 1247 prohemium
1043 1205 1192 1236 jeronimi

395 1259 534 1288 continet
551 1262 694 1297 quatuor,
712 1257 855 1298 primum,
872 1257 939 1297 quis
954 1256 1091 1287 aucun-J*

418 1309 515 1349 Incip.
532 1309 623 1349 gloss.
642 1308 672 1338 in
689 1309 720 1338 S.
737 1309 831 1339 Matt.
848 1320 915 1349 cap.
929 1308 948 1339 i.
967 1314 984 1323 ''
997 1308 1091 1338 Liber
1102 1319 1193 1348 gene-

396 1359 536 1394 racionis,
566 1364 623 1389 etc.
677 1359 853 1389 l‘osuerunt
883 1370 975 1400 super
1004 1363 1098 1400 caput
1128 1359 1194 1399 ejus

395 1422 520 1442 causam
537 1411 631 1452 ipsius
647 1411 805 1452 scriptam,
819 1411 881 1441 Hic
898 1415 945 1442 est
960 1411 1076 1441 Jhesus
1094 1410 1193 1441 Naza-

395 1474 487 1493 renus
511 1474 565 1493 rex
591 1463 784 1498 Judeorum;
816 1463 892 1494 Infr.
918 1463 1011 1493 xxvii.

394 1514 506 1544 titulus
522 1514 607 1555 regni
625 1514 769 1545 Christi.”

417 1565 523 1596 Desin.
546 1571 564 1580 “
576 1576 645 1595 cum
662 1565 757 1596 finitis
775 1565 932 1595 laboribus
948 1576 1067 1596 mecum
1084 1576 1192 1607 regna-

396 1615 476 1648 bitis.
494 1616 575 1657 quod
592 1616 680 1646 nobis
703 1616 853 1646 concedat
876 1627 930 1646 rex
952 1627 1060 1658 regum
1083 1621 1115 1647 et
1138 1617 1192 1647 do-

395 1667 495 1696 minus
520 1667 746 1697 dominantium
767 1672 799 1697 ct
821 1667 964 1697 Salvator
979 1668 1124 1704 omnium7
1142 1667 1193 1709 qui
1224 1686 1225 1696 l

396 1729 465 1748 011111
490 1718 584 1748 Patre
608 1723 639 1748 et
664 1718 782 1759 Spiritu
807 1718 922 1749 Sancto
945 1719 1019 1749 vivit
1035 1723 1066 1749 et
1083 1724 1194 1759 regnat

396 1768 426 1798 in
442 1767 544 1798 secula
560 1768 746 1802 seculorum:
766 1769 876 1799 Amen.
902 1769 1066 1811 Explicit.”

420 1820 456 1849 In
469 1819 561 1855 calce,
576 1819 696 1849 Tabula
708 1820 908 1860 epistolarum
921 1826 953 1851 et
965 1821 1193 1862 evangeliorum
1224 1816 1225 1836 ³

395 1870 432 1900 (10
449 1869 574 1910 proprio
590 1874 777 1900 sanctorum.

684 1977 823 2011 XLIX.

312 2041 612 2079 Membrauaceus,
640 2041 674 2073 111
702 2040 783 2073 folio
810 2042 940 2085 majori,
968 2041 1000 2074 ff.
1022 2045 1102 2082 158,
1124 2053 1191 2076 sec.
1224 2052 1225 2060 ¹

337 2100 404 2132 xiv.
425 2099 596 2132 exeuntis.

355 2167 441 2198 Petri
477 2167 633 2197 Johannis
671 2166 774 2208 [Olivi7
810 2167 970 2198 Minoritae
982 2169 1005 2210 ἒ]
1039 2180 1130 2209 super
1161 2169 1192 2199 S.

376 2219 522 2250 Matthaei
540 2219 732 2261 evangelium
748 2219 997 2255 commentarius,
1011 2220 1193 2261 praefatione

376 2271 543 2312 praemissa,

418 2322 515 2363 Incip.
542 2322 627 2363 praef.
661 2322 835 2360 “Quatuor
858 2322 952 2352 facies
979 2322 1030 2352 11111
1058 2330 1090 2353 et
1118 2334 1192 2364 qua-

397 2379 468 2404 tuor
483 2385 583 2415 penne
598 2373 662 2409 11111,
674 2380 734 2404 etc.
768 2373 879 2403 Ezech.
893 2373 910 2403 i.
926 2374 1193 2412 Quemadmodum

395 2425 586 2455 admirabilis
602 2430 649 2455 cst
665 2425 807 2455 clausura
829 2426 995 2455 secundum
1017 2437 1108 2466 quam
1126 2432 1195 2457 tota

396 2487 552 2506 ramorum
584 2475 705 2506 diffusio
735 2475 828 2505 immo
857 2477 1104 2517 generandorum
1135 2478 1194 2511 for-

398 2527 526 2558 macio.”

421 2579 520 2619 Incip.
537 2582 703 2608 comment.
730 2583 748 2593 ‘¹
760 2577 833 2608 Hiis
849 2578 1128 2620 igiturprelibatis,
1145 2591 1194 2610 ac-

397 2630 567 2659 cedendum
597 2629 637 2660 ad
666 2629 840 2665 Matlmum,
868 2629 919 2670 qui
950 2634 997 2660 est
1027 2630 1057 2660 in
1088 2631 1195 2661 ordine

399 2680 525 2720 primus,
543 2681 629 2720 cujus
650 2680 761 2710 librum
778 2680 887 2711 dividit
904 2680 935 2710 in
955 2685 1073 2722 septem
1091 2686 1196 2722 partes

398 2731 637 2761 Crisostomus.”

423 2780 524 2810 Desin.
541 2786 558 2795 “
574 2781 647 2821 Ipse
663 2785 710 2812 est
726 2781 774 2812 leo
790 2791 953 2822 resurgens
970 2780 1020 2822 qui
1038 2781 1120 2813 solus
1134 2792 1195 2812 me-

1058 1462 1119 1493 Hic
1145 1466 1193 1493 est
1223 1482 1225 1487 ι

871 159 1171 194 CATALOGUS
1197 158 1430 193 CODICUM
1460 158 1567 193 MSS.

1330 259 1393 290 ruit
1412 263 1444 289 et
1466 257 1570 300 potuit
1592 256 1708 287 solvere
1727 260 1848 296 septem
1866 256 2023 298 signacula
2046 257 2126 295 libri,

1331 310 1378 341 cui
1402 316 1450 340 est
1473 309 1572 339 honor
1595 311 1626 338 et
1648 306 1748 348 gloria
1770 307 1800 337 in
1822 308 1924 338 secula
1944 308 2126 345 seculorum,

1332 362 1444 397 Amen,
1463 361 1573 396 Amen⁷
1592 358 1723 389 Arnen.”

1353 412 1391 442 In
1421 411 1514 447 calce,
1546 416 1565 425 ‘¹
1583 409 1720 450 Explicit
1750 420 1826 450 opus
1858 409 1944 440 Petri
1975 409 2127 441 Johannis

1331 474 1423 503 super
1438 461 1630 503 evangelium
1648 461 1800 491 Mathei.”

1353 513 1492 554 Subjecit
1521 523 1631 543 manus
1660 512 1823 548 recentior,
1856 517 1874 527 “
1892 511 1972 543 Erat
2003 513 2126 553 quidam

1334 565 1447 595 Petrus
1477 564 1610 594 Joannis
1644 562 1798 594 hereticus
1829 574 1908 593 unus
1934 574 1971 594 ex
2005 563 2128 604 compli-

1332 616 1418 646 cibus
1434 616 1453 646 J
1456 615 1588 646 oaehimi
1604 614 1729 645 abbatis
1745 614 1949 649 heresiarche,
1967 625 2036 645 cum
2055 625 2127 656 ergo

1333 678 1394 697 non
1423 671 1547 698 constat
1575 666 1662 708 cujus
1688 665 1775 696 Petri
1806 665 1936 696 ῑ1011111118
1962 665 2019 696 1100
2050 677 2127 707 opus

1331 718 1372 749 sit
1395 729 1456 748 non
1479 718 1611 748 alienum
1635 717 1742 757 putavi
1763 717 1803 747 ab
1819 716 1915 747 offitio
1931 727 2000 747 meo
2016 717 2127 758 impru-

1332 769 1457 800 dentem
1472 769 1619 800 lectorem
1635 767 1831 799 adnionere.”

1247 921 1367 955 Codex
1393 921 1684 959 membranaceus,
1712 920 1746 953 in
1774 919 1866 960 folio,
1894 919 1928 953 ff.
1956 922 2036 959 174,
2062 931 2126 954 sec.

1271 979 1350 1018 xiv„
1366 979 1453 1012 binis
1468 979 1637 1013 columnis
1652 983 1833 1017 exaratus3
1852 977 1933 1010 olim
1953 977 2126 1022 peculium

1272 1037 1346 1071 Ric.
1367 1037 1544 1073 Bernardi,
1564 1042 1684 1081 postea
1701 1035 1786 1069 Tho.
1807 1035 2057 1069 Chaundelere.

1289 1106 1487 1136 S.J0hannis
1507 1105 1733 1146 Chrysostomi,
1758 1104 1820 1135 sive
1840 1104 2058 1145 cujuscumque
2077 1104 2126 1140 sit,

1310 1159 1340 1189 in
1365 1158 1395 1189 S.
1415 1158 1564 1189 Matthaei
1591 1157 1782 1199 evangelium
1805 1168 1882 1198 opus
1904 1156 2126 1196 imperfectum,

1312 1209 1469 1239 Homilias
1499 1209 1727 1250 quinquaginta
1761 1213 1880 1249 septem
1910 1208 2126 1249 complectens,

1311 1272 1381 1291 cum
1397 1261 1567 1301 prooemio;
1585 1271 1740 1301 anonymo
1756 1260 1937 1300 interprete.

1354 1311 1416 1342 Tit.
1443 1317 1461 1327 “
1475 1312 1626 1353 Prologus
1649 1311 1747 1342 sancti
1771 1310 1927 1342 Johannis
1948 1310 2128 1342 Crisostomi

1333 1363 1362 1393 in
1387 1362 1505 1393 omeliis
1532 1374 1624 1404 super
1652 1363 1816 1394 Matheum
1843 1362 1874 1392 in
1897 1373 1990 1403 opere
2018 1361 2128 1403 imper-

1333 1414 1444 1445 fecto.”

1356 1465 1454 1506 Incip.
1472 1465 1545 1506 prol.
1571 1471 1590 1480 ”
1605 1465 1691 1496 Sicut
1712 1465 1862 1502 referunt,
1880 1465 2044 1496 Matheum
2060 1475 2128 1496 con-

1332 1516 1466 1547 scribere
1482 1516 1675 1557 evangelium
1691 1527 1786 1546 causa
1802 1516 1950 1557 compulit
1965 1515 2066 1547 talis.”

1354 1567 1452 1608 Incip.
1481 1570 1644 1597 comment.
1672 1572 1690 1581 “
1704 1566 1797 1596 Liber
1819 1565 2049 1607 generacionis;
2071 1569 2128 1596 etc.

1336 1618 1428 1648 Liber
1450 1622 1498 1648 est
1525 1618 1612 1658 quasi
1638 1622 1770 1658 apoteca
1795 1617 1969 1658 gratiarum
1995 1617 2075 1648 sicut
2099 1617 2129 1647 in

1333 1674 1464 1711 apoteca
1479 1669 1608 1710 alicujus
1628 1669 1749 1700 dictiss'

1354 1721 1460 1751 Desin.
1493 1721 1725 1762 “postmodum
1756 1724 1884 1751 vocatur
1919 1726 2056 1757 sanctus,
2086 1731 2128 1750 se-

1333 1772 1469 1802 cundum
1500 1772 1582 1812 quod
1614 1777 1645 1802 et
1676 1772 1724 1802 hic
1755 1771 1850 1806 dicit;
1883 1770 1962 1802 Cum
1993 1771 2130 1801 videritis

1332 1823 1622 1854 abhominacionem
1641 1823 1843 1854 desolacionis
1864 1826 2001 1854 stantem
2016 1822 2047 1852 in
2063 1822 2128 1852 loco

1333 1875 1471 1906 sancto.”

1354 1927 1492 1957 Exstant
1516 1927 1654 1967 impress.
1683 1926 1793 1957 Latine
1820 1926 1851 1955 in
1883 1925 2003 1955 Latinis
2033 1925 2128 1966 Chry-

1332 1978 1461 2008 sostomi
1483 1982 1515 2008 et
1536 1977 1786 2008 Graeco-Latinis
1809 1976 1997 2007 editionibus
2019 1976 2128 2017 saepius

1332 2030 1434 2060 editae.

1354 2080 1562 2111 Praemittitur
1579 2079 1687 2111 tabula
1704 2078 1904 2110 materiarum
1920 2078 2126 2120 alphabetica.

1659 2178 1720 2212 LI.

1248 2242 1548 2281 Membranaceus
1583 2242 1618 2275 in
1650 2241 1742 2280 folio,
1771 2240 1805 2273 ff.
1842 2243 1921 2280 130,
1952 2252 2018 2275 sec.
2050 2241 2127 2279 xiv..

1224 2305 1226 2321 ⁵
1272 2301 1360 2334 binis
1398 2301 1568 2335 columnis
1611 2304 1792 2339 exaratus;
1836 2299 1919 2332 olim
1954 2299 2125 2344 peculium

1271 2357 1442 2391 Johannis
1463 2357 1604 2391 Monks.

1291 2427 1321 2457 S.
1335 2427 1491 2458 Johannis
1514 2427 1727 2467 Chrysostomi
1756 2437 1848 2467 super
1877 2426 2068 2457 Matthaeum
2090 2424 2126 2454 de

1311 2489 1403 2519 opere
1430 2478 1610 2519 imperfecto
1638 2477 1783 2508 Homiliae
1811 2477 2036 2519 quinquaginta
2062 2486 2127 2516 sep-

1311 2535 1385 2565 tem,
1403 2541 1471 2560 cum
1488 2529 1624 2571 prologo.
1649 2529 1700 2559 fol.
1718 2538 1764 2568 17.

1347 2581 1552 2612 Consentiunt
1569 2580 1671 2621 quoad
1687 2580 1808 2610 initium
1824 2583 1855 2610 et
1872 2579 1962 2609 finem
1976 2590 2044 2610 cum
2060 2578 2125 2609 istis

1332 2632 1362 2662 in
1393 2631 1497 2662 codice
1526 2631 1705 2661 immediate
1731 2629 1918 2671 praecedenti
1946 2629 2036 2659 modo
2065 2638 2125 2658 me·

1333 2682 1470 2713 moratis.

1356 2733 1510 2763 Praecedit
1533 2744 1667 2768 carmen,
1694 2739 1711 2748 ‘⁴
1726 2732 1817 2763 Assit
1839 2731 1989 2773 principio
2012 2731 2126 2765 Sancta,

1335 2784 1439 2815 Maria
1454 2784 1552 2815 meos*
