2254 3117
634 729 1064 788 CODICES
1126 729 1331 789 MSS.

351 922 860 988 COLLEGII
950 921 1616 988 EXONIENSIS.

506 1240 532 1273 I.
1118 1237 1304 1268 minicalium
1327 1237 1573 1268 concurrentium
1590 1241 1684 1277 atquc
1700 1237 1765 1267 cicli
1781 1238 1887 1268 solaris

1116 1301 1267 1320 annorum
1283 1289 1472 1330 singulorum
1485 1289 1550 1329 jam
1567 1289 1794 1329 praeteritorum
1814 1290 1888 1320 mul-

1117 1346 1280 1382 torumque
1310 1341 1426 1371 milium
1457 1341 1708 1381 subsequentium
1738 1345 1769 1372 et
1795 1342 1887 1372 etiam

1118 1393 1316 1423 bisextilium.
1340 1392 1391 1422 fol.
1409 1403 1435 1432 9.

1138 1445 1167 1475 (1.
1195 1444 1314 1475 Tabula
1342 1455 1419 1474 verae
1441 1443 1623 1484 cognitionis
1649 1442 1734 1473 aurei
1761 1443 1886 1477 numeri.

81 1310 204 1343 Conux
229 1309 544 1348 MEMBRANAcnus
563 1311 598 1344 in
617 1311 700 1345 folio
719 1313 853 1351 minori,
874 1312 964 1345 foliis

104 1374 262 1401 constans
280 1368 413 1413 scriptis
431 1370 489 1409 78,
509 1380 575 1402 sec.
589 1369 672 1407 xiii„
691 1370 963 1404 beneexaratus

104 1431 138 1459 et
157 1431 323 1460 servatus.

124 1488 150 1516 ].
168 1486 287 1527 Regula,
301 1487 341 1517 ad
357 1497 447 1517 usum
467 1487 690 1518 monachorum
716 1488 832 1519 ordinis
849 1488 962 1519 Cister-

184 1538 293 1568 ciensis
322 1542 442 1579 aptata,
469 1537 500 1568 in
530 1538 668 1579 capitula,
699 1544 823 1570 centum
854 1540 962 1580 viginti

184 1600 276 1619 unum
293 1589 460 1623 distincta;
486 1589 575 1620 initio
591 1590 689 1620 mutil.
715 1590 767 1621 fol.
785 1601 831 1621 10.

227 1645 324 1686 Incip.
349 1645 379 1675 in
404 1645 516 1676 verbis.
541 1657 607 1687 cap.
628 1646 691 1676 xiii.
720 1647 773 1685 (dc
796 1647 898 1688 capite
915 1647 961 1688 jo.

203 1696 292 1736 junii)
324 1702 341 1713 ⁶*
365 1707 419 1737 per
450 1697 720 1738 quadragesimam
747 1699 801 1729 sed
828 1699 962 1729 secunda

205 1752 235 1777 et
252 1752 364 1788 quarta
380 1751 411 1778 et
427 1748 545 1778 sexta.”

226 1798 331 1829 Desin.
346 1810 412 1840 cap.
424 1799 480 1830 ult.
494 1804 501 1816 ‘
514 1799 552 1830 de
565 1810 653 1829 versu
667 1800 842 1832 1·cfcctorii.‘
859 1805 876 1816 “
888 1800 960 1830 Lar-

204 1850 288 1891 gitor
317 1850 453 1880 omnium
481 1850 631 1881 bonorum
662 1851 826 1882 benedicat
852 1856 960 1891 potum

206 1913 363 1932 servorum
379 1903 533 1933 suorun].”

227 1953 406 1995 Sequuntur
417 1965 496 1984 man.
509 1965 560 1984 sec.
572 1954 684 1995 regulae
695 1954 733 1984 de
746 1954 846 1984 missis
857 1954 959 1984 obser-

204 2005 311 2035 vandis
327 2006 494 2036 secundum
510 2005 632 2036 literam
648 2004 880 2035 Dominicalem.

227 2057 420 2093 Praecedunt,
438 2058 496 2097 (a.)
520 2057 640 2087 Tabula
661 2056 875 2097 capitulorum.
901 2057 958 2087 sub

205 2108 305 2141 titulo.
331 2113 348 2124 ‘⁴
366 2108 481 2149 Incipit
506 2119 578 2138 usus
604 2108 853 2138 1n0na01101‘u111.”
897 2108 954 2146 (b.)

205 2159 437 2195 Kalendarium,
454 2159 592 2189 versibus
609 2159 646 2189 de
667 2159 775 2189 diebus
788 2159 898 2189 faustis
913 2159 956 2188 in-

204 2211 374 2252 faustisque
390 2211 438 2241 hic
460 2211 519 2241 illic
538 2211 734 2241 instructum.
783 2210 957 2241 Occurrunt

205 2273 326 2302 quoque
342 2262 406 2292 (lies
419 2262 570 2292 obituales
585 2261 727 2302 Hugonis
743 2261 780 2292 de
794 2261 859 2297 Ba..
869 2261 957 2292 Wal-

205 2313 263 2343 teri
279 2313 317 2343 de
333 2313 526 2350 Challenore,
542 2318 600 2343 etc.

228 2363 264 2393 In
281 2375 336 2394 ora
350 2364 400 2394 fol.
417 2374 435 2405 3
453 2364 483 2394 b.
500 2363 637 2394 inferiori
654 2363 774 2394 notavit
790 2374 899 2393 manus
914 2374 959 2394 re-

206 2415 333 2450 centior,
352 2419 369 2431 ⁴⁶
387 2415 480 2445 Anno
503 2414 628 2445 Domini
648 2424 726 2454 1515
750 2414 894 2454 apparuit
911 2425 958 2444 co-

205 2470 288 2496 meta
300 2466 329 2495 in
343 2469 432 2507 parte
445 2465 629 2496 occidentali
642 2476 696 2505 per
710 2470 810 2495 totum
823 2476 957 2495 mensem

207 2517 379 2554 Februarii,
404 2522 436 2548 et
460 2518 568 2547 eodem
592 2528 674 2547 anno
704 2517 859 2557 paulisper
885 2521 958 2548 ante

204 2569 434 2609 apparicionem
455 2568 537 2599 dicte
558 2572 677 2598 comete
693 2568 771 2598 obiit
788 2579 841 2598 rex
860 2568 957 2598 Lodo-

206 2620 297 2650 wicus
322 2619 373 2660 qui
397 2619 486 2649 duxit
511 2619 647 2649 Mariam
669 2629 804 2648 sororem
830 2618 956 2649 Henrici

206 2670 403 2701 illustrissimi
419 2669 500 2711 regis
511 2669 624 2711 Anglie
637 2669 747 2705 octavi,
764 2669 817 2700 sed
833 2669 956 2699 minime

202 2732 271 2751 curn
288 2721 354 2762 ipsa
369 2720 552 2751 convaluit.”

226 2788 250 2807 c.
268 2777 388 2807 Tabula
410 2787 489 2807 verae
514 2775 698 2817 cognitionis
713 2775 873 2806 literarum
890 2775 952 2806 Do-

1116 1506 1185 1525 cum
1198 1495 1398 1536 expositione.
1423 1494 1472 1524 fol.
1487 1505 1504 1534 9
1521 1494 1550 1524 b.

1031 1553 1059 1581 2.
1078 1551 1225 1592 Ejusdem
1249 1550 1367 1581 ordinis
1391 1555 1398 1567 ‘
1416 1550 1511 1581 Carta
1527 1549 1697 1585 Caritatis,⁷
1723 1561 1791 1580 cum
1818 1561 1886 1591 pro-

1095 1603 1173 1643 logo.
1199 1603 1249 1633 fol.
1269 1604 1318 1633 66.

1137 1654 1198 1684 Tit.
1216 1653 1360 1693 “Incipit
1376 1652 1521 1694 prologus
1533 1652 1562 1682 in
1579 1652 1674 1682 Carta
1686 1651 1833 1682 Caritatis
1849 1652 1886 1681 de

1115 1704 1249 1734 abbatiis
1265 1703 1517 1734 constituendis.”

1136 1755 1233 1796 Incip.
1248 1760 1264 1771 ⁴⁶
1276 1755 1456 1796 Antequam
1467 1753 1592 1785 abbatie
1605 1753 1821 1784 Cistercienses
1833 1753 1885 1783 flo-

1113 1817 1181 1836 rere
1196 1806 1367 1846 inciperent
1383 1806 1534 1846 dompnus
1556 1804 1732 1845 Stephanus
1747 1804 1871 1834 abbas.”

1136 1857 1282 1899 Sequitur
1308 1857 1475 1898 capitulum
1501 1857 1539 1887 de
1564 1856 1662 1886 forma
1682 1856 1883 1890 visitationis3

1112 1910 1202 1951 incip.
1220 1914 1237 1926 “
1251 1909 1288 1939 In
1305 1909 1446 1940 facienda
1460 1908 1639 1939 visitacione
1655 1908 1833 1938 cautelam?

1134 1960 1256 1991 Deinde
1272 1971 1364 1991 manu
1380 1960 1479 1991 altera
1495 1960 1548 1990 sed
1564 1959 1701 1999 antiqua,

1049 2023 1076 2042 a.
1095 2011 1213 2042 Urbani
1226 2022 1312 2052 papae
1326 2011 1386 2041 IV.
1400 2015 1431 2042 et
1444 2010 1612 2041 Clementis
1624 2021 1711 2051 papae
1725 2009 1783 2039 IV.
1794 2009 1882 2039 bullae

1111 2066 1229 2104 septem
1244 2063 1284 2093 ad
1301 2063 1431 2092 eundem
1443 2062 1579 2092 ordinem
1592 2065 1766 2102 spectantes
1779 2073 1785 2095 ;
1801 2060 1880 2090 datt.

1115 2124 1125 2144 1
1134 2115 1203 2151 264,
1215 2118 1245 2144 et
1256 2125 1305 2144 an.
1315 2125 1369 2155 seq.
1381 2114 1410 2144 ff.
1422 2122 1517 2153 70-71
1534 2114 1563 2149 b,
1575 2115 1780 2153 69‚74,72-73
1791 2112 1818 2144 b,
1832 2120 1879 2150 75.

1153 2164 1268 2195 Exstat
1287 2165 1425 2206 impress.
1442 2165 1525 2195 bulla
1548 2163 1713 2195 Clementis
1729 2164 1758 2193 in
1780 2162 1878 2192 Bulla-

1132 2216 1186 2252 rio,
1203 2216 1250 2246 ed.
1268 2216 1478 2257 Cocquelines⁷
1496 2221 1569 2246 tom.
1583 2215 1625 2245 iii.
1642 2227 1670 2255 p.
1683 2224 1753 2253 429.

1047 2267 1075 2296 b.
1087 2266 1250 2297 Ordinatio
1257 2267 1407 2297 Guidonis
1418 2267 1448 2297 S.
1458 2266 1604 2296 Laurent.
1616 2263 1778 2295 cardinalis
1788 2274 1878 2303 super

1110 2318 1264 2348 discordia
1279 2318 1310 2348 in
1322 2318 1387 2348 ord.
1399 2318 1548 2353 Cistcrc.;
1573 2317 1644 2346 Act.
1662 2315 1787 2345 Cistcre.
1805 2313 1875 2343 xvii.

1108 2369 1167 2399 kal.
1182 2369 1292 2400 Octob.
1305 2373 1400 2410 temp.
1415 2370 1489 2409 Cap.
1505 2369 1614 2399 Gener.
1631 2367 1716 2405 1265.
1730 2365 1779 2394 fol.
1793 2373 1831 2403 74
1845 2364 1875 2393 b.

1044 2431 1067 2449 c.
1084 2420 1106 2449 J
1109 2420 1248 2457 ohannis,
1266 2420 1456 2451 Porticensis
1472 2418 1617 2460 episcopi,
1633 2417 1727 2447 litorae
1743 2416 1781 2445 ad
1804 2425 1875 2445 ean-

1106 2472 1175 2502 dem
1192 2471 1417 2502 ordinationem
1435 2474 1627 2511 spectantes;
1659 2467 1723 2497 (lat.
1745 2466 1873 2496 Perusii.

1107 2522 1136 2553 ff.
1155 2532 1194 2561 74
1210 2523 1336 2562 b.—72.

1148 2574 1336 2614 Sequuntur,
1354 2572 1494 2603 manibus
1510 2570 1643 2603 diversis,

1041 2634 1068 2653 a.
1086 2623 1192 2654 Cartae
1215 2628 1279 2654 tres
1303 2624 1343 2654 ad
1366 2621 1583 2653 monasterium
1608 2620 1642 2650 B.
1660 2619 1705 2649 M.
1722 2619 1760 2649 de
1776 2619 1871 2654 Dora,

1104 2674 1213 2704 dioces.
1227 2673 1385 2709 Herford„
1395 2672 1529 2713 ejusdem
1546 2669 1668 2703 ordinis,
1685 2672 1871 2708 spectantes

1104 2725 1168 2756 dat.
1187 2725 1335 2755 Herford.
1351 2732 1438 2764 1372.
1463 2722 1510 2751 fol.
1527 2729 1573 2761 75.

1040 2775 1068 2805 b.
1087 2775 1247 2806 Benedicti
1264 2786 1352 2816 papae
1377 2773 1485 2815 [XM]
1510 2771 1599 2801 bullae
1615 2771 1654 2801 ad
1677 2781 1781 2800 omnes
1802 2781 1871 2800 con-

1097 2836 1119 2860 B
