<?xml version="1.0" encoding="UTF-8"?>
<!DOCTYPE html PUBLIC "-//W3C//DTD XHTML 1.0 Transitional//EN"
    "http://www.w3.org/TR/xhtml1/DTD/xhtml1-transitional.dtd">
<html xmlns="http://www.w3.org/1999/xhtml" xml:lang="en" lang="en">
 <head>
  <title>
</title>
<meta http-equiv="Content-Type" content="text/html;charset=utf-8" />
  <meta name='ocr-system' content='tesseract 3.04.00' />
  <meta name='ocr-capabilities' content='ocr_page ocr_carea ocr_par ocr_line ocrx_word'/>
</head>
<body>
  <div class='ocr_page' id='page_1' title='image "./cataloguscodicum01coxeuoft_0625.png"; bbox 0 0 2254 3117; ppageno 0'>
   <div class='ocr_carea' id='block_1_1' title="bbox 792 163 1891 205">
    <p class='ocr_par' dir='ltr' id='par_1_1' title="bbox 792 163 1891 205">
     <span class='ocr_line' id='line_1_1' title="bbox 792 163 1891 205; baseline 0.007 -8"><span class='ocrx_word' id='word_1_1' title='bbox 792 163 1027 198; x_wconf 79' lang='lat' dir='ltr'>COLLEGH</span> <span class='ocrx_word' id='word_1_2' title='bbox 1057 165 1195 200; x_wconf 87' lang='lat' dir='ltr'><strong>NOVI.</strong></span> <span class='ocrx_word' id='word_1_3' title='bbox 1847 172 1891 205; x_wconf 87' lang='lat'>99</span> 
     </span>
    </p>
   </div>
   <div class='ocr_carea' id='block_1_2' title="bbox 200 262 970 303">
    <p class='ocr_par' dir='ltr' id='par_1_2' title="bbox 200 262 970 303">
     <span class='ocr_line' id='line_1_2' title="bbox 200 262 970 303; baseline -0.003 -10"><span class='ocrx_word' id='word_1_4' title='bbox 200 263 235 293; x_wconf 91' lang='lat' dir='ltr'>In</span> <span class='ocrx_word' id='word_1_5' title='bbox 260 262 342 293; x_wconf 78' lang='lat' dir='ltr'>calce</span> <span class='ocrx_word' id='word_1_6' title='bbox 369 273 439 303; x_wconf 73' lang='lat' dir='ltr'>pag.</span> <span class='ocrx_word' id='word_1_7' title='bbox 463 272 488 299; x_wconf 74' lang='grc' dir='ltr'>ι,</span> <span class='ocrx_word' id='word_1_8' title='bbox 517 262 643 293; x_wconf 84' lang='lat' dir='ltr'>“Liber</span> <span class='ocrx_word' id='word_1_9' title='bbox 673 262 791 303; x_wconf 74' lang='lat' dir='ltr'>collegii</span> <span class='ocrx_word' id='word_1_10' title='bbox 822 273 859 291; x_wconf 87' lang='lat' dir='ltr'>ex</span> <span class='ocrx_word' id='word_1_11' title='bbox 889 262 970 291; x_wconf 83' lang='lat' dir='ltr'>dono</span> 
     </span>
    </p>
   </div>
   <div class='ocr_carea' id='block_1_3' title="bbox 176 306 1000 354">
    <p class='ocr_par' dir='ltr' id='par_1_3' title="bbox 176 306 1000 354">
     <span class='ocr_line' id='line_1_3' title="bbox 176 306 1000 354; baseline -0.001 -11"><span class='ocrx_word' id='word_1_12' title='bbox 176 313 317 353; x_wconf 72' lang='lat' dir='ltr'>magistri</span> <span class='ocrx_word' id='word_1_13' title='bbox 341 313 459 343; x_wconf 90' lang='lat' dir='ltr'>Thome</span> <span class='ocrx_word' id='word_1_14' title='bbox 484 314 634 354; x_wconf 67' lang='lat' dir='ltr'>Dryflbld,</span> <span class='ocrx_word' id='word_1_15' title='bbox 657 313 731 344; x_wconf 87' lang='lat' dir='ltr'>socii</span> <span class='ocrx_word' id='word_1_16' title='bbox 754 312 883 354; x_wconf 78' lang='lat' dir='ltr'>collegii,</span> <span class='ocrx_word' id='word_1_17' title='bbox 907 324 970 343; x_wconf 85' lang='lat' dir='ltr'>sco-</span> <span class='ocrx_word' id='word_1_18' title='bbox 998 306 1000 315; x_wconf 49' lang='lat'><strong>¹</strong></span> 
     </span>
    </p>
   </div>
   <div class='ocr_carea' id='block_1_4' title="bbox 176 364 550 405">
    <p class='ocr_par' dir='ltr' id='par_1_4' title="bbox 176 364 550 405">
     <span class='ocr_line' id='line_1_4' title="bbox 176 364 550 405; baseline 0.003 -11"><span class='ocrx_word' id='word_1_19' title='bbox 176 364 249 395; x_wconf 84' lang='lat' dir='ltr'>laris</span> <span class='ocrx_word' id='word_1_20' title='bbox 264 375 351 395; x_wconf 80' lang='lat' dir='ltr'>sacre</span> <span class='ocrx_word' id='word_1_21' title='bbox 367 365 550 405; x_wconf 77' lang='lat' dir='ltr'>tlieologic.&#39;&#39;</span> 
     </span>
    </p>
   </div>
   <div class='ocr_carea' id='block_1_5' title="bbox 390 455 671 489">
    <p class='ocr_par' dir='ltr' id='par_1_5' title="bbox 390 455 671 489">
     <span class='ocr_line' id='line_1_5' title="bbox 390 455 671 489; baseline 0 -1"><span class='ocrx_word' id='word_1_22' title='bbox 390 455 671 489; x_wconf 75' lang='lat' dir='ltr'>CCLXXXIII.</span> 
     </span>
    </p>
   </div>
   <div class='ocr_carea' id='block_1_6' title="bbox 93 505 1000 551">
    <p class='ocr_par' dir='ltr' id='par_1_6' title="bbox 93 505 1000 551">
     <span class='ocr_line' id='line_1_6' title="bbox 93 505 1000 551; baseline -0.002 -6"><span class='ocrx_word' id='word_1_23' title='bbox 93 512 211 545; x_wconf 86' lang='lat' dir='ltr'>Codex</span> <span class='ocrx_word' id='word_1_24' title='bbox 231 511 524 551; x_wconf 80' lang='lat' dir='ltr'>membranaceus,</span> <span class='ocrx_word' id='word_1_25' title='bbox 539 513 572 544; x_wconf 91' lang='lat' dir='ltr'>in</span> <span class='ocrx_word' id='word_1_26' title='bbox 592 511 673 544; x_wconf 88' lang='lat' dir='ltr'>folio</span> <span class='ocrx_word' id='word_1_27' title='bbox 691 511 825 547; x_wconf 75' lang='lat' dir='ltr'>minori,</span> <span class='ocrx_word' id='word_1_28' title='bbox 840 510 874 544; x_wconf 79' lang='lat' dir='ltr'>ff.</span> <span class='ocrx_word' id='word_1_29' title='bbox 890 509 970 549; x_wconf 81' lang='lat'>168,</span> <span class='ocrx_word' id='word_1_30' title='bbox 999 505 1000 514; x_wconf 50' lang='lat'>¹</span> 
     </span>
    </p>
   </div>
   <div class='ocr_carea' id='block_1_7' title="bbox 117 569 765 609">
    <p class='ocr_par' dir='ltr' id='par_1_7' title="bbox 117 569 765 609">
     <span class='ocr_line' id='line_1_7' title="bbox 117 569 765 609; baseline 0 -7"><span class='ocrx_word' id='word_1_31' title='bbox 117 581 181 603; x_wconf 82' lang='lat' dir='ltr'>sec.</span> <span class='ocrx_word' id='word_1_32' title='bbox 202 570 281 609; x_wconf 66' lang='lat' dir='ltr'>xiv.5</span> <span class='ocrx_word' id='word_1_33' title='bbox 302 570 389 603; x_wconf 85' lang='lat' dir='ltr'>binis</span> <span class='ocrx_word' id='word_1_34' title='bbox 408 569 576 602; x_wconf 77' lang='lat' dir='ltr'>columnis</span> <span class='ocrx_word' id='word_1_35' title='bbox 595 574 765 602; x_wconf 80' lang='lat' dir='ltr'>exaratus.</span> 
     </span>
    </p>
   </div>
   <div class='ocr_carea' id='block_1_8' title="bbox 134 631 974 2058">
    <p class='ocr_par' dir='ltr' id='par_1_8' title="bbox 134 631 972 879">
     <span class='ocr_line' id='line_1_8' title="bbox 134 631 971 673; baseline -0.004 -9"><span class='ocrx_word' id='word_1_36' title='bbox 134 634 252 664; x_wconf 81' lang='lat' dir='ltr'>Tabula</span> <span class='ocrx_word' id='word_1_37' title='bbox 269 634 480 669; x_wconf 76' lang='lat' dir='ltr'>materiarum,</span> <span class='ocrx_word' id='word_1_38' title='bbox 497 644 566 673; x_wconf 83' lang='lat' dir='ltr'>quae</span> <span class='ocrx_word' id='word_1_39' title='bbox 583 633 613 662; x_wconf 89' lang='lat' dir='ltr'>in</span> <span class='ocrx_word' id='word_1_40' title='bbox 631 631 811 662; x_wconf 83' lang='lat' dir='ltr'>Aristotelis</span> <span class='ocrx_word' id='word_1_41' title='bbox 829 631 971 672; x_wconf 84' lang='lat' dir='ltr'>operibus</span> 
     </span>
     <span class='ocr_line' id='line_1_9' title="bbox 154 683 969 724; baseline -0.005 -9"><span class='ocrx_word' id='word_1_42' title='bbox 154 685 245 715; x_wconf 84' lang='lat' dir='ltr'>variis</span> <span class='ocrx_word' id='word_1_43' title='bbox 262 685 470 721; x_wconf 84' lang='lat' dir='ltr'>continentur,</span> <span class='ocrx_word' id='word_1_44' title='bbox 487 683 603 714; x_wconf 83' lang='lat' dir='ltr'>scilicet</span> <span class='ocrx_word' id='word_1_45' title='bbox 623 683 653 713; x_wconf 90' lang='lat' dir='ltr'>in</span> <span class='ocrx_word' id='word_1_46' title='bbox 670 684 807 724; x_wconf 65' lang='lat' dir='ltr'>Olgano,</span> <span class='ocrx_word' id='word_1_47' title='bbox 824 683 969 723; x_wconf 84' lang='lat' dir='ltr'>Physico-</span> 
     </span>
     <span class='ocr_line' id='line_1_10' title="bbox 154 733 970 775; baseline -0.004 -9"><span class='ocrx_word' id='word_1_48' title='bbox 154 748 222 766; x_wconf 81' lang='lat' dir='ltr'>runi</span> <span class='ocrx_word' id='word_1_49' title='bbox 249 736 334 766; x_wconf 86' lang='lat' dir='ltr'>libris</span> <span class='ocrx_word' id='word_1_50' title='bbox 361 746 479 766; x_wconf 79' lang='lat' dir='ltr'><strong>necnon</strong></span> <span class='ocrx_word' id='word_1_51' title='bbox 509 739 579 765; x_wconf 77' lang='lat' dir='ltr'>tota</span> <span class='ocrx_word' id='word_1_52' title='bbox 605 734 800 775; x_wconf 81' lang='lat' dir='ltr'>philosophia</span> <span class='ocrx_word' id='word_1_53' title='bbox 826 733 970 769; x_wconf 83' lang='lat' dir='ltr'>naturali,</span> 
     </span>
     <span class='ocr_line' id='line_1_11' title="bbox 157 784 972 828; baseline -0.005 -10"><span class='ocrx_word' id='word_1_54' title='bbox 157 787 380 828; x_wconf 82' lang='lat' dir='ltr'>Metaphysicis</span> <span class='ocrx_word' id='word_1_55' title='bbox 410 797 531 827; x_wconf 86' lang='lat' dir='ltr'>quoque</span> <span class='ocrx_word' id='word_1_56' title='bbox 561 789 656 826; x_wconf 85' lang='lat' dir='ltr'>atque</span> <span class='ocrx_word' id='word_1_57' title='bbox 686 785 826 819; x_wconf 79' lang='lat' dir='ltr'>Etliicis;</span> <span class='ocrx_word' id='word_1_58' title='bbox 865 784 972 815; x_wconf 87' lang='lat' dir='ltr'>ordine</span> 
     </span>
     <span class='ocr_line' id='line_1_12' title="bbox 155 837 528 879; baseline -0.003 -11"><span class='ocrx_word' id='word_1_59' title='bbox 155 838 352 879; x_wconf 74' lang='lat' dir='ltr'>alphabetico</span> <span class='ocrx_word' id='word_1_60' title='bbox 367 837 528 878; x_wconf 86' lang='lat' dir='ltr'>disposita.</span> 
     </span>
    </p>

    <p class='ocr_par' dir='ltr' id='par_1_9' title="bbox 154 887 972 1034">
     <span class='ocr_line' id='line_1_13' title="bbox 154 887 972 931; baseline -0.005 -11"><span class='ocrx_word' id='word_1_61' title='bbox 154 887 156 889; x_wconf 49' lang='grc'><strong><em>’</em></strong></span> <span class='ocrx_word' id='word_1_62' title='bbox 200 890 297 931; x_wconf 88' lang='lat' dir='ltr'>Incip.</span> <span class='ocrx_word' id='word_1_63' title='bbox 316 896 333 904; x_wconf 87' lang='lat'>“</span> <span class='ocrx_word' id='word_1_64' title='bbox 346 890 553 919; x_wconf 85' lang='lat' dir='ltr'>Abstractum</span> <span class='ocrx_word' id='word_1_65' title='bbox 570 892 617 918; x_wconf 82' lang='lat' dir='ltr'>cst</span> <span class='ocrx_word' id='word_1_66' title='bbox 633 888 664 918; x_wconf 91' lang='lat' dir='ltr'>in</span> <span class='ocrx_word' id='word_1_67' title='bbox 679 898 791 929; x_wconf 80' lang='lat' dir='ltr'>genere</span> <span class='ocrx_word' id='word_1_68' title='bbox 804 891 835 918; x_wconf 87' lang='lat' dir='ltr'>et</span> <span class='ocrx_word' id='word_1_69' title='bbox 851 892 899 917; x_wconf 85' lang='lat' dir='ltr'>est</span> <span class='ocrx_word' id='word_1_70' title='bbox 915 887 972 917; x_wconf 90' lang='lat' dir='ltr'>hoc</span> 
     </span>
     <span class='ocr_line' id='line_1_14' title="bbox 177 939 971 982; baseline -0.005 -10"><span class='ocrx_word' id='word_1_71' title='bbox 177 942 302 982; x_wconf 73' lang='lat' dir='ltr'>aliquid,</span> <span class='ocrx_word' id='word_1_72' title='bbox 319 945 498 971; x_wconf 85' lang='lat' dir='ltr'>concretum</span> <span class='ocrx_word' id='word_1_73' title='bbox 514 951 585 970; x_wconf 83' lang='lat' dir='ltr'>vero</span> <span class='ocrx_word' id='word_1_74' title='bbox 602 951 673 975; x_wconf 89' lang='lat' dir='ltr'>non⁷</span> <span class='ocrx_word' id='word_1_75' title='bbox 691 944 723 969; x_wconf 86' lang='lat' dir='ltr'>ut</span> <span class='ocrx_word' id='word_1_76' title='bbox 738 939 863 979; x_wconf 84' lang='lat' dir='ltr'>justicia</span> <span class='ocrx_word' id='word_1_77' title='bbox 879 943 926 969; x_wconf 87' lang='lat' dir='ltr'>est</span> <span class='ocrx_word' id='word_1_78' title='bbox 942 939 971 968; x_wconf 92' lang='lat' dir='ltr'>in</span> 
     </span>
     <span class='ocr_line' id='line_1_15' title="bbox 175 989 972 1034; baseline -0.005 -11"><span class='ocrx_word' id='word_1_79' title='bbox 175 1004 297 1034; x_wconf 76' lang='lat' dir='ltr'>genere,</span> <span class='ocrx_word' id='word_1_80' title='bbox 309 992 415 1033; x_wconf 86' lang='lat' dir='ltr'>justus</span> <span class='ocrx_word' id='word_1_81' title='bbox 431 1002 502 1021; x_wconf 80' lang='lat' dir='ltr'>vero</span> <span class='ocrx_word' id='word_1_82' title='bbox 519 1001 589 1021; x_wconf 90' lang='lat' dir='ltr'>non.</span> <span class='ocrx_word' id='word_1_83' title='bbox 626 990 788 1020; x_wconf 71' lang='lat' dir='ltr'>Aristotel.</span> <span class='ocrx_word' id='word_1_84' title='bbox 803 989 908 1030; x_wconf 83' lang='lat' dir='ltr'>Topic.</span> <span class='ocrx_word' id='word_1_85' title='bbox 923 989 972 1030; x_wconf 38' lang='lat'>37</span> 
     </span>
    </p>

    <p class='ocr_par' dir='ltr' id='par_1_10' title="bbox 176 1040 973 1331">
     <span class='ocr_line' id='line_1_16' title="bbox 200 1040 971 1081; baseline -0.005 -7"><span class='ocrx_word' id='word_1_86' title='bbox 200 1043 304 1074; x_wconf 83' lang='lat' dir='ltr'>Desiu.</span> <span class='ocrx_word' id='word_1_87' title='bbox 323 1049 340 1058; x_wconf 85' lang='lat'>‘¹</span> <span class='ocrx_word' id='word_1_88' title='bbox 352 1042 549 1073; x_wconf 73' lang='lat' dir='ltr'>Vereoondia</span> <span class='ocrx_word' id='word_1_89' title='bbox 571 1052 630 1071; x_wconf 87' lang='lat' dir='ltr'>nou</span> <span class='ocrx_word' id='word_1_90' title='bbox 648 1046 695 1072; x_wconf 88' lang='lat' dir='ltr'>est</span> <span class='ocrx_word' id='word_1_91' title='bbox 712 1040 892 1081; x_wconf 85' lang='lat' dir='ltr'>simpliciter</span> <span class='ocrx_word' id='word_1_92' title='bbox 908 1046 971 1071; x_wconf 84' lang='lat' dir='ltr'>stu-</span> 
     </span>
     <span class='ocr_line' id='line_1_17' title="bbox 177 1091 971 1132; baseline -0.004 -8"><span class='ocrx_word' id='word_1_93' title='bbox 177 1095 263 1125; x_wconf 84' lang='lat' dir='ltr'>diosa</span> <span class='ocrx_word' id='word_1_94' title='bbox 279 1095 332 1124; x_wconf 87' lang='lat' dir='ltr'>sed</span> <span class='ocrx_word' id='word_1_95' title='bbox 349 1098 396 1124; x_wconf 87' lang='lat' dir='ltr'>est</span> <span class='ocrx_word' id='word_1_96' title='bbox 413 1093 552 1124; x_wconf 86' lang='lat' dir='ltr'>studiosa</span> <span class='ocrx_word' id='word_1_97' title='bbox 568 1104 606 1122; x_wconf 83' lang='lat' dir='ltr'>ex</span> <span class='ocrx_word' id='word_1_98' title='bbox 623 1091 845 1132; x_wconf 73' lang='lat' dir='ltr'>suppositione,</span> <span class='ocrx_word' id='word_1_99' title='bbox 859 1091 931 1132; x_wconf 84' lang='lat' dir='ltr'>quia</span> <span class='ocrx_word' id='word_1_100' title='bbox 948 1091 971 1121; x_wconf 93' lang='lat' dir='ltr'>si</span> 
     </span>
     <span class='ocr_line' id='line_1_18' title="bbox 176 1143 973 1187; baseline -0.004 -11"><span class='ocrx_word' id='word_1_101' title='bbox 176 1151 322 1187; x_wconf 84' lang='lat' dir='ltr'>operatus</span> <span class='ocrx_word' id='word_1_102' title='bbox 345 1150 392 1176; x_wconf 86' lang='lat' dir='ltr'>est</span> <span class='ocrx_word' id='word_1_103' title='bbox 416 1145 483 1186; x_wconf 84' lang='lat' dir='ltr'>quis</span> <span class='ocrx_word' id='word_1_104' title='bbox 506 1144 620 1184; x_wconf 85' lang='lat' dir='ltr'>turpia,</span> <span class='ocrx_word' id='word_1_105' title='bbox 650 1148 723 1174; x_wconf 92' lang='lat' dir='ltr'>tunc</span> <span class='ocrx_word' id='word_1_106' title='bbox 750 1143 973 1173; x_wconf 71' lang='lat' dir='ltr'>verecondatur</span> 
     </span>
     <span class='ocr_line' id='line_1_19' title="bbox 177 1195 972 1228; baseline -0.005 0"><span class='ocrx_word' id='word_1_107' title='bbox 177 1198 314 1228; x_wconf 89' lang='lat' dir='ltr'>studiose</span> <span class='ocrx_word' id='word_1_108' title='bbox 334 1202 365 1227; x_wconf 84' lang='lat' dir='ltr'>et</span> <span class='ocrx_word' id='word_1_109' title='bbox 388 1195 603 1228; x_wconf 85' lang='lat' dir='ltr'>laudabiliter;</span> <span class='ocrx_word' id='word_1_110' title='bbox 629 1195 759 1226; x_wconf 83' lang='lat' dir='ltr'>virtutes</span> <span class='ocrx_word' id='word_1_111' title='bbox 779 1200 883 1225; x_wconf 83' lang='lat' dir='ltr'>autem</span> <span class='ocrx_word' id='word_1_112' title='bbox 900 1199 972 1225; x_wconf 87' lang='lat' dir='ltr'>sunt</span> 
     </span>
     <span class='ocr_line' id='line_1_20' title="bbox 176 1246 972 1288; baseline -0.001 -11"><span class='ocrx_word' id='word_1_113' title='bbox 176 1249 343 1279; x_wconf 81' lang='lat' dir='ltr'>secuudum</span> <span class='ocrx_word' id='word_1_114' title='bbox 370 1260 402 1278; x_wconf 85' lang='lat' dir='ltr'>se</span> <span class='ocrx_word' id='word_1_115' title='bbox 428 1247 566 1278; x_wconf 76' lang='lat' dir='ltr'>studiose</span> <span class='ocrx_word' id='word_1_116' title='bbox 593 1257 654 1276; x_wconf 89' lang='lat' dir='ltr'>non</span> <span class='ocrx_word' id='word_1_117' title='bbox 681 1247 784 1287; x_wconf 85' lang='lat' dir='ltr'>aliquo</span> <span class='ocrx_word' id='word_1_118' title='bbox 811 1246 972 1288; x_wconf 85' lang='lat' dir='ltr'>supposito</span> 
     </span>
     <span class='ocr_line' id='line_1_21' title="bbox 177 1301 322 1331; baseline -0.014 0"><span class='ocrx_word' id='word_1_119' title='bbox 177 1301 322 1331; x_wconf 68' lang='lat' dir='ltr'>ibidem.”</span> 
     </span>
    </p>

    <p class='ocr_par' dir='ltr' id='par_1_11' title="bbox 177 1348 974 1954">
     <span class='ocr_line' id='line_1_22' title="bbox 200 1348 973 1390; baseline -0.005 -9"><span class='ocrx_word' id='word_1_120' title='bbox 200 1352 237 1381; x_wconf 96' lang='lat' dir='ltr'>In</span> <span class='ocrx_word' id='word_1_121' title='bbox 251 1351 343 1385; x_wconf 76' lang='lat' dir='ltr'>calce,</span> <span class='ocrx_word' id='word_1_122' title='bbox 363 1356 380 1364; x_wconf 89' lang='lat'>·‘</span> <span class='ocrx_word' id='word_1_123' title='bbox 394 1349 530 1390; x_wconf 75' lang='lat' dir='ltr'>Explicit</span> <span class='ocrx_word' id='word_1_124' title='bbox 546 1348 654 1379; x_wconf 83' lang='lat' dir='ltr'>tabula</span> <span class='ocrx_word' id='word_1_125' title='bbox 670 1348 751 1378; x_wconf 82' lang='lat' dir='ltr'>bona</span> <span class='ocrx_word' id='word_1_126' title='bbox 767 1353 799 1379; x_wconf 84' lang='lat' dir='ltr'>et</span> <span class='ocrx_word' id='word_1_127' title='bbox 815 1348 973 1378; x_wconf 83' lang='lat' dir='ltr'>fructuosa</span> 
     </span>
     <span class='ocr_line' id='line_1_23' title="bbox 177 1399 972 1442; baseline -0.004 -10"><span class='ocrx_word' id='word_1_128' title='bbox 177 1408 208 1433; x_wconf 84' lang='lat' dir='ltr'>et</span> <span class='ocrx_word' id='word_1_129' title='bbox 225 1401 443 1442; x_wconf 84' lang='lat' dir='ltr'>compendiosa</span> <span class='ocrx_word' id='word_1_130' title='bbox 464 1411 556 1441; x_wconf 87' lang='lat' dir='ltr'>supra</span> <span class='ocrx_word' id='word_1_131' title='bbox 573 1406 708 1430; x_wconf 75' lang='lat' dir='ltr'>veterem</span> <span class='ocrx_word' id='word_1_132' title='bbox 728 1399 857 1440; x_wconf 79' lang='lat' dir='ltr'>logicam</span> <span class='ocrx_word' id='word_1_133' title='bbox 874 1404 905 1430; x_wconf 87' lang='lat' dir='ltr'>et</span> <span class='ocrx_word' id='word_1_134' title='bbox 921 1410 972 1429; x_wconf 91' lang='lat' dir='ltr'>no-</span> 
     </span>
     <span class='ocr_line' id='line_1_24' title="bbox 177 1450 972 1492; baseline -0.005 -9"><span class='ocrx_word' id='word_1_135' title='bbox 177 1465 246 1483; x_wconf 79' lang='lat' dir='ltr'>vam</span> <span class='ocrx_word' id='word_1_136' title='bbox 269 1459 299 1483; x_wconf 85' lang='lat' dir='ltr'>et</span> <span class='ocrx_word' id='word_1_137' title='bbox 324 1452 417 1482; x_wconf 78' lang='lat' dir='ltr'>etiam</span> <span class='ocrx_word' id='word_1_138' title='bbox 442 1462 535 1492; x_wconf 81' lang='lat' dir='ltr'>supra</span> <span class='ocrx_word' id='word_1_139' title='bbox 559 1451 718 1491; x_wconf 71' lang='lat' dir='ltr'>physicam</span> <span class='ocrx_word' id='word_1_140' title='bbox 744 1450 918 1480; x_wconf 73' lang='lat' dir='ltr'>Aristotelis</span> <span class='ocrx_word' id='word_1_141' title='bbox 941 1454 972 1479; x_wconf 85' lang='lat' dir='ltr'>et</span> 
     </span>
     <span class='ocr_line' id='line_1_25' title="bbox 177 1500 972 1542; baseline -0.005 -9"><span class='ocrx_word' id='word_1_142' title='bbox 177 1504 288 1533; x_wconf 87' lang='lat' dir='ltr'>librum</span> <span class='ocrx_word' id='word_1_143' title='bbox 312 1503 349 1532; x_wconf 87' lang='lat' dir='ltr'>(le</span> <span class='ocrx_word' id='word_1_144' title='bbox 372 1501 573 1542; x_wconf 79' lang='lat' dir='ltr'>generacione</span> <span class='ocrx_word' id='word_1_145' title='bbox 598 1504 628 1530; x_wconf 83' lang='lat' dir='ltr'>et</span> <span class='ocrx_word' id='word_1_146' title='bbox 658 1500 856 1540; x_wconf 68' lang='lat' dir='ltr'>corrupt-ione</span> <span class='ocrx_word' id='word_1_147' title='bbox 880 1504 909 1530; x_wconf 85' lang='lat' dir='ltr'>ct</span> <span class='ocrx_word' id='word_1_148' title='bbox 935 1500 972 1529; x_wconf 85' lang='lat' dir='ltr'>dc</span> 
     </span>
     <span class='ocr_line' id='line_1_26' title="bbox 177 1551 973 1585; baseline -0.005 -1"><span class='ocrx_word' id='word_1_149' title='bbox 177 1555 241 1585; x_wconf 85' lang='lat' dir='ltr'>celo</span> <span class='ocrx_word' id='word_1_150' title='bbox 263 1558 294 1584; x_wconf 87' lang='lat' dir='ltr'>et</span> <span class='ocrx_word' id='word_1_151' title='bbox 316 1553 430 1584; x_wconf 90' lang='lat' dir='ltr'>mundo</span> <span class='ocrx_word' id='word_1_152' title='bbox 454 1557 485 1583; x_wconf 85' lang='lat' dir='ltr'>et</span> <span class='ocrx_word' id='word_1_153' title='bbox 508 1552 738 1582; x_wconf 88' lang='lat' dir='ltr'>mctheororum</span> <span class='ocrx_word' id='word_1_154' title='bbox 760 1556 791 1581; x_wconf 87' lang='lat' dir='ltr'>ct</span> <span class='ocrx_word' id='word_1_155' title='bbox 813 1551 850 1581; x_wconf 82' lang='lat' dir='ltr'>de</span> <span class='ocrx_word' id='word_1_156' title='bbox 870 1551 973 1581; x_wconf 81' lang='lat' dir='ltr'>anima</span> 
     </span>
     <span class='ocr_line' id='line_1_27' title="bbox 177 1602 973 1644; baseline -0.006 -8"><span class='ocrx_word' id='word_1_157' title='bbox 177 1612 209 1636; x_wconf 86' lang='lat' dir='ltr'>et</span> <span class='ocrx_word' id='word_1_158' title='bbox 232 1606 270 1636; x_wconf 88' lang='lat' dir='ltr'>de</span> <span class='ocrx_word' id='word_1_159' title='bbox 293 1604 433 1635; x_wconf 88' lang='lat' dir='ltr'>omnibus</span> <span class='ocrx_word' id='word_1_160' title='bbox 453 1603 521 1634; x_wconf 88' lang='lat' dir='ltr'>aliis</span> <span class='ocrx_word' id='word_1_161' title='bbox 544 1603 646 1644; x_wconf 87' lang='lat' dir='ltr'>parvis</span> <span class='ocrx_word' id='word_1_162' title='bbox 667 1602 753 1632; x_wconf 84' lang='lat' dir='ltr'>libris</span> <span class='ocrx_word' id='word_1_163' title='bbox 779 1602 973 1632; x_wconf 84' lang='lat' dir='ltr'>naturalibus</span> 
     </span>
     <span class='ocr_line' id='line_1_28' title="bbox 178 1653 973 1696; baseline -0.005 -9"><span class='ocrx_word' id='word_1_164' title='bbox 178 1661 210 1687; x_wconf 78' lang='lat' dir='ltr'>et,</span> <span class='ocrx_word' id='word_1_165' title='bbox 226 1657 264 1687; x_wconf 89' lang='lat' dir='ltr'>de</span> <span class='ocrx_word' id='word_1_166' title='bbox 280 1656 379 1686; x_wconf 85' lang='lat' dir='ltr'>causis</span> <span class='ocrx_word' id='word_1_167' title='bbox 395 1654 619 1696; x_wconf 76' lang='lat' dir='ltr'>vegetabilibus</span> <span class='ocrx_word' id='word_1_168' title='bbox 639 1658 671 1684; x_wconf 86' lang='lat' dir='ltr'>et</span> <span class='ocrx_word' id='word_1_169' title='bbox 691 1653 806 1694; x_wconf 81' lang='lat' dir='ltr'>plantis</span> <span class='ocrx_word' id='word_1_170' title='bbox 827 1656 859 1683; x_wconf 89' lang='lat' dir='ltr'>et</span> <span class='ocrx_word' id='word_1_171' title='bbox 879 1654 973 1684; x_wconf 87' lang='lat' dir='ltr'>etiam</span> 
     </span>
     <span class='ocr_line' id='line_1_29' title="bbox 177 1704 974 1749; baseline -0.006 -10"><span class='ocrx_word' id='word_1_172' title='bbox 177 1719 271 1749; x_wconf 87' lang='lat' dir='ltr'>supra</span> <span class='ocrx_word' id='word_1_173' title='bbox 281 1707 539 1748; x_wconf 86' lang='lat' dir='ltr'>methaphisicam</span> <span class='ocrx_word' id='word_1_174' title='bbox 549 1705 723 1736; x_wconf 82' lang='lat' dir='ltr'>Aristotelis</span> <span class='ocrx_word' id='word_1_175' title='bbox 734 1709 765 1736; x_wconf 89' lang='lat' dir='ltr'>et</span> <span class='ocrx_word' id='word_1_176' title='bbox 776 1704 871 1735; x_wconf 84' lang='lat' dir='ltr'>etiam</span> <span class='ocrx_word' id='word_1_177' title='bbox 881 1715 974 1745; x_wconf 84' lang='lat' dir='ltr'>supra</span> 
     </span>
     <span class='ocr_line' id='line_1_30' title="bbox 178 1756 973 1798; baseline -0.005 -8"><span class='ocrx_word' id='word_1_178' title='bbox 178 1760 273 1790; x_wconf 86' lang='lat' dir='ltr'>libros</span> <span class='ocrx_word' id='word_1_179' title='bbox 289 1759 472 1790; x_wconf 87' lang='lat' dir='ltr'>ethicorum.</span> <span class='ocrx_word' id='word_1_180' title='bbox 520 1758 573 1788; x_wconf 86' lang='lat' dir='ltr'>Ita</span> <span class='ocrx_word' id='word_1_181' title='bbox 590 1757 671 1798; x_wconf 88' lang='lat' dir='ltr'>quod</span> <span class='ocrx_word' id='word_1_182' title='bbox 688 1756 791 1786; x_wconf 84' lang='lat' dir='ltr'>omnia</span> <span class='ocrx_word' id='word_1_183' title='bbox 808 1756 897 1791; x_wconf 77' lang='lat' dir='ltr'>bona,</span> <span class='ocrx_word' id='word_1_184' title='bbox 915 1767 973 1796; x_wconf 78' lang='lat' dir='ltr'>que</span> 
     </span>
     <span class='ocr_line' id='line_1_31' title="bbox 177 1807 973 1848; baseline -0.006 -6"><span class='ocrx_word' id='word_1_185' title='bbox 177 1811 426 1843; x_wconf 75' lang='lat' dir='ltr'>determinantur</span> <span class='ocrx_word' id='word_1_186' title='bbox 449 1810 480 1840; x_wconf 90' lang='lat' dir='ltr'>in</span> <span class='ocrx_word' id='word_1_187' title='bbox 504 1809 562 1840; x_wconf 90' lang='lat' dir='ltr'>illis</span> <span class='ocrx_word' id='word_1_188' title='bbox 588 1809 674 1839; x_wconf 88' lang='lat' dir='ltr'>libris</span> <span class='ocrx_word' id='word_1_189' title='bbox 700 1808 749 1838; x_wconf 87' lang='lat' dir='ltr'>hic</span> <span class='ocrx_word' id='word_1_190' title='bbox 775 1807 973 1848; x_wconf 85' lang='lat' dir='ltr'>comprehen-</span> 
     </span>
     <span class='ocr_line' id='line_1_32' title="bbox 179 1859 973 1902; baseline -0.005 -9"><span class='ocrx_word' id='word_1_191' title='bbox 179 1864 295 1893; x_wconf 90' lang='lat' dir='ltr'>duntur</span> <span class='ocrx_word' id='word_1_192' title='bbox 317 1862 396 1892; x_wconf 86' lang='lat' dir='ltr'>bene</span> <span class='ocrx_word' id='word_1_193' title='bbox 424 1860 648 1902; x_wconf 78' lang='lat' dir='ltr'>compendiose,</span> <span class='ocrx_word' id='word_1_194' title='bbox 672 1864 705 1891; x_wconf 84' lang='lat' dir='ltr'>et</span> <span class='ocrx_word' id='word_1_195' title='bbox 728 1860 786 1890; x_wconf 93' lang='lat' dir='ltr'>hoc</span> <span class='ocrx_word' id='word_1_196' title='bbox 808 1859 973 1890; x_wconf 85' lang='lat' dir='ltr'>secundum</span> 
     </span>
     <span class='ocr_line' id='line_1_33' title="bbox 179 1912 521 1954; baseline -0.006 -10"><span class='ocrx_word' id='word_1_197' title='bbox 179 1914 317 1944; x_wconf 79' lang='lat' dir='ltr'>ordinem</span> <span class='ocrx_word' id='word_1_198' title='bbox 333 1912 521 1954; x_wconf 51' lang='lat' dir='ltr'>alphabetis*</span> 
     </span>
    </p>

    <p class='ocr_par' dir='ltr' id='par_1_12' title="bbox 178 1961 974 2058">
     <span class='ocr_line' id='line_1_34' title="bbox 200 1961 974 1996; baseline -0.008 0"><span class='ocrx_word' id='word_1_199' title='bbox 200 1965 355 1996; x_wconf 83' lang='lat' dir='ltr'>Praemisit</span> <span class='ocrx_word' id='word_1_200' title='bbox 371 1976 480 1995; x_wconf 85' lang='lat' dir='ltr'>manus</span> <span class='ocrx_word' id='word_1_201' title='bbox 496 1963 647 1995; x_wconf 82' lang='lat' dir='ltr'>recentior</span> <span class='ocrx_word' id='word_1_202' title='bbox 662 1962 793 1992; x_wconf 87' lang='lat' dir='ltr'>indicem</span> <span class='ocrx_word' id='word_1_203' title='bbox 810 1961 974 1991; x_wconf 79' lang='lat' dir='ltr'>verborum</span> 
     </span>
     <span class='ocr_line' id='line_1_35' title="bbox 178 2016 418 2058; baseline -0.008 -11"><span class='ocrx_word' id='word_1_204' title='bbox 178 2016 418 2058; x_wconf 82' lang='lat' dir='ltr'>alphabeticum.</span> 
     </span>
    </p>
   </div>
   <div class='ocr_carea' id='block_1_9' title="bbox 399 2091 676 2126">
    <p class='ocr_par' dir='ltr' id='par_1_13' title="bbox 399 2091 676 2126">
     <span class='ocr_line' id='line_1_36' title="bbox 399 2091 676 2126; baseline -0.007 0"><span class='ocrx_word' id='word_1_205' title='bbox 399 2091 676 2126; x_wconf 83' lang='lat' dir='ltr'>CCLXXXIV.</span> 
     </span>
    </p>
   </div>
   <div class='ocr_carea' id='block_1_10' title="bbox 98 2149 972 2242">
    <p class='ocr_par' dir='ltr' id='par_1_14' title="bbox 98 2149 972 2242">
     <span class='ocr_line' id='line_1_37' title="bbox 98 2149 972 2190; baseline -0.006 -5"><span class='ocrx_word' id='word_1_206' title='bbox 98 2152 398 2190; x_wconf 80' lang='lat' dir='ltr'>Membranaceus,</span> <span class='ocrx_word' id='word_1_207' title='bbox 433 2151 466 2183; x_wconf 92' lang='lat' dir='ltr'>in</span> <span class='ocrx_word' id='word_1_208' title='bbox 502 2150 595 2189; x_wconf 85' lang='lat' dir='ltr'>folio,</span> <span class='ocrx_word' id='word_1_209' title='bbox 631 2149 664 2183; x_wconf 84' lang='lat' dir='ltr'>ff.</span> <span class='ocrx_word' id='word_1_210' title='bbox 692 2151 771 2185; x_wconf 78' lang='lat'>107,</span> <span class='ocrx_word' id='word_1_211' title='bbox 808 2159 873 2181; x_wconf 87' lang='lat' dir='ltr'>sec.</span> <span class='ocrx_word' id='word_1_212' title='bbox 902 2149 972 2181; x_wconf 82' lang='lat' dir='ltr'>xiii.</span> 
     </span>
     <span class='ocr_line' id='line_1_38' title="bbox 122 2206 881 2242; baseline -0.008 0"><span class='ocrx_word' id='word_1_213' title='bbox 122 2209 291 2242; x_wconf 79' lang='lat' dir='ltr'>exeuntis.</span> <span class='ocrx_word' id='word_1_214' title='bbox 310 2207 399 2241; x_wconf 83' lang='lat' dir='ltr'>binis</span> <span class='ocrx_word' id='word_1_215' title='bbox 418 2206 587 2240; x_wconf 77' lang='lat' dir='ltr'>columnis</span> <span class='ocrx_word' id='word_1_216' title='bbox 606 2206 694 2239; x_wconf 85' lang='lat' dir='ltr'>bene</span> <span class='ocrx_word' id='word_1_217' title='bbox 712 2209 881 2238; x_wconf 78' lang='lat' dir='ltr'>exaratus.</span> 
     </span>
    </p>
   </div>
   <div class='ocr_carea' id='block_1_11' title="bbox 139 2268 975 2824">
    <p class='ocr_par' dir='ltr' id='par_1_15' title="bbox 139 2268 974 2416">
     <span class='ocr_line' id='line_1_39' title="bbox 139 2268 974 2313; baseline -0.007 -9"><span class='ocrx_word' id='word_1_218' title='bbox 139 2273 319 2304; x_wconf 84' lang='lat' dir='ltr'>Aristotelis</span> <span class='ocrx_word' id='word_1_219' title='bbox 346 2271 633 2313; x_wconf 86' lang='lat' dir='ltr'>Metaphysicorum</span> <span class='ocrx_word' id='word_1_220' title='bbox 659 2270 728 2300; x_wconf 91' lang='lat' dir='ltr'>libri</span> <span class='ocrx_word' id='word_1_221' title='bbox 752 2269 858 2299; x_wconf 87' lang='lat' dir='ltr'>ii—xi.</span> <span class='ocrx_word' id='word_1_222' title='bbox 881 2268 974 2299; x_wconf 90' lang='lat' dir='ltr'>inclu-</span> 
     </span>
     <span class='ocr_line' id='line_1_40' title="bbox 160 2320 974 2365; baseline -0.009 -10"><span class='ocrx_word' id='word_1_223' title='bbox 160 2325 233 2362; x_wconf 83' lang='lat' dir='ltr'>sive,</span> <span class='ocrx_word' id='word_1_224' title='bbox 249 2335 287 2354; x_wconf 86' lang='lat' dir='ltr'>ex</span> <span class='ocrx_word' id='word_1_225' title='bbox 303 2323 560 2365; x_wconf 84' lang='lat' dir='ltr'>interpretatione</span> <span class='ocrx_word' id='word_1_226' title='bbox 575 2321 680 2355; x_wconf 72' lang='lat' dir='ltr'>veteri.</span> <span class='ocrx_word' id='word_1_227' title='bbox 695 2324 869 2351; x_wconf 87' lang='lat' dir='ltr'>commento</span> <span class='ocrx_word' id='word_1_228' title='bbox 883 2320 974 2349; x_wconf 83' lang='lat' dir='ltr'>Aver-</span> 
     </span>
     <span class='ocr_line' id='line_1_41' title="bbox 160 2373 557 2416; baseline -0.008 -10"><span class='ocrx_word' id='word_1_229' title='bbox 160 2376 221 2406; x_wconf 87' lang='lat' dir='ltr'>rois</span> <span class='ocrx_word' id='word_1_230' title='bbox 237 2382 386 2416; x_wconf 84' lang='lat' dir='ltr'>perpetuo</span> <span class='ocrx_word' id='word_1_231' title='bbox 402 2373 557 2404; x_wconf 84' lang='lat' dir='ltr'>illustrati.</span> 
     </span>
    </p>

    <p class='ocr_par' dir='ltr' id='par_1_16' title="bbox 184 2421 974 2508">
     <span class='ocr_line' id='line_1_42' title="bbox 203 2421 974 2462; baseline -0.008 -6"><span class='ocrx_word' id='word_1_232' title='bbox 203 2426 265 2456; x_wconf 89' lang='lat' dir='ltr'>Tit.</span> <span class='ocrx_word' id='word_1_233' title='bbox 297 2432 314 2440; x_wconf 84' lang='lat'>‘¹</span> <span class='ocrx_word' id='word_1_234' title='bbox 332 2426 456 2456; x_wconf 84' lang='lat' dir='ltr'>Primus</span> <span class='ocrx_word' id='word_1_235' title='bbox 486 2428 641 2455; x_wconf 85' lang='lat' dir='ltr'>tractatus</span> <span class='ocrx_word' id='word_1_236' title='bbox 671 2421 893 2462; x_wconf 86' lang='lat' dir='ltr'>methaphisice</span> <span class='ocrx_word' id='word_1_237' title='bbox 923 2421 974 2461; x_wconf 79' lang='lat' dir='ltr'>qui</span> 
     </span>
     <span class='ocr_line' id='line_1_43' title="bbox 184 2476 474 2508; baseline -0.003 -1"><span class='ocrx_word' id='word_1_238' title='bbox 184 2500 290 2508; x_wconf 87' lang='grc'><strong><em>.....</em></strong></span> <span class='ocrx_word' id='word_1_239' title='bbox 308 2488 327 2507; x_wconf 86' lang='lat' dir='ltr'>a</span> <span class='ocrx_word' id='word_1_240' title='bbox 342 2476 474 2506; x_wconf 86' lang='lat' dir='ltr'>uiuior.”</span> 
     </span>
    </p>

    <p class='ocr_par' dir='ltr' id='par_1_17' title="bbox 182 2522 974 2620">
     <span class='ocr_line' id='line_1_44' title="bbox 204 2522 974 2569; baseline -0.009 -11"><span class='ocrx_word' id='word_1_241' title='bbox 204 2528 302 2569; x_wconf 89' lang='lat' dir='ltr'>Incip.</span> <span class='ocrx_word' id='word_1_242' title='bbox 319 2532 397 2558; x_wconf 85' lang='lat' dir='ltr'>text.</span> <span class='ocrx_word' id='word_1_243' title='bbox 423 2533 439 2542; x_wconf 88' lang='lat'><em>“</em></span> <span class='ocrx_word' id='word_1_244' title='bbox 454 2526 543 2556; x_wconf 82' lang='lat' dir='ltr'>Dixit</span> <span class='ocrx_word' id='word_1_245' title='bbox 559 2524 766 2555; x_wconf 53' lang='lat' dir='ltr'>Aristotelem</span> <span class='ocrx_word' id='word_1_246' title='bbox 794 2522 974 2553; x_wconf 83' lang='lat' dir='ltr'>Considera-</span> 
     </span>
     <span class='ocr_line' id='line_1_45' title="bbox 182 2573 795 2620; baseline -0.013 -10"><span class='ocrx_word' id='word_1_247' title='bbox 182 2580 227 2610; x_wconf 82' lang='lat' dir='ltr'>tio</span> <span class='ocrx_word' id='word_1_248' title='bbox 242 2579 366 2620; x_wconf 88' lang='lat' dir='ltr'>quidem</span> <span class='ocrx_word' id='word_1_249' title='bbox 382 2579 412 2608; x_wconf 88' lang='lat' dir='ltr'>in</span> <span class='ocrx_word' id='word_1_250' title='bbox 428 2578 559 2608; x_wconf 87' lang='lat' dir='ltr'>veritate</span> <span class='ocrx_word' id='word_1_251' title='bbox 575 2574 705 2606; x_wconf 80' lang='lat' dir='ltr'>difficilis</span> <span class='ocrx_word' id='word_1_252' title='bbox 720 2573 795 2604; x_wconf 55' lang='lat' dir='ltr'>ests*</span> 
     </span>
    </p>

    <p class='ocr_par' dir='ltr' id='par_1_18' title="bbox 183 2623 974 2722">
     <span class='ocr_line' id='line_1_46' title="bbox 205 2623 974 2671; baseline -0.009 -11"><span class='ocrx_word' id='word_1_253' title='bbox 205 2630 303 2671; x_wconf 91' lang='lat' dir='ltr'>Incip.</span> <span class='ocrx_word' id='word_1_254' title='bbox 320 2633 483 2660; x_wconf 87' lang='lat' dir='ltr'>comment.</span> <span class='ocrx_word' id='word_1_255' title='bbox 502 2634 520 2643; x_wconf 83' lang='lat'>‘¹</span> <span class='ocrx_word' id='word_1_256' title='bbox 534 2625 691 2657; x_wconf 86' lang='lat' dir='ltr'>Averroiz.</span> <span class='ocrx_word' id='word_1_257' title='bbox 738 2624 817 2664; x_wconf 80' lang='lat' dir='ltr'>Quia</span> <span class='ocrx_word' id='word_1_258' title='bbox 837 2623 898 2654; x_wconf 87' lang='lat' dir='ltr'>ista</span> <span class='ocrx_word' id='word_1_259' title='bbox 920 2623 974 2653; x_wconf 89' lang='lat' dir='ltr'>sci-</span> 
     </span>
     <span class='ocr_line' id='line_1_47' title="bbox 183 2677 722 2722; baseline -0.013 -9"><span class='ocrx_word' id='word_1_260' title='bbox 183 2682 267 2712; x_wconf 88' lang='lat' dir='ltr'>entia</span> <span class='ocrx_word' id='word_1_261' title='bbox 282 2685 496 2722; x_wconf 79' lang='lat' dir='ltr'>perscrutatur</span> <span class='ocrx_word' id='word_1_262' title='bbox 511 2677 722 2719; x_wconf 79' lang='lat' dir='ltr'>simpliciter.³&#39;</span> 
     </span>
    </p>

    <p class='ocr_par' dir='ltr' id='par_1_19' title="bbox 183 2726 975 2824">
     <span class='ocr_line' id='line_1_48' title="bbox 205 2726 975 2767; baseline -0.009 -5"><span class='ocrx_word' id='word_1_263' title='bbox 205 2732 310 2762; x_wconf 89' lang='lat' dir='ltr'>Desin.</span> <span class='ocrx_word' id='word_1_264' title='bbox 341 2736 504 2762; x_wconf 84' lang='lat' dir='ltr'>comment.</span> <span class='ocrx_word' id='word_1_265' title='bbox 540 2736 558 2744; x_wconf 92' lang='lat'><em>“</em></span> <span class='ocrx_word' id='word_1_266' title='bbox 571 2728 739 2759; x_wconf 86' lang='lat' dir='ltr'>secundum</span> <span class='ocrx_word' id='word_1_267' title='bbox 776 2726 890 2767; x_wconf 85' lang='lat' dir='ltr'>aliquid</span> <span class='ocrx_word' id='word_1_268' title='bbox 928 2730 975 2756; x_wconf 87' lang='lat' dir='ltr'>est</span> 
     </span>
     <span class='ocr_line' id='line_1_49' title="bbox 183 2778 975 2824; baseline -0.006 -11"><span class='ocrx_word' id='word_1_269' title='bbox 183 2794 277 2824; x_wconf 84' lang='lat' dir='ltr'>agens</span> <span class='ocrx_word' id='word_1_270' title='bbox 293 2787 411 2814; x_wconf 88' lang='lat' dir='ltr'>motum</span> <span class='ocrx_word' id='word_1_271' title='bbox 423 2786 455 2813; x_wconf 84' lang='lat' dir='ltr'>et</span> <span class='ocrx_word' id='word_1_272' title='bbox 467 2781 545 2811; x_wconf 85' lang='lat' dir='ltr'>finis.</span> <span class='ocrx_word' id='word_1_273' title='bbox 572 2779 708 2821; x_wconf 84' lang='lat' dir='ltr'>Explicit</span> <span class='ocrx_word' id='word_1_274' title='bbox 724 2778 975 2819; x_wconf 67' lang='lat' dir='ltr'>niethaphisica.”</span> 
     </span>
    </p>
   </div>
   <div class='ocr_carea' id='block_1_12' title="bbox 1000 343 1004 1634">
    <p class='ocr_par' dir='ltr' id='par_1_20' title="bbox 1000 343 1004 1634">
     <span class='ocr_line' id='line_1_50' title="bbox 1000 343 1004 1634; baseline 0 0"><span class='ocrx_word' id='word_1_275' title='bbox 1000 343 1004 1634; x_wconf 95' lang='lat' dir='ltr'> </span> 
     </span>
    </p>
   </div>
   <div class='ocr_carea' id='block_1_13' title="bbox 1002 1781 1005 2446">
    <p class='ocr_par' dir='ltr' id='par_1_21' title="bbox 1002 1781 1005 2446">
     <span class='ocr_line' id='line_1_51' title="bbox 1002 1781 1005 2446; baseline 0 0"><span class='ocrx_word' id='word_1_276' title='bbox 1002 1781 1005 2446; x_wconf 95' lang='lat' dir='ltr'> </span> 
     </span>
    </p>
   </div>
   <div class='ocr_carea' id='block_1_14' title="bbox 1075 263 1842 403">
    <p class='ocr_par' dir='ltr' id='par_1_22' title="bbox 1075 263 1842 403">
     <span class='ocr_line' id='line_1_52' title="bbox 1126 263 1255 298; baseline 0 -6"><span class='ocrx_word' id='word_1_277' title='bbox 1126 263 1255 298; x_wconf 84' lang='lat' dir='ltr'>Deinde,</span> 
     </span>
     <span class='ocr_line' id='line_1_53' title="bbox 1075 313 1842 355; baseline 0.001 -13"><span class='ocrx_word' id='word_1_278' title='bbox 1075 319 1091 327; x_wconf 81' lang='lat'>·‘</span> <span class='ocrx_word' id='word_1_279' title='bbox 1108 313 1191 342; x_wconf 84' lang='lat' dir='ltr'>Finis</span> <span class='ocrx_word' id='word_1_280' title='bbox 1207 314 1295 344; x_wconf 80' lang='lat' dir='ltr'>adest</span> <span class='ocrx_word' id='word_1_281' title='bbox 1312 318 1392 344; x_wconf 86' lang='lat' dir='ltr'>mete</span> <span class='ocrx_word' id='word_1_282' title='bbox 1408 314 1484 344; x_wconf 81' lang='lat' dir='ltr'>liber</span> <span class='ocrx_word' id='word_1_283' title='bbox 1499 313 1623 355; x_wconf 80' lang='lat' dir='ltr'>explicit</span> <span class='ocrx_word' id='word_1_284' title='bbox 1640 325 1712 354; x_wconf 74' lang='lat' dir='ltr'>ergo</span> <span class='ocrx_word' id='word_1_285' title='bbox 1728 313 1842 347; x_wconf 81' lang='lat' dir='ltr'>valete;</span> 
     </span>
     <span class='ocr_line' id='line_1_54' title="bbox 1106 363 1766 403; baseline 0.005 -11"><span class='ocrx_word' id='word_1_286' title='bbox 1106 363 1326 394; x_wconf 81' lang='lat' dir='ltr'>Bencdicamus</span> <span class='ocrx_word' id='word_1_287' title='bbox 1342 365 1475 395; x_wconf 80' lang='lat' dir='ltr'>Domino</span> <span class='ocrx_word' id='word_1_288' title='bbox 1491 371 1521 396; x_wconf 85' lang='lat' dir='ltr'>et</span> <span class='ocrx_word' id='word_1_289' title='bbox 1539 366 1604 395; x_wconf 81' lang='lat' dir='ltr'>Deo</span> <span class='ocrx_word' id='word_1_290' title='bbox 1619 365 1766 403; x_wconf 43' lang='lat' dir='ltr'>gratias?</span> 
     </span>
    </p>
   </div>
   <div class='ocr_carea' id='block_1_15' title="bbox 1022 482 1896 1223">
    <p class='ocr_par' dir='ltr' id='par_1_23' title="bbox 1330 482 1586 516">
     <span class='ocr_line' id='line_1_55' title="bbox 1330 482 1586 516; baseline 0 -2"><span class='ocrx_word' id='word_1_291' title='bbox 1330 482 1586 516; x_wconf 70' lang='lat' dir='ltr'>CCLXXXV.</span> 
     </span>
    </p>

    <p class='ocr_par' dir='ltr' id='par_1_24' title="bbox 1022 541 1892 694">
     <span class='ocr_line' id='line_1_56' title="bbox 1022 541 1892 582; baseline 0.002 -8"><span class='ocrx_word' id='word_1_292' title='bbox 1022 541 1140 574; x_wconf 87' lang='lat' dir='ltr'>Codex</span> <span class='ocrx_word' id='word_1_293' title='bbox 1160 542 1450 581; x_wconf 54' lang='lat' dir='ltr'>menibmnaceim</span> <span class='ocrx_word' id='word_1_294' title='bbox 1466 544 1497 576; x_wconf 87' lang='lat' dir='ltr'>in</span> <span class='ocrx_word' id='word_1_295' title='bbox 1518 543 1598 576; x_wconf 84' lang='lat' dir='ltr'>folio</span> <span class='ocrx_word' id='word_1_296' title='bbox 1617 544 1748 582; x_wconf 76' lang='lat' dir='ltr'>minori,</span> <span class='ocrx_word' id='word_1_297' title='bbox 1766 544 1797 576; x_wconf 79' lang='lat' dir='ltr'>ff.</span> <span class='ocrx_word' id='word_1_298' title='bbox 1812 546 1892 581; x_wconf 71' lang='lat'>243,</span> 
     </span>
     <span class='ocr_line' id='line_1_57' title="bbox 1046 599 1891 644; baseline 0.004 -14"><span class='ocrx_word' id='word_1_299' title='bbox 1046 608 1111 630; x_wconf 77' lang='lat' dir='ltr'>Sec.</span> <span class='ocrx_word' id='word_1_300' title='bbox 1135 599 1225 637; x_wconf 84' lang='lat' dir='ltr'>xiv.;</span> <span class='ocrx_word' id='word_1_301' title='bbox 1269 599 1356 632; x_wconf 85' lang='lat' dir='ltr'>binis</span> <span class='ocrx_word' id='word_1_302' title='bbox 1392 600 1592 644; x_wconf 79' lang='lat' dir='ltr'>plerumque</span> <span class='ocrx_word' id='word_1_303' title='bbox 1627 600 1804 639; x_wconf 79' lang='lat' dir='ltr'>columnis,</span> <span class='ocrx_word' id='word_1_304' title='bbox 1834 601 1891 633; x_wconf 81' lang='lat' dir='ltr'>sed</span> 
     </span>
     <span class='ocr_line' id='line_1_58' title="bbox 1046 654 1520 694; baseline 0.006 -8"><span class='ocrx_word' id='word_1_305' title='bbox 1046 654 1203 687; x_wconf 83' lang='lat' dir='ltr'>manibus</span> <span class='ocrx_word' id='word_1_306' title='bbox 1222 656 1331 694; x_wconf 84' lang='lat' dir='ltr'>variis,</span> <span class='ocrx_word' id='word_1_307' title='bbox 1350 661 1520 689; x_wconf 83' lang='lat' dir='ltr'>exaratus.</span> 
     </span>
    </p>

    <p class='ocr_par' dir='ltr' id='par_1_25' title="bbox 1067 723 1890 804">
     <span class='ocr_line' id='line_1_59' title="bbox 1067 723 1890 766; baseline 0.006 -15"><span class='ocrx_word' id='word_1_308' title='bbox 1067 723 1093 752; x_wconf 96' lang='grc'>1.</span> <span class='ocrx_word' id='word_1_309' title='bbox 1114 723 1269 763; x_wconf 85' lang='lat' dir='ltr'>Anonymi</span> <span class='ocrx_word' id='word_1_310' title='bbox 1293 724 1450 765; x_wconf 83' lang='lat' dir='ltr'>cujusdam</span> <span class='ocrx_word' id='word_1_311' title='bbox 1475 725 1659 766; x_wconf 65' lang='lat' dir='ltr'>quaestiones</span> <span class='ocrx_word' id='word_1_312' title='bbox 1686 726 1715 755; x_wconf 91' lang='lat' dir='ltr'>in</span> <span class='ocrx_word' id='word_1_313' title='bbox 1743 726 1890 766; x_wconf 79' lang='lat' dir='ltr'>Physica:</span> 
     </span>
     <span class='ocr_line' id='line_1_60' title="bbox 1128 773 1342 804; baseline 0.005 -1"><span class='ocrx_word' id='word_1_314' title='bbox 1128 773 1226 804; x_wconf 88' lang='lat' dir='ltr'>mutil.</span> <span class='ocrx_word' id='word_1_315' title='bbox 1250 774 1299 804; x_wconf 91' lang='lat' dir='ltr'>fol.</span> <span class='ocrx_word' id='word_1_316' title='bbox 1319 785 1342 804; x_wconf 84' lang='lat'>1.</span> 
     </span>
    </p>

    <p class='ocr_par' dir='ltr' id='par_1_26' title="bbox 1149 826 1896 970">
     <span class='ocr_line' id='line_1_61' title="bbox 1173 826 1895 868; baseline 0.003 -13"><span class='ocrx_word' id='word_1_317' title='bbox 1173 826 1271 866; x_wconf 89' lang='lat' dir='ltr'>Incip.</span> <span class='ocrx_word' id='word_1_318' title='bbox 1290 832 1307 840; x_wconf 87' lang='lat'>‘¹</span> <span class='ocrx_word' id='word_1_319' title='bbox 1323 826 1448 856; x_wconf 84' lang='lat' dir='ltr'>Summa</span> <span class='ocrx_word' id='word_1_320' title='bbox 1469 827 1558 867; x_wconf 80' lang='lat' dir='ltr'>hujus</span> <span class='ocrx_word' id='word_1_321' title='bbox 1579 828 1679 868; x_wconf 74' lang='lat' dir='ltr'>operis</span> <span class='ocrx_word' id='word_1_322' title='bbox 1700 832 1744 858; x_wconf 79' lang='lat' dir='ltr'>est</span> <span class='ocrx_word' id='word_1_323' title='bbox 1763 828 1895 858; x_wconf 86' lang='lat' dir='ltr'>breviter</span> 
     </span>
     <span class='ocr_line' id='line_1_62' title="bbox 1149 877 1893 918; baseline 0.003 -12"><span class='ocrx_word' id='word_1_324' title='bbox 1149 877 1197 906; x_wconf 88' lang='lat' dir='ltr'>hic</span> <span class='ocrx_word' id='word_1_325' title='bbox 1220 881 1348 918; x_wconf 78' lang='lat' dir='ltr'>tangere</span> <span class='ocrx_word' id='word_1_326' title='bbox 1371 889 1429 918; x_wconf 82' lang='lat' dir='ltr'>quc</span> <span class='ocrx_word' id='word_1_327' title='bbox 1451 878 1523 908; x_wconf 78' lang='lat' dir='ltr'>alibi</span> <span class='ocrx_word' id='word_1_328' title='bbox 1548 879 1685 909; x_wconf 81' lang='lat' dir='ltr'>diffusius</span> <span class='ocrx_word' id='word_1_329' title='bbox 1709 884 1893 913; x_wconf 84' lang='lat' dir='ltr'>tractantur,</span> 
     </span>
     <span class='ocr_line' id='line_1_63' title="bbox 1149 928 1896 970; baseline 0.004 -13"><span class='ocrx_word' id='word_1_330' title='bbox 1149 932 1181 957; x_wconf 84' lang='lat' dir='ltr'>ct</span> <span class='ocrx_word' id='word_1_331' title='bbox 1203 938 1261 968; x_wconf 86' lang='lat' dir='ltr'>que</span> <span class='ocrx_word' id='word_1_332' title='bbox 1283 928 1401 958; x_wconf 81' lang='lat' dir='ltr'>occulto</span> <span class='ocrx_word' id='word_1_333' title='bbox 1423 929 1462 959; x_wconf 80' lang='lat' dir='ltr'>ab</span> <span class='ocrx_word' id='word_1_334' title='bbox 1485 930 1661 960; x_wconf 78' lang='lat' dir='ltr'>auctoribus</span> <span class='ocrx_word' id='word_1_335' title='bbox 1679 935 1750 960; x_wconf 81' lang='lat' dir='ltr'>sunt</span> <span class='ocrx_word' id='word_1_336' title='bbox 1768 936 1896 970; x_wconf 77' lang='lat' dir='ltr'>accepta</span> 
     </span>
    </p>

    <p class='ocr_par' dir='ltr' id='par_1_27' title="bbox 1817 980 1895 1011">
     <span class='ocr_line' id='line_1_64' title="bbox 1817 980 1895 1011; baseline 0 -1"><span class='ocrx_word' id='word_1_337' title='bbox 1817 980 1895 1011; x_wconf 82' lang='lat' dir='ltr'>Cum</span> 
     </span>
    </p>

    <p class='ocr_par' dir='ltr' id='par_1_28' title="bbox 1149 1029 1896 1071">
     <span class='ocr_line' id='line_1_65' title="bbox 1149 1029 1896 1071; baseline 0.003 -12"><span class='ocrx_word' id='word_1_338' title='bbox 1149 1029 1245 1070; x_wconf 78' lang='lat' dir='ltr'>igitur</span> <span class='ocrx_word' id='word_1_339' title='bbox 1267 1041 1339 1060; x_wconf 83' lang='lat' dir='ltr'>vera</span> <span class='ocrx_word' id='word_1_340' title='bbox 1362 1030 1496 1071; x_wconf 78' lang='lat' dir='ltr'>cognitio</span> <span class='ocrx_word' id='word_1_341' title='bbox 1519 1042 1578 1060; x_wconf 90' lang='lat' dir='ltr'>non</span> <span class='ocrx_word' id='word_1_342' title='bbox 1602 1031 1640 1061; x_wconf 83' lang='lat' dir='ltr'>sit</span> <span class='ocrx_word' id='word_1_343' title='bbox 1665 1032 1719 1061; x_wconf 83' lang='lat' dir='ltr'>nisi</span> <span class='ocrx_word' id='word_1_344' title='bbox 1743 1031 1830 1065; x_wconf 77' lang='lat' dir='ltr'>entis,</span> <span class='ocrx_word' id='word_1_345' title='bbox 1859 1032 1896 1061; x_wconf 81' lang='lat' dir='ltr'>de</span> 
     </span>
    </p>

    <p class='ocr_par' dir='ltr' id='par_1_29' title="bbox 1149 1080 1896 1223">
     <span class='ocr_line' id='line_1_66' title="bbox 1149 1080 1574 1122; baseline 0 -12"><span class='ocrx_word' id='word_1_346' title='bbox 1149 1080 1215 1121; x_wconf 85' lang='lat' dir='ltr'>ipso</span> <span class='ocrx_word' id='word_1_347' title='bbox 1231 1081 1260 1110; x_wconf 92' lang='lat' dir='ltr'>in</span> <span class='ocrx_word' id='word_1_348' title='bbox 1277 1081 1376 1121; x_wconf 85' lang='lat' dir='ltr'>primo</span> <span class='ocrx_word' id='word_1_349' title='bbox 1391 1081 1574 1122; x_wconf 53' lang='lat' dir='ltr'>agendmm*</span> 
     </span>
     <span class='ocr_line' id='line_1_67' title="bbox 1171 1131 1896 1174; baseline 0.004 -13"><span class='ocrx_word' id='word_1_350' title='bbox 1171 1131 1284 1162; x_wconf 81' lang='lat' dir='ltr'>Deficit</span> <span class='ocrx_word' id='word_1_351' title='bbox 1301 1132 1331 1161; x_wconf 89' lang='lat' dir='ltr'>in</span> <span class='ocrx_word' id='word_1_352' title='bbox 1348 1132 1458 1168; x_wconf 79' lang='lat' dir='ltr'>verbis,</span> <span class='ocrx_word' id='word_1_353' title='bbox 1476 1138 1493 1146; x_wconf 88' lang='lat'><strong>“</strong></span> <span class='ocrx_word' id='word_1_354' title='bbox 1508 1143 1568 1161; x_wconf 83' lang='lat' dir='ltr'>non</span> <span class='ocrx_word' id='word_1_355' title='bbox 1590 1136 1633 1161; x_wconf 81' lang='lat' dir='ltr'>est</span> <span class='ocrx_word' id='word_1_356' title='bbox 1658 1133 1723 1172; x_wconf 80' lang='lat' dir='ltr'>ipsa</span> <span class='ocrx_word' id='word_1_357' title='bbox 1744 1133 1896 1174; x_wconf 72' lang='lat' dir='ltr'>frigiditas</span> 
     </span>
     <span class='ocr_line' id='line_1_68' title="bbox 1149 1182 1604 1223; baseline 0 -11"><span class='ocrx_word' id='word_1_358' title='bbox 1149 1182 1310 1223; x_wconf 83' lang='lat' dir='ltr'>dispositio</span> <span class='ocrx_word' id='word_1_359' title='bbox 1327 1183 1491 1223; x_wconf 84' lang='lat' dir='ltr'>recipiendi</span> <span class='ocrx_word' id='word_1_360' title='bbox 1597 1183 1604 1190; x_wconf 60' lang='lat'>³</span> 
     </span>
    </p>
   </div>
   <div class='ocr_carea' id='block_1_16' title="bbox 1151 979 1765 1020">
    <p class='ocr_par' dir='ltr' id='par_1_30' title="bbox 1151 979 1765 1020">
     <span class='ocr_line' id='line_1_69' title="bbox 1151 979 1765 1020; baseline 0.005 -13"><span class='ocrx_word' id='word_1_361' title='bbox 1151 979 1284 1018; x_wconf 79' lang='lat' dir='ltr'>quadam</span> <span class='ocrx_word' id='word_1_362' title='bbox 1316 979 1519 1020; x_wconf 71' lang='lat' dir='ltr'>explicatisme</span> <span class='ocrx_word' id='word_1_363' title='bbox 1549 981 1596 1010; x_wconf 87' lang='lat' dir='ltr'>hic</span> <span class='ocrx_word' id='word_1_364' title='bbox 1626 981 1765 1010; x_wconf 77' lang='lat' dir='ltr'>inserere.</span> 
     </span>
    </p>
   </div>
   <div class='ocr_carea' id='block_1_17' title="bbox 1504 1201 1586 1206">
    <p class='ocr_par' dir='ltr' id='par_1_31' title="bbox 1504 1201 1586 1206">
     <span class='ocr_line' id='line_1_70' title="bbox 1504 1201 1586 1206; baseline 0 0"><span class='ocrx_word' id='word_1_365' title='bbox 1504 1201 1586 1206; x_wconf 95' lang='lat' dir='ltr'> </span> 
     </span>
    </p>
   </div>
   <div class='ocr_carea' id='block_1_18' title="bbox 1379 1259 1545 1263">
    <p class='ocr_par' dir='ltr' id='par_1_32' title="bbox 1379 1259 1545 1263">
     <span class='ocr_line' id='line_1_71' title="bbox 1379 1259 1545 1263; baseline 0 0"><span class='ocrx_word' id='word_1_366' title='bbox 1379 1259 1545 1263; x_wconf 95' lang='lat' dir='ltr'> </span> 
     </span>
    </p>
   </div>
   <div class='ocr_carea' id='block_1_19' title="bbox 1065 1299 1900 2235">
    <p class='ocr_par' dir='ltr' id='par_1_33' title="bbox 1065 1299 1900 2235">
     <span class='ocr_line' id='line_1_72' title="bbox 1065 1299 1897 1340; baseline 0.001 -12"><span class='ocrx_word' id='word_1_367' title='bbox 1065 1301 1092 1328; x_wconf 64' lang='lat' dir='ltr'>Q.</span> <span class='ocrx_word' id='word_1_368' title='bbox 1112 1300 1149 1329; x_wconf 89' lang='lat' dir='ltr'>In</span> <span class='ocrx_word' id='word_1_369' title='bbox 1175 1300 1355 1330; x_wconf 80' lang='lat' dir='ltr'>Aristotelis</span> <span class='ocrx_word' id='word_1_370' title='bbox 1379 1299 1580 1340; x_wconf 74' lang='lat' dir='ltr'>Physicorum</span> <span class='ocrx_word' id='word_1_371' title='bbox 1606 1299 1699 1329; x_wconf 74' lang='lat' dir='ltr'>libros</span> <span class='ocrx_word' id='word_1_372' title='bbox 1724 1304 1792 1330; x_wconf 82' lang='lat' dir='ltr'>octo</span> <span class='ocrx_word' id='word_1_373' title='bbox 1819 1311 1897 1329; x_wconf 84' lang='lat' dir='ltr'>coni-</span> 
     </span>
     <span class='ocr_line' id='line_1_73' title="bbox 1128 1350 1519 1391; baseline 0.003 -12"><span class='ocrx_word' id='word_1_374' title='bbox 1128 1355 1265 1380; x_wconf 82' lang='lat' dir='ltr'>mentum</span> <span class='ocrx_word' id='word_1_375' title='bbox 1283 1351 1382 1381; x_wconf 82' lang='lat' dir='ltr'>breve.</span> <span class='ocrx_word' id='word_1_376' title='bbox 1407 1350 1456 1380; x_wconf 82' lang='lat' dir='ltr'>sol.</span> <span class='ocrx_word' id='word_1_377' title='bbox 1472 1361 1519 1391; x_wconf 74' lang='lat'>13.</span> 
     </span>
     <span class='ocr_line' id='line_1_74' title="bbox 1174 1401 1896 1442; baseline 0 -11"><span class='ocrx_word' id='word_1_378' title='bbox 1174 1401 1273 1442; x_wconf 89' lang='lat' dir='ltr'>Incip.</span> <span class='ocrx_word' id='word_1_379' title='bbox 1292 1408 1309 1416; x_wconf 86' lang='lat'>‘¹</span> <span class='ocrx_word' id='word_1_380' title='bbox 1322 1402 1397 1432; x_wconf 83' lang='lat' dir='ltr'>Cum</span> <span class='ocrx_word' id='word_1_381' title='bbox 1419 1402 1542 1442; x_wconf 87' lang='lat' dir='ltr'>quidem</span> <span class='ocrx_word' id='word_1_382' title='bbox 1566 1401 1734 1442; x_wconf 77' lang='lat' dir='ltr'>intelligere</span> <span class='ocrx_word' id='word_1_383' title='bbox 1756 1406 1786 1432; x_wconf 79' lang='lat' dir='ltr'>et</span> <span class='ocrx_word' id='word_1_384' title='bbox 1803 1402 1896 1436; x_wconf 81' lang='lat' dir='ltr'>scire;</span> 
     </span>
     <span class='ocr_line' id='line_1_75' title="bbox 1151 1452 1900 1493; baseline 0 -10"><span class='ocrx_word' id='word_1_385' title='bbox 1151 1458 1210 1483; x_wconf 74' lang='lat' dir='ltr'>etc.</span> <span class='ocrx_word' id='word_1_386' title='bbox 1256 1452 1432 1493; x_wconf 79' lang='lat' dir='ltr'>Capitulum</span> <span class='ocrx_word' id='word_1_387' title='bbox 1453 1453 1472 1482; x_wconf 93' lang='lat' dir='ltr'>i.</span> <span class='ocrx_word' id='word_1_388' title='bbox 1496 1453 1525 1482; x_wconf 91' lang='lat' dir='ltr'>in</span> <span class='ocrx_word' id='word_1_389' title='bbox 1550 1453 1756 1482; x_wconf 73' lang='lat' dir='ltr'>declaratione</span> <span class='ocrx_word' id='word_1_390' title='bbox 1780 1453 1859 1493; x_wconf 68' lang='lat' dir='ltr'>quod</span> <span class='ocrx_word' id='word_1_391' title='bbox 1883 1465 1900 1483; x_wconf 80' lang='lat' dir='ltr'>a</span> 
     </span>
     <span class='ocr_line' id='line_1_76' title="bbox 1150 1503 1760 1544; baseline -0.002 -11"><span class='ocrx_word' id='word_1_392' title='bbox 1150 1504 1361 1533; x_wconf 85' lang='lat' dir='ltr'>communibus</span> <span class='ocrx_word' id='word_1_393' title='bbox 1377 1503 1533 1544; x_wconf 82' lang='lat' dir='ltr'>principiis</span> <span class='ocrx_word' id='word_1_394' title='bbox 1549 1503 1760 1533; x_wconf 64' lang='lat' dir='ltr'>incoanduin.”</span> 
     </span>
     <span class='ocr_line' id='line_1_77' title="bbox 1172 1553 1900 1594; baseline -0.004 -9"><span class='ocrx_word' id='word_1_395' title='bbox 1172 1555 1276 1585; x_wconf 84' lang='lat' dir='ltr'>Dcsin.</span> <span class='ocrx_word' id='word_1_396' title='bbox 1296 1561 1313 1569; x_wconf 79' lang='lat'>‘¹</span> <span class='ocrx_word' id='word_1_397' title='bbox 1328 1565 1388 1584; x_wconf 89' lang='lat' dir='ltr'>non</span> <span class='ocrx_word' id='word_1_398' title='bbox 1407 1561 1454 1584; x_wconf 83' lang='lat' dir='ltr'>est</span> <span class='ocrx_word' id='word_1_399' title='bbox 1472 1554 1569 1584; x_wconf 82' lang='lat' dir='ltr'>virtus</span> <span class='ocrx_word' id='word_1_400' title='bbox 1591 1553 1727 1594; x_wconf 85' lang='lat' dir='ltr'>corporis</span> <span class='ocrx_word' id='word_1_401' title='bbox 1743 1554 1789 1584; x_wconf 89' lang='lat' dir='ltr'>vel</span> <span class='ocrx_word' id='word_1_402' title='bbox 1805 1554 1900 1584; x_wconf 71' lang='lat' dir='ltr'>virtus·</span> 
     </span>
     <span class='ocr_line' id='line_1_78' title="bbox 1150 1604 1848 1647; baseline -0.001 -12"><span class='ocrx_word' id='word_1_403' title='bbox 1150 1606 1181 1635; x_wconf 91' lang='lat' dir='ltr'>in</span> <span class='ocrx_word' id='word_1_404' title='bbox 1196 1616 1333 1647; x_wconf 85' lang='lat' dir='ltr'>corpore.</span> <span class='ocrx_word' id='word_1_405' title='bbox 1380 1605 1515 1645; x_wconf 85' lang='lat' dir='ltr'>Explicit</span> <span class='ocrx_word' id='word_1_406' title='bbox 1532 1604 1610 1634; x_wconf 88' lang='lat' dir='ltr'>liber</span> <span class='ocrx_word' id='word_1_407' title='bbox 1625 1604 1848 1645; x_wconf 49' lang='lat' dir='ltr'>physicorum*</span> 
     </span>
     <span class='ocr_line' id='line_1_79' title="bbox 1066 1667 1900 1709; baseline -0.005 -10"><span class='ocrx_word' id='word_1_408' title='bbox 1066 1669 1096 1698; x_wconf 80' lang='grc'>3.</span> <span class='ocrx_word' id='word_1_409' title='bbox 1117 1668 1153 1698; x_wconf 93' lang='lat' dir='ltr'>In</span> <span class='ocrx_word' id='word_1_410' title='bbox 1174 1669 1268 1699; x_wconf 86' lang='lat' dir='ltr'>libros</span> <span class='ocrx_word' id='word_1_411' title='bbox 1291 1669 1352 1699; x_wconf 89' lang='lat' dir='ltr'>duo</span> <span class='ocrx_word' id='word_1_412' title='bbox 1375 1668 1413 1698; x_wconf 89' lang='lat' dir='ltr'>dc</span> <span class='ocrx_word' id='word_1_413' title='bbox 1435 1668 1634 1709; x_wconf 81' lang='lat' dir='ltr'>generatione</span> <span class='ocrx_word' id='word_1_414' title='bbox 1654 1671 1685 1697; x_wconf 82' lang='lat' dir='ltr'>et</span> <span class='ocrx_word' id='word_1_415' title='bbox 1707 1667 1900 1708; x_wconf 72' lang='lat' dir='ltr'>corruptione</span> 
     </span>
     <span class='ocr_line' id='line_1_80' title="bbox 1131 1719 1487 1758; baseline -0.003 -9"><span class='ocrx_word' id='word_1_416' title='bbox 1131 1724 1348 1750; x_wconf 84' lang='lat' dir='ltr'>commentum.</span> <span class='ocrx_word' id='word_1_417' title='bbox 1374 1719 1423 1749; x_wconf 86' lang='lat' dir='ltr'>fol.</span> <span class='ocrx_word' id='word_1_418' title='bbox 1444 1730 1487 1758; x_wconf 76' lang='lat'>¹9·</span> 
     </span>
     <span class='ocr_line' id='line_1_81' title="bbox 1174 1769 1900 1812; baseline -0.003 -11"><span class='ocrx_word' id='word_1_419' title='bbox 1174 1771 1270 1812; x_wconf 88' lang='lat' dir='ltr'>Incip.</span> <span class='ocrx_word' id='word_1_420' title='bbox 1295 1777 1313 1785; x_wconf 85' lang='lat'><em>“</em></span> <span class='ocrx_word' id='word_1_421' title='bbox 1328 1771 1365 1801; x_wconf 88' lang='lat' dir='ltr'>In</span> <span class='ocrx_word' id='word_1_422' title='bbox 1389 1770 1582 1801; x_wconf 87' lang='lat' dir='ltr'>declarandis</span> <span class='ocrx_word' id='word_1_423' title='bbox 1605 1769 1829 1800; x_wconf 87' lang='lat' dir='ltr'>conditionibus</span> <span class='ocrx_word' id='word_1_424' title='bbox 1851 1780 1900 1810; x_wconf 82' lang='lat' dir='ltr'>gc—</span> 
     </span>
     <span class='ocr_line' id='line_1_82' title="bbox 1151 1822 1620 1862; baseline -0.002 -10"><span class='ocrx_word' id='word_1_425' title='bbox 1151 1822 1322 1853; x_wconf 86' lang='lat' dir='ltr'>neracionis</span> <span class='ocrx_word' id='word_1_426' title='bbox 1338 1826 1370 1852; x_wconf 86' lang='lat' dir='ltr'>et</span> <span class='ocrx_word' id='word_1_427' title='bbox 1386 1822 1620 1862; x_wconf 54' lang='lat' dir='ltr'>corrupcionisf*</span> 
     </span>
     <span class='ocr_line' id='line_1_83' title="bbox 1173 1872 1899 1913; baseline -0.003 -10"><span class='ocrx_word' id='word_1_428' title='bbox 1173 1872 1277 1903; x_wconf 87' lang='lat' dir='ltr'>Desin.</span> <span class='ocrx_word' id='word_1_429' title='bbox 1293 1879 1311 1887; x_wconf 75' lang='lat'>‘¹</span> <span class='ocrx_word' id='word_1_430' title='bbox 1324 1876 1358 1903; x_wconf 86' lang='lat' dir='ltr'>ut-</span> <span class='ocrx_word' id='word_1_431' title='bbox 1371 1883 1439 1902; x_wconf 93' lang='lat' dir='ltr'>cum</span> <span class='ocrx_word' id='word_1_432' title='bbox 1450 1876 1618 1913; x_wconf 83' lang='lat' dir='ltr'>generatur</span> <span class='ocrx_word' id='word_1_433' title='bbox 1629 1883 1711 1913; x_wconf 80' lang='lat' dir='ltr'>aqua</span> <span class='ocrx_word' id='word_1_434' title='bbox 1723 1883 1760 1902; x_wconf 87' lang='lat' dir='ltr'>cx</span> <span class='ocrx_word' id='word_1_435' title='bbox 1773 1872 1899 1913; x_wconf 79' lang='lat' dir='ltr'>glacic.”</span> 
     </span>
     <span class='ocr_line' id='line_1_84' title="bbox 1069 1936 1885 1968; baseline -0.004 0"><span class='ocrx_word' id='word_1_436' title='bbox 1069 1940 1095 1968; x_wconf 72' lang='lat'>4.</span> <span class='ocrx_word' id='word_1_437' title='bbox 1115 1938 1150 1967; x_wconf 91' lang='lat' dir='ltr'>In</span> <span class='ocrx_word' id='word_1_438' title='bbox 1166 1938 1260 1968; x_wconf 86' lang='lat' dir='ltr'>libros</span> <span class='ocrx_word' id='word_1_439' title='bbox 1275 1941 1339 1968; x_wconf 88' lang='lat' dir='ltr'>tres</span> <span class='ocrx_word' id='word_1_440' title='bbox 1355 1937 1393 1967; x_wconf 84' lang='lat' dir='ltr'>(le</span> <span class='ocrx_word' id='word_1_441' title='bbox 1408 1937 1512 1967; x_wconf 82' lang='lat' dir='ltr'>anima</span> <span class='ocrx_word' id='word_1_442' title='bbox 1533 1941 1748 1967; x_wconf 88' lang='lat' dir='ltr'>commentum.</span> <span class='ocrx_word' id='word_1_443' title='bbox 1773 1936 1821 1966; x_wconf 86' lang='lat' dir='ltr'>fol.</span> <span class='ocrx_word' id='word_1_444' title='bbox 1837 1946 1885 1967; x_wconf 81' lang='lat'>21.</span> 
     </span>
     <span class='ocr_line' id='line_1_85' title="bbox 1174 1987 1899 2029; baseline -0.003 -11"><span class='ocrx_word' id='word_1_445' title='bbox 1174 1988 1272 2029; x_wconf 84' lang='lat' dir='ltr'>Incip.</span> <span class='ocrx_word' id='word_1_446' title='bbox 1293 1994 1310 2003; x_wconf 87' lang='lat'><strong><em>“</em></strong></span> <span class='ocrx_word' id='word_1_447' title='bbox 1324 1987 1419 2018; x_wconf 83' lang='lat' dir='ltr'>Ratio</span> <span class='ocrx_word' id='word_1_448' title='bbox 1434 1988 1506 2018; x_wconf 87' lang='lat' dir='ltr'>talis</span> <span class='ocrx_word' id='word_1_449' title='bbox 1522 1988 1620 2018; x_wconf 89' lang='lat' dir='ltr'>onmis</span> <span class='ocrx_word' id='word_1_450' title='bbox 1636 1988 1762 2018; x_wconf 85' lang='lat' dir='ltr'>scientia</span> <span class='ocrx_word' id='word_1_451' title='bbox 1778 1992 1821 2017; x_wconf 83' lang='lat' dir='ltr'>cst</span> <span class='ocrx_word' id='word_1_452' title='bbox 1840 1998 1899 2017; x_wconf 90' lang='lat' dir='ltr'>non</span> 
     </span>
     <span class='ocr_line' id='line_1_86' title="bbox 1152 2039 1459 2070; baseline -0.003 0"><span class='ocrx_word' id='word_1_453' title='bbox 1152 2039 1318 2070; x_wconf 84' lang='lat' dir='ltr'>notabilior</span> <span class='ocrx_word' id='word_1_454' title='bbox 1332 2039 1459 2070; x_wconf 52' lang='lat' dir='ltr'>alteras*</span> 
     </span>
     <span class='ocr_line' id='line_1_87' title="bbox 1174 2090 1898 2123; baseline -0.004 -2"><span class='ocrx_word' id='word_1_455' title='bbox 1174 2091 1279 2121; x_wconf 81' lang='lat' dir='ltr'>Desin.</span> <span class='ocrx_word' id='word_1_456' title='bbox 1293 2097 1311 2106; x_wconf 89' lang='lat'><em>“</em></span> <span class='ocrx_word' id='word_1_457' title='bbox 1322 2091 1455 2121; x_wconf 82' lang='lat' dir='ltr'>maxime</span> <span class='ocrx_word' id='word_1_458' title='bbox 1465 2094 1569 2121; x_wconf 81' lang='lat' dir='ltr'>autem</span> <span class='ocrx_word' id='word_1_459' title='bbox 1582 2090 1735 2120; x_wconf 80' lang='lat' dir='ltr'>habentur</span> <span class='ocrx_word' id='word_1_460' title='bbox 1747 2090 1830 2123; x_wconf 47' lang='lat' dir='ltr'>hecss&#39;</span> <span class='ocrx_word' id='word_1_461' title='bbox 1841 2094 1898 2119; x_wconf 86' lang='lat' dir='ltr'>etc.</span> 
     </span>
     <span class='ocr_line' id='line_1_88' title="bbox 1174 2141 1899 2182; baseline -0.003 -10"><span class='ocrx_word' id='word_1_462' title='bbox 1174 2142 1211 2172; x_wconf 91' lang='lat' dir='ltr'>In</span> <span class='ocrx_word' id='word_1_463' title='bbox 1232 2142 1324 2179; x_wconf 74' lang='lat' dir='ltr'>calce⁷</span> <span class='ocrx_word' id='word_1_464' title='bbox 1346 2148 1363 2157; x_wconf 90' lang='lat'><em>“</em></span> <span class='ocrx_word' id='word_1_465' title='bbox 1376 2142 1481 2172; x_wconf 86' lang='lat' dir='ltr'>Finito</span> <span class='ocrx_word' id='word_1_466' title='bbox 1504 2142 1582 2171; x_wconf 86' lang='lat' dir='ltr'>libro</span> <span class='ocrx_word' id='word_1_467' title='bbox 1605 2142 1642 2171; x_wconf 90' lang='lat' dir='ltr'>de</span> <span class='ocrx_word' id='word_1_468' title='bbox 1664 2141 1776 2177; x_wconf 80' lang='lat' dir='ltr'>anima,</span> <span class='ocrx_word' id='word_1_469' title='bbox 1794 2141 1899 2182; x_wconf 88' lang='lat' dir='ltr'>incipit</span> 
     </span>
     <span class='ocr_line' id='line_1_89' title="bbox 1151 2193 1617 2235; baseline -0.004 -11"><span class='ocrx_word' id='word_1_470' title='bbox 1151 2194 1228 2224; x_wconf 87' lang='lat' dir='ltr'>liber</span> <span class='ocrx_word' id='word_1_471' title='bbox 1244 2194 1282 2224; x_wconf 91' lang='lat' dir='ltr'>de</span> <span class='ocrx_word' id='word_1_472' title='bbox 1298 2204 1426 2235; x_wconf 84' lang='lat' dir='ltr'>sompno</span> <span class='ocrx_word' id='word_1_473' title='bbox 1442 2198 1473 2224; x_wconf 87' lang='lat' dir='ltr'>et</span> <span class='ocrx_word' id='word_1_474' title='bbox 1488 2193 1617 2234; x_wconf 70' lang='lat' dir='ltr'>vigilia.”</span> 
     </span>
    </p>
   </div>
   <div class='ocr_carea' id='block_1_20' title="bbox 1068 2255 1899 2453">
    <p class='ocr_par' dir='ltr' id='par_1_34' title="bbox 1068 2255 1899 2453">
     <span class='ocr_line' id='line_1_90' title="bbox 1068 2255 1898 2296; baseline -0.005 -8"><span class='ocrx_word' id='word_1_475' title='bbox 1068 2260 1095 2288; x_wconf 85' lang='lat'>5.</span> <span class='ocrx_word' id='word_1_476' title='bbox 1114 2258 1150 2288; x_wconf 89' lang='lat' dir='ltr'>In</span> <span class='ocrx_word' id='word_1_477' title='bbox 1166 2258 1277 2288; x_wconf 89' lang='lat' dir='ltr'>librum</span> <span class='ocrx_word' id='word_1_478' title='bbox 1293 2258 1331 2288; x_wconf 86' lang='lat' dir='ltr'>de</span> <span class='ocrx_word' id='word_1_479' title='bbox 1347 2268 1453 2288; x_wconf 90' lang='lat' dir='ltr'>sonmo</span> <span class='ocrx_word' id='word_1_480' title='bbox 1468 2261 1499 2287; x_wconf 90' lang='lat' dir='ltr'>et</span> <span class='ocrx_word' id='word_1_481' title='bbox 1515 2256 1616 2296; x_wconf 74' lang='lat' dir='ltr'>vigilia</span> <span class='ocrx_word' id='word_1_482' title='bbox 1640 2255 1803 2285; x_wconf 80' lang='lat' dir='ltr'>commenti</span> <span class='ocrx_word' id='word_1_483' title='bbox 1820 2255 1898 2295; x_wconf 83' lang='lat' dir='ltr'>frag-</span> 
     </span>
     <span class='ocr_line' id='line_1_91' title="bbox 1131 2308 1416 2340; baseline -0.004 -1"><span class='ocrx_word' id='word_1_484' title='bbox 1131 2313 1279 2340; x_wconf 86' lang='lat' dir='ltr'>mentum.</span> <span class='ocrx_word' id='word_1_485' title='bbox 1303 2308 1355 2339; x_wconf 90' lang='lat' dir='ltr'>fol.</span> <span class='ocrx_word' id='word_1_486' title='bbox 1370 2310 1416 2338; x_wconf 77' lang='lat'>26.</span> 
     </span>
     <span class='ocr_line' id='line_1_92' title="bbox 1175 2356 1899 2401; baseline -0.007 -10"><span class='ocrx_word' id='word_1_487' title='bbox 1175 2360 1272 2401; x_wconf 88' lang='lat' dir='ltr'>Incip.</span> <span class='ocrx_word' id='word_1_488' title='bbox 1292 2366 1309 2375; x_wconf 77' lang='lat'>‘¹</span> <span class='ocrx_word' id='word_1_489' title='bbox 1323 2359 1466 2400; x_wconf 80' lang='lat' dir='ltr'>Capitulo</span> <span class='ocrx_word' id='word_1_490' title='bbox 1483 2359 1500 2388; x_wconf 91' lang='lat' dir='ltr'>i.</span> <span class='ocrx_word' id='word_1_491' title='bbox 1517 2363 1547 2388; x_wconf 86' lang='lat' dir='ltr'>ct</span> <span class='ocrx_word' id='word_1_492' title='bbox 1569 2362 1613 2388; x_wconf 85' lang='lat' dir='ltr'>est</span> <span class='ocrx_word' id='word_1_493' title='bbox 1641 2379 1773 2386; x_wconf 76' lang='grc'>......</span> <span class='ocrx_word' id='word_1_494' title='bbox 1790 2356 1819 2386; x_wconf 91' lang='lat' dir='ltr'>in</span> <span class='ocrx_word' id='word_1_495' title='bbox 1840 2368 1899 2396; x_wconf 71' lang='lat' dir='ltr'>qua</span> 
     </span>
     <span class='ocr_line' id='line_1_93' title="bbox 1152 2409 1515 2453; baseline -0.008 -11"><span class='ocrx_word' id='word_1_496' title='bbox 1152 2411 1306 2453; x_wconf 86' lang='lat' dir='ltr'>premittit</span> <span class='ocrx_word' id='word_1_497' title='bbox 1323 2411 1360 2441; x_wconf 88' lang='lat' dir='ltr'>de</span> <span class='ocrx_word' id='word_1_498' title='bbox 1376 2409 1515 2452; x_wconf 67' lang='lat' dir='ltr'>quibus.”</span> 
     </span>
    </p>
   </div>
   <div class='ocr_carea' id='block_1_21' title="bbox 1068 2470 1898 2806">
    <p class='ocr_par' dir='ltr' id='par_1_35' title="bbox 1068 2470 1898 2614">
     <span class='ocr_line' id='line_1_94' title="bbox 1068 2470 1898 2514; baseline -0.005 -10"><span class='ocrx_word' id='word_1_499' title='bbox 1068 2473 1096 2505; x_wconf 88' lang='grc'>6.</span> <span class='ocrx_word' id='word_1_500' title='bbox 1114 2473 1271 2514; x_wconf 88' lang='lat' dir='ltr'>Anonymi</span> <span class='ocrx_word' id='word_1_501' title='bbox 1293 2473 1411 2503; x_wconf 84' lang='lat' dir='ltr'>libellus</span> <span class='ocrx_word' id='word_1_502' title='bbox 1434 2472 1471 2501; x_wconf 87' lang='lat' dir='ltr'>de</span> <span class='ocrx_word' id='word_1_503' title='bbox 1495 2470 1745 2505; x_wconf 82' lang='lat' dir='ltr'>individuatione,</span> <span class='ocrx_word' id='word_1_504' title='bbox 1770 2475 1799 2500; x_wconf 82' lang='lat' dir='ltr'>ct</span> <span class='ocrx_word' id='word_1_505' title='bbox 1825 2470 1898 2500; x_wconf 84' lang='lat' dir='ltr'>divi-</span> 
     </span>
     <span class='ocr_line' id='line_1_95' title="bbox 1131 2520 1898 2560; baseline -0.005 -6"><span class='ocrx_word' id='word_1_506' title='bbox 1131 2525 1215 2554; x_wconf 81' lang='lat' dir='ltr'>sione</span> <span class='ocrx_word' id='word_1_507' title='bbox 1245 2528 1277 2554; x_wconf 89' lang='lat' dir='ltr'>et</span> <span class='ocrx_word' id='word_1_508' title='bbox 1307 2524 1418 2554; x_wconf 81' lang='lat' dir='ltr'>unione</span> <span class='ocrx_word' id='word_1_509' title='bbox 1447 2521 1623 2552; x_wconf 87' lang='lat' dir='ltr'>animalium</span> <span class='ocrx_word' id='word_1_510' title='bbox 1653 2525 1684 2551; x_wconf 84' lang='lat' dir='ltr'>et</span> <span class='ocrx_word' id='word_1_511' title='bbox 1712 2520 1898 2560; x_wconf 82' lang='lat' dir='ltr'>plantarum.</span> 
     </span>
     <span class='ocr_line' id='line_1_96' title="bbox 1131 2576 1247 2614; baseline 0 -9"><span class='ocrx_word' id='word_1_512' title='bbox 1131 2576 1180 2606; x_wconf 89' lang='lat' dir='ltr'>fol.</span> <span class='ocrx_word' id='word_1_513' title='bbox 1199 2585 1247 2614; x_wconf 83' lang='lat'>27.</span> 
     </span>
    </p>

    <p class='ocr_par' dir='ltr' id='par_1_36' title="bbox 1151 2620 1898 2756">
     <span class='ocr_line' id='line_1_97' title="bbox 1175 2620 1898 2666; baseline -0.006 -11"><span class='ocrx_word' id='word_1_514' title='bbox 1175 2625 1270 2666; x_wconf 85' lang='lat' dir='ltr'>Incip.</span> <span class='ocrx_word' id='word_1_515' title='bbox 1291 2630 1308 2639; x_wconf 82' lang='lat'><em>“</em></span> <span class='ocrx_word' id='word_1_516' title='bbox 1323 2624 1355 2654; x_wconf 84' lang='lat' dir='ltr'>Si</span> <span class='ocrx_word' id='word_1_517' title='bbox 1377 2621 1596 2663; x_wconf 82' lang='lat' dir='ltr'>consequcncia</span> <span class='ocrx_word' id='word_1_518' title='bbox 1617 2620 1657 2650; x_wconf 89' lang='lat' dir='ltr'>sit</span> <span class='ocrx_word' id='word_1_519' title='bbox 1678 2620 1849 2650; x_wconf 80' lang='lat' dir='ltr'>neccssaria</span> <span class='ocrx_word' id='word_1_520' title='bbox 1868 2626 1898 2651; x_wconf 84' lang='lat' dir='ltr'>et</span> 
     </span>
     <span class='ocr_line' id='line_1_98' title="bbox 1151 2672 1898 2711; baseline -0.008 -4"><span class='ocrx_word' id='word_1_521' title='bbox 1151 2675 1336 2706; x_wconf 85' lang='lat' dir='ltr'>antecedens</span> <span class='ocrx_word' id='word_1_522' title='bbox 1357 2674 1397 2704; x_wconf 87' lang='lat' dir='ltr'>sit</span> <span class='ocrx_word' id='word_1_523' title='bbox 1420 2672 1623 2703; x_wconf 82' lang='lat' dir='ltr'>necessarium</span> <span class='ocrx_word' id='word_1_524' title='bbox 1643 2682 1831 2711; x_wconf 75' lang='lat' dir='ltr'>consequens</span> <span class='ocrx_word' id='word_1_525' title='bbox 1847 2682 1898 2701; x_wconf 85' lang='lat' dir='ltr'>ca-</span> 
     </span>
     <span class='ocr_line' id='line_1_99' title="bbox 1152 2721 1749 2756; baseline -0.01 0"><span class='ocrx_word' id='word_1_526' title='bbox 1152 2726 1221 2756; x_wconf 89' lang='lat' dir='ltr'>dem</span> <span class='ocrx_word' id='word_1_527' title='bbox 1238 2723 1421 2755; x_wconf 84' lang='lat' dir='ltr'>necessitate</span> <span class='ocrx_word' id='word_1_528' title='bbox 1438 2722 1496 2753; x_wconf 86' lang='lat' dir='ltr'>crit</span> <span class='ocrx_word' id='word_1_529' title='bbox 1512 2721 1749 2751; x_wconf 73' lang='lat' dir='ltr'>neccssa1·iu1n.”</span> 
     </span>
    </p>

    <p class='ocr_par' dir='ltr' id='par_1_37' title="bbox 1173 2771 1812 2806">
     <span class='ocr_line' id='line_1_100' title="bbox 1173 2771 1812 2806; baseline -0.006 0"><span class='ocrx_word' id='word_1_530' title='bbox 1173 2775 1281 2806; x_wconf 85' lang='lat' dir='ltr'>Desin.</span> <span class='ocrx_word' id='word_1_531' title='bbox 1299 2781 1317 2789; x_wconf 74' lang='lat'>‘¹</span> <span class='ocrx_word' id='word_1_532' title='bbox 1328 2785 1388 2804; x_wconf 90' lang='lat' dir='ltr'>non</span> <span class='ocrx_word' id='word_1_533' title='bbox 1404 2777 1449 2804; x_wconf 87' lang='lat' dir='ltr'>est</span> <span class='ocrx_word' id='word_1_534' title='bbox 1464 2772 1671 2803; x_wconf 83' lang='lat' dir='ltr'>essencialiter</span> <span class='ocrx_word' id='word_1_535' title='bbox 1686 2783 1704 2802; x_wconf 85' lang='lat' dir='ltr'>a</span> <span class='ocrx_word' id='word_1_536' title='bbox 1720 2771 1812 2802; x_wconf 48' lang='lat' dir='ltr'>luc&amp;</span> 
     </span>
    </p>
   </div>
   <div class='ocr_carea' id='block_1_22' title="bbox 1203 2838 1263 2860">
    <p class='ocr_par' dir='ltr' id='par_1_38' title="bbox 1203 2838 1263 2860">
     <span class='ocr_line' id='line_1_101' title="bbox 1203 2838 1263 2860; baseline 0 0"><span class='ocrx_word' id='word_1_537' title='bbox 1203 2838 1263 2860; x_wconf 79' lang='lat'>02</span> 
     </span>
    </p>
   </div>
  </div>
 </body>
</html>
