2254 3117
349 152 392 182 12

478 247 575 287 Incip.
592 250 613 263 ‘⁶
629 246 707 277 Cum
723 244 883 275 recolende
898 245 1045 275 memorie
1057 245 1085 282 ;”
1101 245 1140 276 cf.
1156 245 1229 276 ibid.

455 297 608 328 nonnullis
624 296 726 332 variis,
742 300 814 326 tom.
832 295 861 326 ii.
878 307 929 336 pp.
941 298 1078 337 33—36,
1095 306 1145 337 51.

371 356 399 387 9.
416 352 666 383 Constitutiones
682 350 816 381 Simonis
834 350 992 391 Mepham,
1008 350 1229 392 archiepiscopi

434 402 675 435 Oantuaricnsis.
699 401 749 431 fol.
767 411 824 442 233
839 401 868 431 b.

476 454 572 494 Incip.
597 458 615 470 ‘⁶
634 452 737 483 Zelari
760 456 885 493 oportet
908 463 965 493 pro
992 452 1126 483 Domino
1137 451 1164 489 3³³
1195 456 1230 482 ut

454 505 527 535 ibid.
544 508 619 535 tom.
638 504 666 534 ii.
683 513 797 544 p.552.

415 556 663 587 Constitutiones
679 555 698 585 J
702 554 832 586 ohannis
848 555 886 585 de
910 554 1080 592 Stratford,
1096 554 1228 595 archiep.

432 607 580 638 Cantuar.
605 606 655 637 fol.
675 616 743 647 234.

476 658 572 699 Incip.
592 662 609 674 ⁵²
623 658 775 698 Sponsam
792 657 907 687 Christi
919 657 944 693 ;”
968 660 1002 687 ut
1018 656 1090 686 ibid.
1109 659 1182 686 tom.
1200 655 1228 685 ii.

454 721 482 750 p.
501 719 571 748 702.

416 760 546 790 Roberti
560 759 767 793 IVinchclsea,
788 758 921 799 archiep.
941 758 1101 795 Oantuar„
1118 757 1229 787 Decre-

433 818 498 841 tum
515 815 546 841 et
563 810 719 841 ordinatio
735 810 766 840 in
787 809 976 851 provinciam
997 820 1084 839 suam
1102 808 1227 839 visitan-

433 862 483 892 do.
506 862 557 892 fol.
572 871 629 902 237
650 862 678 891 b.

477 913 573 954 Incip.
598 918 616 930 ‘⁴
635 913 687 943 Ad
713 912 884 943 doctrinam
896 911 924 949 ;”

454 977 505 1006 pp.
524 965 699 1004 278—281.

394 1043 398 1048 .
417 1018 578 1049 Benedicti
594 1028 680 1058 papae
698 1015 778 1047 XII.
793 1015 984 1046 Constitutio
1000 1015 1037 1045 de
1054 1025 1132 1044 novo
1146 1014 1229 1044 edita,

433 1080 525 1110 super
549 1072 645 1109 quota
669 1066 895 1108 procurationis
919 1065 1116 1106 percipienda
1130 1076 1149 1095 a
1165 1065 1229 1106 qni-

432 1120 621 1159 buscumquc
637 1116 835 1147 visitantibus
848 1115 960 1156 ubique
977 1120 1145 1149 terrarium
1164 1116 1228 1145 dat.

433 1170 566 1201 Avinion
583 1181 630 1199 xv.
647 1169 708 1199 kal.
724 1168 798 1198 Jan.
814 1179 864 1198 an.
879 1167 994 1198 Pontis.
1013 1177 1038 1197 2.
1063 1167 1113 1197 fol.
1131 1177 1199 1207 239.

476 1221 572 1262 Incip.
591 1224 607 1237 “
627 1220 693 1250 Vas
720 1219 878 1249 electionis
908 1219 1063 1253 Paulus?
1098 1222 1133 1248 ut
1156 1218 1227 1247 ibid.

453 1277 528 1303 tom.
541 1272 571 1302 ii.
588 1283 617 1312 p.
631 1272 703 1312 578.

417 1327 567 1358 Bonifacii
584 1337 670 1367 papae
687 1325 784 1355 VIII.
805 1325 997 1355 Constitutio
1013 1325 1228 1365 Extravagans

433 1383 542 1410 contra
557 1378 670 1408 fratres
687 1376 916 1411 mcndicantcs3
934 1376 998 1406 dat.
1017 1375 1161 1406 Lateran.
1177 1376 1226 1405 xii.

432 1430 494 1461 kal.
512 1430 608 1460 Mart.
625 1432 710 1469 pont.
728 1438 776 1458 an.
794 1427 831 1457 vi.
855 1426 906 1457 fol.
926 1436 995 1464 240.

474 1480 571 1521 Incip.
590 1485 606 1496 ‘⁵
621 1479 663 1509 Et
680 1478 705 1508 si
721 1477 813 1508 vultis
829 1481 860 1507 ct
878 1476 1022 1506 ordi11is.”

350 559 398 587 10.

351 761 398 790 11.

958 915 992 941 ut
1015 911 1090 941 ibid.
1107 915 1180 941 tom.
1198 910 1227 940 ii.

350 1329 400 1358 13.

349 1539 397 1567 14.
416 1536 563 1577 Ejusdem
583 1535 621 1565 de
644 1534 802 1575 sepultura
827 1533 1051 1568 defunctorum,
1067 1536 1097 1562 et
1122 1536 1228 1562 contra

432 1591 610 1628 quaestores,
627 1585 717 1616 bullae
733 1585 810 1614 duze.
835 1583 886 1614 fol.
902 1592 972 1621 241.

475 1638 570 1678 Incip.
588 1637 606 1667 i.
624 1641 642 1653 ‘⁴
655 1635 850 1666 Detestande
866 1633 1038 1664 ferocitatis
1050 1634 1078 1669 3⁵²

476 1690 571 1730 Incip.
585 1688 614 1719 ii.
632 1692 652 1705 ‘⁵
667 1687 717 1717 Ad
734 1686 866 1717 Romani
889 1684 1044 1726 pontificis
1066 1685 1226 1725 providen-

454 1740 561 1771 tia1n.”

416 1791 536 1821 Tabula
549 1790 710 1821 titulorum
721 1788 821 1829 legum
834 1787 1090 1829 suprffllictarnm.
1101 1786 1182 1824 [241
1198 1786 1226 1816 b.

415 1846 580 1877 Ordinatio
596 1846 679 1875 facta
701 1856 720 1874 a
736 1844 874 1874 Robcrto
889 1842 1087 1873 Winchelsoa
1108 1842 1138 1872 in
1159 1842 1227 1872 visi-

432 1896 551 1927 tatione
568 1906 630 1925 sua.
656 1894 706 1924 fol.
723 1904 792 1935 2⁴⁴3·

476 1947 571 1987 Incip.
589 1950 609 1963 “
627 1945 664 1975 In
687 1945 793 1986 primis
814 1945 1028 1985 inquirendum
1045 1950 1093 1975 est
1108 1957 1148 1976 an
1164 1957 1226 1975 rec-

454 1999 534 2029 tor.”

414 2050 514 2080 Casus
536 2047 695 2089 generales
719 2046 881 2077 sentcntiae
904 2047 1228 2078 excommunicationis

350 1793 397 1821 15.

349 1847 396 1877 16.

350 2052 397 2082 17.

433 2101 583 2141 majorum
620 2099 760 2140 pubbcae,
793 2102 827 2128 ut
857 2098 969 2128 dicitur
999 2098 1030 2128 in
1059 2098 1226 2130 Constitut.

434 2152 584 2193 Reading.
607 2151 658 2181 fol.
677 2161 734 2191 243
752 2150 782 2180 b.

477 2202 573 2243 Incip.
592 2206 609 2218 “
626 2201 942 2232 Excommunicantur
958 2212 1063 2232 omncs
1079 2201 1152 2232 illi.”

351 2256 399 2284 18.
418 2254 504 2284 Petri
522 2253 684 2287 Blcsensis„
698 2251 906 2282 archidiaconi
920 2252 1149 2289 Bathonicnsis,
1165 2253 1227 2293 epi-
1257 2251 1258 2277 ἶ

434 2305 520 2336 stola}
537 2307 659 2334 centum
676 2314 748 2339 una,
765 2314 833 2333 cum
850 2302 965 2333 tabula.
991 2303 1042 2333 sol.
1062 2313 1133 2342 244.

476 2357 534 2397 Ep.
552 2357 569 2386 i.
595 2356 773 2386 inscribitur
798 2355 936 2385 chrico
954 2355 998 2385 II,
1015 2355 1079 2396 regi
1096 2355 1225 2396 Anglise.

454 2413 485 2439 ct
506 2408 596 2449 incip.
615 2408 785 2448 “Rogatus
801 2418 820 2437 a
838 2407 923 2437 vobis
939 2407 1085 2447 epistolas
1097 2408 1128 2440 ;”
1145 2411 1179 2437 ut
1198 2407 1227 2437 in
1257 2405 1258 2428 1

454 2460 526 2491 edit.
545 2462 633 2499 1667,
649 2470 696 2500 ep.
714 2470 739 2489 1.

476 2511 543 2542 Ult.
561 2515 608 2541 est
630 2510 671 2541 ad
695 2509 869 2541 Gnidonem
892 2513 924 2540 et
947 2509 1016 2540 Gol.
1040 2509 1227 2540 archidiaco-

455 2574 521 2599 nos,
538 2566 570 2592 et
586 2561 676 2601 incip.
700 2565 717 2577 ‘⁶
729 2560 805 2600 Quis
821 2560 909 2591 dabit
925 2560 1019 2601 capiti
1035 2560 1129 2590 meos*

477 2612 635 2653 Sequitur,
651 2622 730 2641 man.
747 2615 848 2641 recent.
875 2610 1037 2649 Quomodo
1054 2610 1084 2640 in
1100 2610 1227 2640 necessi-

455 2663 572 2694 tatibus
596 2662 724 2704 publicis
744 2661 842 2692 clerus
866 2665 993 2702 quotam
1016 2661 1166 2691 bonorum
1182 2672 1227 2691 ec-

455 2714 695 2745 clesiasticorum
711 2717 855 2744 teneatur
869 2713 998 2743 reddere
1011 2725 1018 2749 ;
1035 2712 1124 2753 incip.
1139 2718 1158 2729 ⁴⁸
1172 2712 1197 2742 F
1200 2724 1227 2742 c·
1257 2718 1258 2729 ¹

455 2765 498 2795 cit
513 2769 652 2805 potestas
668 2764 840 2796 secularis.”

909 145 1208 181 CATALOGUS
1234 147 1467 182 CODICUM
1495 148 1603 182 MSS.

1407 246 1616 277 Praemittitur
1631 246 1725 276 codici
1750 246 1882 287 epistola
1904 247 1965 277 alia
1986 247 2021 278 P.
2035 247 2158 278 Blesen-

1385 297 1426 327 sis
1448 298 1489 328 ad
1512 297 1548 327 P.
1564 297 1685 338 Rossig.
1702 297 1793 338 incip.
1816 301 1833 314 “
1848 297 1971 328 Divisus
1994 309 2027 329 es
2051 302 2082 329 et
2107 309 2159 329 cor

1386 352 1473 378 tuum
1489 348 1520 378 in
1536 348 1657 379 diversa
1669 348 1696 386 3²³
1719 353 1755 379 ut
1771 348 1851 379 inter
1866 359 1970 389 opera,
1987 360 2033 390 ep.
2047 349 2105 380 cxl.

1634 438 1800 471 XXXII.

1280 500 1399 534 Codex
1431 501 1721 540 membranaceus,
1748 501 1783 533 in
1810 500 1903 540 folio,
1930 501 1964 534 ff.
1984 503 2064 540 159,
2092 513 2158 535 sec.

1306 559 1386 595 xiii..
1405 559 1492 591 binis
1527 557 1694 591 columnis
1720 559 1830 591 nitide
1856 564 2035 599 exaratus3
2077 559 2159 592 olim

1302 615 1400 649 Will.
1415 615 1521 652 Rced.
1541 616 1711 660 praepositi
1725 616 2028 661 IVynghamemis,
2042 622 2161 661 postea

1305 674 1408 717 episc.
1423 674 1658 712 Cfflestrensis,
1673 685 1716 706 ex
1731 674 1821 707 dono
1835 673 1972 707 Nicolai
1991 675 2034 707 de
2054 674 2161 708 Sand-

1306 743 1408 775 wyco,
1436 736 1555 775 postea
1573 730 1651 765 coll.
1668 730 1780 765 Exon.
1808 743 1851 764 ex
1879 732 1970 765 dono
1989 731 2159 766 Willelmi

1305 789 1472 833 praedicti.

1324 849 1358 878 P.
1376 848 1544 879 Lombardi
1570 848 1801 879 Sententiarum
1825 849 1894 879 libri
1911 854 2064 890 quatuor;
2091 860 2160 880 cum

1343 900 1504 930 titulorum
1521 900 1635 930 tabulis
1651 904 1683 930 ct
1699 900 1844 941 prologo;
1875 901 2022 942 [imperf.]

1387 951 1502 981 Deficit
1523 951 1574 981 lib.
1593 951 1631 981 iv,
1649 951 1679 981 111
1702 951 1802 981 verbis
1825 951 1973 982 Distinet.
1990 963 2017 982 v.
2035 956 2053 969 “
2068 952 2161 982 datur

1363 1003 1465 1043 gratia
1482 1014 1542 1043 qua
1558 1014 1627 1033 eum
1644 1007 1767 1044 tempus
1784 1003 1967 1034 habuerinff'

1386 1054 1637 1090 Praemittuntur.

1321 1118 1348 1136 a.
1367 1105 1495 1136 Notitiae
1512 1106 1579 1136 duze
1596 1106 1633 1136 (le
1650 1106 1762 1136 codicis
1779 1106 2016 1147 possessoribus,
2032 1117 2161 1148 quarum

1385 1157 1496 1193 altera,
1515 1162 1534 1174 ‘⁸
1553 1157 1643 1187 Liber
1663 1157 1732 1187 aule
1749 1157 1850 1187 Exon.
1867 1157 1897 1186 in
1919 1157 2018 1188 Oxon.
2035 1158 2066 1188 in
2082 1168 2162 1188 00111-

1384 1209 1467 1239 11111111
1494 1208 1620 1239 libraria
1645 1208 1782 1249 ejusdem
1806 1212 1837 1238 et
1859 1208 1900 1238 ad
1924 1219 2013 1238 usum
2028 1219 2161 1239 comnm-

1385 1271 1453 1290 nem
1470 1260 1621 1289 sociorum
1642 1259 1755 1289 ibidem
1778 1260 1972 1289 studencium
1995 1259 2161 1290 cathenan-

1384 1311 1441 1340 (lus
1465 1321 1502 1340 ex
1526 1311 1607 1340 dono
1623 1310 1805 1340 venerabilis
1829 1310 1925 1351 patris
1949 1310 2064 1340 domini
2082 1310 2161 1340 Wil-

1383 1362 1463 1393 lclmi
1485 1362 1573 1393 tercii
1595 1361 1729 1402 episcopi
1753 1362 1919 1397 Oicestric3
1945 1362 2049 1392 Oretis
2067 1362 2162 1403 igitur

1385 1424 1440 1454 pro
1456 1413 1562 1443 codem
1576 1417 1607 1443 et
1623 1412 1871 1443 benefactoribus
1887 1412 2024 1453 ejusdem
2039 1423 2075 1443 ac
2089 1412 2163 1443 fide-

1384 1465 1458 1495 lium
1471 1464 1633 1495 animabus
1643 1476 1662 1494 a
1672 1464 1854 1505 purgatorio
1864 1463 2062 1495 liberandis.’'
2078 1464 2097 1494 f.
2110 1475 2119 1494 1
2132 1465 2160 1495 b.

1321 1517 1349 1547 b.
1367 1517 1483 1547 Glossae
1507 1527 1600 1556 super
1616 1516 1848 1546 Sententiarum
1864 1515 1915 1546 lib.
1934 1515 2074 1556 primum.
2099 1516 2118 1546 f.
2133 1526 2161 1546 2.

1426 1567 1525 1608 ‘Incip.
1556 1572 1573 1583 ⁴·
1591 1566 1627 1597 In
1651 1566 1750 1607 primo
1773 1566 1851 1597 libro
1876 1566 2107 1598 Sententiarum
2131 1567 2161 1597 in

1405 1629 1464 1659 quo
1480 1618 1584 1659 agitur
1599 1618 1638 1648 de
1654 1618 1773 1648 rebus.'⁷

1632 1712 1817 1745 XXXIII.

1280 1773 1578 1813 Membranaceus,
1593 1774 1627 1806 in
1647 1773 1740 1814 folio,
1756 1772 1879 1813 ffi169‚
1894 1785 1959 1807 sec.
1972 1774 2054 1815 xiii„
2073 1774 2160 1808 binis

1303 1831 1471 1865 columnis
1489 1836 1660 1865 exaratus.

1323 1891 1508 1932 [Alexandri
1532 1892 1570 1922 de
1594 1891 1692 1922 Hales
1718 1891 1853 1922 Summae
1878 1891 2070 1933 Theologicae
2096 1893 2159 1923 sive

1343 1943 1573 1974 Sententiarum
1590 1943 1667 1973 liber
1682 1943 1827 1985 primus]

1384 1994 1484 2035 Incip.
1503 2000 1520 2011 “
1534 1994 1687 2033 Quoniam
1703 1995 1782 2024 sicut
1799 1994 1874 2025 dicit
1890 1994 2018 2025 Boetius
2036 1994 2067 2024 in
2082 1994 2159 2024 libro

1363 2046 1400 2076 de
1418 2045 1588 2080 Trinitate3
1615 2045 1740 2086 Optime
1755 2044 1873 2075 dictum
1889 2044 2049 2079 videtur?
2071 2048 2106 2075 ut
2129 2044 2159 2074 in

1362 2097 1435 2127 edit.
1454 2097 1592 2138 impress.
1610 2096 1715 2127 Oolon.
1733 2097 1821 2126 1622.

1385 2148 1481 2179 Defic.
1498 2149 1528 2179 in
1545 2160 1610 2190 cap.
1627 2157 1689 2189 520
1712 2147 1824 2184 verbis,
1841 2152 1858 2164 “
1874 2147 1904 2177 in
1929 2158 1990 2188 quo
2011 2147 2087 2178 data
2111 2151 2158 2177 est

1362 2201 1407 2230 vis
1430 2200 1642 2241 regenerativa
1665 2199 1753 2240 aquis
1778 2203 1809 2229 et
1839 2198 1895 2229 hec
1925 2198 1956 2228 in
1986 2198 2086 2239 specie
2108 2210 2157 2228 co-

1362 2253 1483 2283 lumbef'

1384 2303 1539 2333 Przrmisit
1569 2314 1678 2333 manus
1708 2302 1860 2333 recentior
1889 2301 2028 2332 tabulam
2054 2301 2159 2343 alpha-

1364 2353 1505 2384 beticam.

1257 2432 1259 2479 >
1628 2428 1812 2463 XXXIV.

1257 2483 1258 2503 ¹
1279 2493 1499 2533 Chal-tacens,
1528 2494 1562 2526 in
1591 2493 1683 2533 folio,
1713 2492 1747 2525 ff.
1768 2493 1848 2531 104,
1872 2502 1937 2525 sec.
1956 2492 2049 2532 xvii„
2076 2491 2157 2525 olim

1257 2595 1258 2598 Ἴ
1304 2551 1389 2585 liber
1408 2551 1490 2585 Gul.
1512 2551 1649 2590 Levett‚
1667 2549 1772 2586 1676.

1332 2611 1465 2641 Taxatio
1495 2610 1711 2645 ecclesiastica,
1743 2609 1805 2640 sive
1840 2609 2017 2649 Registrum
2045 2608 2157 2639 valoris

1306 2680 1308 2684 ·
1342 2662 1545 2693 rectoriarum
1560 2661 1804 2701 vicariarumque
1828 2660 1858 2690 in
1883 2659 2005 2701 Anglia,
2022 2670 2077 2700 per
2097 2660 2158 2700 epi-

1342 2717 1487 2754 scopatus
1503 2714 1733 2752 decanatusque
1749 2712 1994 2742 distributarum.

1257 2784 1258 2811 3
1385 2764 1563 2805 Sequuntur
1589 2763 1704 2794 tabulae
1730 2763 1797 2793 duae
1824 2761 2039 2798 comitatuum,
2065 2766 2100 2792 ut
2125 2762 2155 2792 in
