2254 3117
315 149 336 183 6
869 144 1167 181 CATALOGUS
1193 145 1427 182 CODICUM
1455 145 1565 180 MSS.

334 250 363 278 5.
384 247 437 277 W.
454 247 508 287 [an
521 245 540 276 J
543 257 570 276 o.
582 243 740 285 Wyeliffe]
755 247 911 274 tractatus
923 244 961 274 de
973 243 1193 276 Incarnatione

399 298 508 334 Verbi,
525 296 669 336 capitulis
684 295 844 326 tredecim.
868 295 920 326 fol.
939 303 1010 334 217.

441 348 538 389 Incip.
562 352 580 364 “
597 346 756 377 Prelibato
782 349 922 377 tractatu
946 346 985 376 de
1005 346 1117 383 anima,
1142 346 1193 388 qui

418 397 662 429 introductorius
678 400 726 427 est
743 401 871 438 propter
893 396 1117 427 incarnacionis
1132 407 1194 427 me-

417 447 574 479 steri11m.”

332 499 359 529 6.
378 498 537 540 [Κοὲ011ἓ]
565 497 763 528 Swineshead
787 498 980 537 Quaestioncs
1002 508 1094 539 super
1119 497 1193 528 Sen-

396 549 530 585 tentias3
555 549 588 580 in
604 549 686 580 calce
701 549 800 580 mutil.
824 549 874 579 fol.
892 558 960 590 235.

436 601 534 643 Incip.
552 605 570 618 “
584 601 701 632 Utrum
716 601 828 642 aliquis
843 601 874 631 in
895 612 966 632 casu
987 612 1025 631 ex
1046 603 1193 642 precepto

415 655 513 696 possit
529 655 659 696 obligari
675 655 716 686 ad
731 655 882 696 aliquid.”

436 707 533 738 Defic.
556 706 588 737 in
610 710 720 748 quaest.
741 715 760 747 5
777 706 890 744 verbis,
911 710 930 724 “
948 710 980 737 et
1000 707 1066 747 ipse
1090 706 1191 737 Abra-

414 759 486 789 ham
502 758 601 789 noluit
617 758 675 789 hoc
691 762 723 789 et
738 758 770 788 in
786 757 860 788 1100ἿὛ

308 905 427 938 Codex
446 904 738 942 membranaceus,
757 903 792 936 111
811 903 894 936 folio
912 902 1041 946 majori,
1061 901 1189 939 11029,

332 974 397 995 sec.
416 974 483 1002 xv„
501 962 590 995 binis
609 961 777 995 columnis
796 964 966 994 exaratus.

350 1024 378 1052 1.
395 1022 516 1053 Tabula
530 1021 727 1063 alphabetica
750 1031 843 1062 super
864 1020 1000 1061 Higdcni
1024 1020 1188 1061 Polychro-

412 1073 511 1103 nicon.
535 1072 587 1102 fol.
604 1081 629 1101 1.

348 1127 377 1155 2.
400 1124 532 1156 Galfridi
558 1123 807 1154 Monemutensis
834 1122 979 1152 Historia
1003 1121 1185 1155 Britonum;

411 1175 594 1206 desideratis
609 1186 698 1216 capp.
712 1183 793 1214 4—7
811 1179 843 1204 et
859 1178 949 1214 parte
964 1172 1074 1203 octavi.
1091 1172 1110 1202 f.
1125 1182 1142 1212 9
1156 1172 1187 1202 b.

454 1226 492 1256 In
508 1226 599 1263 calce,
617 1230 634 1242 “
648 1225 786 1266 Explicit
802 1224 932 1255 historia
947 1223 1154 1254 Brittonum.”

346 1277 548 1318 3.Βαη111ρῐιί
575 1276 711 1317 Higdeni
740 1275 986 1316 Polyclironicon
1012 1274 1097 1304 libris
1122 1285 1187 1315 sep—

409 1333 474 1359 tem
490 1328 764 1369 comprehensum3
789 1337 859 1357 cum
884 1326 1115 1357 continuatione
1138 1337 1188 1356 us-

409 1391 468 1420 que
483 1390 598 1410 annum
619 1388 707 1419 1377-
731 1378 783 1408 fol.
796 1388 846 1418 49.

452 1430 514 1461 Tit.
533 1434 551 1446 “
568 1430 719 1471 Prologus
735 1429 852 1470 primus
877 1429 907 1459 in
929 1428 1090 1459 historiam
1107 1427 1186 1458 Poli-

431 1481 586 1512 cronlca.”

452 1533 504 1563 Ad
520 1543 566 1562 an.
582 1542 661 1573 1344
674 1532 704 1562 in
717 1531 855 1573 margine
871 1535 1013 1562 notatum
1030 1534 1077 1561 est
1094 1534 1112 1547 ‘⁶
1123 1530 1185 1560 Ex-

430 1583 516 1624 plicit
532 1583 608 1613 liber
624 1582 747 1613 Ranulfi
764 1582 905 1613 monachi
923 1582 1094 1612 cestrensis
1105 1582 1131 1618 ;”
1154 1587 1185 1612 et

428 1635 459 1664 in
475 1638 575 1670 textu,
593 1638 610 1650 ⁴·
625 1633 668 1664 Et
691 1633 733 1663 sic
754 1633 822 1664 finit
845 1644 922 1674 opus
939 1632 1095 1674 Ranulphi
1118 1644 1182 1663 mo-

428 1685 519 1716 nachi
536 1684 737 1716 Cest1·e11sis.”

450 1734 585 1766 Praefixa
610 1740 658 1766 est
681 1735 777 1765 codici
800 1734 922 1771 notitia,
940 1746 1033 1766 manu
1055 1735 1183 1766 Henrici

429 1787 544 1823 Petric,
562 1798 629 1827 quae
654 1786 801 1828 sequitur,
820 1790 837 1802 ‘⁴
851 1786 976 1827 Higden
997 1790 1031 1817 to
1048 1788 1088 1817 A.
1107 1797 1181 1827 1342

427 1838 595 1868 continued
619 1842 653 1868 to
679 1839 721 1868 A.
739 1845 825 1877 1377.
879 1837 945 1868 The
968 1837 1182 1868 continuation

428 1891 454 1920 is
476 1889 624 1932 radically
648 1901 683 1920 as
709 1889 776 1920 MS.
794 1889 876 1920 Oriel
902 1890 937 1920 B.
953 1901 982 1931 3.
1000 1902 1017 1930 9
1045 1889 1180 1932 [lxxiV.]‚

426 1943 482 1973 but
504 1942 624 1972 besides
645 1941 739 1982 slight
759 1941 928 1972 variations
943 1942 969 1972 it
988 1942 1045 1972 has
1060 1942 1182 1972 various

427 1993 637 2035 biographical
654 1993 772 2023 uotices
787 1996 840 2023 not
856 1993 886 2022 in
900 1993 970 2023 that
986 1993 1113 2029 edition,
1126 2004 1182 2023 nor

426 2046 457 2075 in
481 2045 535 2076 the
559 2043 773 2075 continuation
797 2044 831 2074 of
856 2043 1032 2074 Murimuth
1058 2044 1181 2084 printed

426 2097 467 2138 by
484 2096 569 2133 Han,
586 2096 684 2126 which
704 2106 774 2136 may
795 2095 833 2125 be
854 2095 1034 2125 considered
1057 2106 1075 2126 a
1096 2095 1181 2126 third

424 2147 543 2188 variety
555 2160 563 2181 ;
587 2147 648 2177 and
662 2146 748 2176 when
764 2145 898 2186 relating
911 2146 964 2177 the
976 2157 1060 2176 same
1076 2150 1182 2177 events

424 2199 449 2229 it
465 2199 490 2230 is
505 2198 596 2229 fuller
611 2197 645 2228 of
657 2197 842 2238 particulars
858 2197 934 2228 than
950 2197 1003 2228 the
1019 2197 1146 2228 latter?

675 2285 801 2320 XVII.

303 2350 600 2387 Membranaceus,
627 2349 661 2381 in
689 2348 783 2388 folio,
802 2348 835 2382 ff.
850 2351 928 2388 135,
948 2360 1016 2381 sec.
1032 2349 1111 2389 xiv.,
1131 2349 1179 2382 bi-

322 2410 372 2441 nis
391 2407 563 2441 columnis
581 2407 670 2440 bene
689 2410 859 2440 exaratus.

342 2471 367 2498 1.
387 2469 515 2499 Thomae
537 2467 575 2497 de
591 2466 783 2502 Chabeham,
809 2465 984 2505 [Cobhann]
1012 2465 1178 2496 subdecani

404 2520 525 2550 Sarum.
542 2518 580 2548 de
597 2516 781 2559 poenitentia
796 2520 828 2547 et
844 2516 949 2546 officiis
965 2516 1179 2547 ecclesiasticis

402 2581 532 2606 summa,
548 2572 666 2610 septem
682 2568 823 2609 partibus
839 2567 1069 2608 comprehensa.
1088 2567 1137 2597 fol.
1152 2577 1177 2598 2.

447 2620 543 2661 Incip.
567 2619 644 2661 prol.
669 2623 687 2635 ‘⁶
703 2618 783 2649 Cum
810 2617 1026 2648 miseraciones
1054 2617 1177 2647 Domini

423 2675 496 2701 sunt
513 2681 605 2712 super
619 2669 722 2700 omnia
738 2680 832 2710 opera
848 2668 942 2709 ejus?

444 2722 540 2763 Incip.
553 2733 625 2763 pars
635 2721 653 2751 i.
663 2726 680 2738 “
689 2721 735 2751 De
749 2719 920 2761 penitentia
933 2719 1026 2760 igitur
1036 2718 1177 2749 (licturi.”

447 2773 551 2803 Desin.
565 2777 582 2790 “
596 2772 645 2803 De
661 2770 833 2814 penitentia
849 2770 932 2801 dicta
948 2769 1129 2800 sufficiant.”

1396 245 1433 275 In
1446 245 1538 281 calce,
1550 248 1568 261 “
1579 243 1717 285 Explicit
1729 255 1849 276 summa
1858 246 1999 288 magistri
2011 247 2129 278 'rhome

1373 296 1411 326 de
1427 295 1639 326 Chebeham.”

1267 349 1296 378 2.
1314 347 1450 377 Libellus
1465 347 1503 377 de
1519 345 1620 387 poenis
1632 347 1816 388 purgatorii,
1827 347 1917 389 vulgo
1933 348 2005 379 dict.
2023 349 2053 379 S.
2068 349 2128 379 Pa-

1331 398 1412 429 tricii
1438 397 1665 438 purgatorium,
1689 398 1804 439 praevia
1832 398 1961 430 Henrici
1986 400 2128 431 monachi

1331 449 1369 479 de
1386 448 1520 479 Salteria
1535 448 1728 489 praefatione.
1751 449 1801 480 fol.
1819 459 1887 482 120.

1373 500 1471 541 Incip.
1489 504 1506 516 “
1520 499 1539 530 J
1542 500 1671 537 ussistis,
1688 504 1779 541 pater
1799 501 1981 539 venerande,
1998 506 2034 532 ut
2056 503 2128 533 scri-

1353 554 1441 591 ptum
1456 551 1544 582 vobis
1559 551 1748 582 mitterem.”

1373 602 1489 633 Exstat
1510 602 1542 632 in
1562 602 1664 633 Triad.
1682 602 1908 644 Thaumaturg.
1927 603 1975 634 ed.
1999 603 2125 644 Colgan.

1351 653 1398 683 ed.
1416 654 1505 692 1647,
1522 657 1597 684 tom.
1612 653 1643 684 ii.
1660 665 1690 695 p.
1705 663 1775 694 274.

1372 703 1410 734 In
1426 704 1517 742 calce,
1536 709 1553 721 “
1567 704 1704 746 Explicit
1719 704 1840 736 libellus
1855 704 1894 735 de
1908 704 1995 746 penis
2015 715 2127 746 purga-

1350 755 1470 786 toriis.”

1264 808 1293 837 3.
1308 806 1356 836 De
1371 806 1517 848 progenie
1532 806 1650 838 Christi
1666 818 1704 837 ex
1720 810 1810 848 parte
1822 807 1932 838 matris
1948 807 2125 848 capitulum.

1327 858 1378 889 fol.
1396 868 1465 899 132.

1371 910 1408 940 In
1432 910 1514 941 calce
1537 914 1609 941 sunt
1629 921 1735 941 versus
1756 921 1811 941 sex
1823 910 1862 941 de
1885 910 1995 941 Mariis
2015 911 2125 947 tribus,

1348 961 1438 1002 incip.

1306 1017 1326 1030 ‘⁴
1340 1013 1434 1044 Anna
1449 1012 1527 1043 solet
1543 1012 1603 1043 dici
1619 1016 1683 1043 tres
1699 1013 1874 1054 concepisse
1891 1013 2040 1044 Marias?

1369 1068 1548 1110 Sequuntur
1563 1069 1615 1099 alii
1632 1069 1786 1110 quinque3
1809 1069 1901 1110 incip.

1307 1124 1324 1137 ‘⁴
1338 1120 1396 1151 Est
1412 1120 1493 1150 ratio
1510 1131 1565 1150 cur
1579 1131 1652 1161 pars
1668 1119 1777 1151 altaris
1793 1120 1923 1151 dextera
1938 1119 2058 1150 misse.''

1263 1178 1290 1206 4.
1309 1175 1489 1206 Aristotelis
1506 1174 1637 1216 epistola
1649 1175 1689 1205 ad
1702 1174 1919 1206 Alexandrum
1934 1175 1972 1206 de
1988 1175 2124 1206 sanitate

1326 1226 1486 1257 servanda.
1510 1225 1562 1256 fol.
1579 1235 1636 1266 132
1654 1226 1684 1257 b.

1368 1278 1406 1308 ln
1423 1278 1505 1308 calce
1520 1281 1686 1308 occurrunt
1699 1288 1805 1308 versus
1817 1288 1870 1308 sex
1883 1276 2014 1312 leonini;
2032 1277 2122 1318 incip.

1285 1332 1303 1347 “
1318 1329 1388 1360 Hoc
1403 1340 1480 1370 opus
1496 1329 1641 1370 exiguum
1656 1328 1721 1370 regi
1737 1328 1880 1369 princeps
1895 1328 2113 1359 medicorum.”

1262 1387 1291 1415 5.
1308 1385 1394 1415 Ordo
1409 1385 1449 1416 ad
1464 1384 1706 1415 benedicendam
1726 1394 1864 1414 mensam
1880 1395 1935 1425 per
1950 1387 2053 1415 totum
2069 1395 2123 1415 an-

1324 1447 1397 1467 num
1408 1436 1575 1466 secundum
1586 1435 1820 1476 congruentiam
1830 1435 2013 1476 temporis.s.
2028 1445 2086 1476 134
2093 1435 2122 1465 b.

1368 1488 1406 1519 In
1429 1488 1519 1519 initio
1542 1487 1656 1518 codicis
1672 1487 1782 1518 charta
1798 1491 1845 1518 est
1860 1487 1892 1518 J.
1909 1487 1947 1518 de
1963 1487 1997 1518 C.
2015 1487 2046 1517 in
2062 1498 2124 1528 qua

1345 1539 1462 1580 obligat
1487 1550 1519 1569 se
1544 1538 1659 1569 solvere
1675 1538 1731 1568 W.
1756 1539 1794 1569 (10
1811 1538 1851 1568 V.
1875 1549 1930 1569 sex
1955 1542 2123 1579 quaternos

1343 1591 1489 1626 frumenti
1506 1591 1544 1621 (10
1563 1590 1709 1621 maneriis
1730 1590 1792 1621 suis
1808 1590 1847 1621 de
1863 1590 2014 1621 Caundon
2029 1593 2062 1620 et
2084 1589 2122 1620 de

1345 1642 1539 1683 W'akeryng‚
1557 1653 1601 1672 co.
1620 1641 1729 1672 Essex.

1608 1760 1755 1795 XVIII.

1236 1832 1356 1865 Codex
1379 1831 1672 1871 membranaceus,
1695 1832 1731 1864 in
1758 1831 1841 1865 folio
1863 1831 1994 1875 majori,
2014 1831 2047 1865 ff.
2063 1833 2119 1871 82,

1261 1901 1325 1923 sec.
1345 1901 1411 1929 xv„
1434 1889 1522 1923 binis
1540 1889 1710 1923 columnis
1727 1894 1898 1923 exaratus.

1277 1950 1432 1980 Johannis
1448 1949 1598 1986 Cassiani,
1615 1949 1763 1987 eremitae,
1782 1949 1962 1980 collationes
1985 1949 2040 1980 SS.
2060 1949 2120 1979 Pa-

1299 2009 1382 2033 trum
1398 2001 1504 2043 viginti
1520 2005 1664 2042 quatuor,
1680 2001 1711 2030 in
1727 2004 1833 2042 partes
1848 2004 1913 2031 tres
1932 2000 2117 2031 distributae.

1341 2053 1405 2084 Tit.
1429 2053 1448 2083 i.
1471 2057 1488 2069 “
1504 2052 1621 2093 Incipit
1644 2052 1780 2093 prefacio
1804 2052 1957 2082 Johannis
1979 2051 2119 2082 Eremite

1320 2105 1350 2134 in
1367 2105 1472 2135 decem
1487 2103 1707 2134 collacionibus
1722 2103 1816 2134 missa
1831 2103 1871 2134 ad
1890 2114 2004 2144 papam
2021 2102 2120 2133 Leon-

1320 2156 1411 2193 cium,
1428 2160 1460 2186 et
1477 2154 1632 2185 Elladium
1649 2154 1778 2185 fratrem
1794 2153 2020 2185 kal-issimum.”

1342 2207 1406 2237 Tit.
1423 2206 1525 2237 collat.
1541 2206 1583 2236 xi.
1607 2205 1669 2247 [fol.
1686 2205 1748 2246 32]
1767 2209 1784 2222 ‘⁴
1798 2205 1860 2235 Hic
1882 2204 1990 2246 incipit
2011 2215 2117 2235 secun-

1319 2259 1393 2289 dum
1409 2269 1486 2299 opus
1507 2257 1669 2287 continens
1692 2256 1875 2287 collaciones
1892 2255 2064 2297 quatuor;”
2086 2259 2118 2285 et

1288 2340 1296 2347 ⁴
1318 2310 1349 2340 in
1364 2309 1446 2340 calce
1462 2308 1564 2339 collat.
1581 2308 1640 2338 xiv.
1655 2312 1675 2325 “
1693 2307 1829 2348 Explicit
1852 2318 1929 2348 opus
1950 2306 2117 2337 secundum

1318 2361 1356 2391 de
1373 2359 1589 2390 collaeionibus
1605 2363 1729 2400 patrum
1753 2358 1913 2389 continens
1936 2358 2117 2388 collaciones

1318 2412 1483 2453 quatuor.'’

1340 2463 1477 2493 Exstant
1496 2462 1635 2503 impress.
1652 2461 1735 2492 inter
1750 2460 1888 2492 Cassiani
1909 2471 2015 2501 opera,
2032 2459 2115 2500 Lips.

1324 2526 1329 2544 1
1362 2528 1365 2533 s
1384 2530 1386 2533 v
1451 2539 1457 2545 .
1473 2523 1507 2544 21
1536 2538 1542 2544 .

1339 2525 1484 2602 1113011100,
1502 2524 1583 2595 x5xiv.
1601 2567 1618 2581 ‘⁴
1637 2562 1776 2604 Explicit
1798 2561 1944 2593 notabilis
1968 2561 2018 2591 ille
2038 2561 2116 2591 liber

1316 2615 1589 2658 contemplacionis
1605 2615 1788 2651 divinorum,
1803 2614 1855 2654 qui
1870 2617 2000 2644 vocatur
2014 2612 2114 2643 Colla-

1302 2669 1416 2699 *aiones
1440 2667 1572 2698 Patrum
1593 2670 1624 2696 et
1647 2665 1786 2696 continet
1801 2664 1834 2695 in
1850 2668 1918 2695 toto
1934 2663 2032 2704 xxiiij.
2049 2663 2112 2693 col—

1314 2719 1466 2754 laciones;
1493 2718 1563 2748 Deo
1578 2716 1732 2758 gracias.”

1336 2769 1483 2811 Sequitur
1492 2769 1568 2800 ordo
1575 2768 1771 2799 collationum
1781 2770 2002 2806 auctorumque
2010 2764 2111 2795 index.
