2254 3117
789 151 1028 185 COLLEGII
1058 153 1199 188 NOVI.
1861 161 1906 195 47

220 250 328 276 nostro
344 245 443 276 Jhesu
460 246 594 283 Christo,
608 258 675 277 cum
693 259 754 288 quo
771 248 859 278 Patri
875 248 974 287 gloria

219 308 282 327 una
297 308 365 327 cum
383 297 502 337 Spiritu
520 298 646 335 Sancto,
663 298 834 340 imperium,
847 299 974 329 honor.”

219 356 279 379 etc.

243 401 281 430 In
297 400 389 437 ealce,
409 406 427 416 “
441 401 622 442 Explieiunt
645 412 801 431 sermones
819 401 974 431 Johannis

219 451 402 482 Crisostomi
416 452 754 493 Constantinopolitani
770 452 913 493 episcopi.
925 464 973 482 su-

220 513 275 543 per
298 503 430 543 epistola
454 503 538 534 beati
565 503 654 534 Pauli
680 503 813 544 apostoli
840 503 879 533 ad
910 503 972 533 lle-

219 554 339 584 breos.”

134 611 162 640 3.
182 609 330 650 Ejusdem
357 609 514 640 Johannis
543 609 573 639 in
605 609 634 639 S.
661 609 809 640 Matthaei
840 609 974 650 evangel.

197 671 286 700 capp.
304 660 367 689 xix.
389 671 416 690 v.
436 671 443 689 1
472 659 512 690 ad
536 670 602 700 cap.
619 659 703 689 xxiii.
724 671 750 689 v.
767 661 806 700 38
829 659 975 689 inclusive

197 711 456 747 eonnnentarius3
480 711 598 741 Latine.
625 710 675 740 fol.
695 713 761 750 167.

241 762 303 792 Tit.
339 762 531 802 “Incipiunt
555 761 664 792 omelie
691 762 846 792 Johannis
873 762 974 793 Crisc-

219 813 311 844 stomi
328 813 358 842 in
375 813 567 853 evangelium
585 812 739 843 Matheif'

240 863 339 904 Incip.
358 863 445 904 praef.
471 869 488 877 “
503 863 662 902 Quantum
682 875 836 905 quamque
851 869 975 906 gratum

219 919 249 944 et
282 914 357 944 utile
393 914 433 944 sit
463 914 579 944 bonum
610 919 641 945 et
672 915 878 947 ecclesiastice
907 917 975 957 paci

219 977 311 1007 quam
328 965 473 1007 flagranti
491 970 522 996 et
538 965 670 996 sollicito
687 967 821 997 ainol·e.”

242 1018 339 1059 Incip.
352 1028 430 1048 com.
443 1017 647 1058 “Capitulum
661 1018 795 1048 clxxxix.
810 1019 973 1059 Etfaclmn

219 1074 258 1099 est
281 1080 346 1099 cam
369 1074 590 1099 consummasset
605 1069 712 1099 Jleesas
735 1081 876 1100 sermones
900 1071 974 1101 istos.

220 1121 324 1160 Quos?
349 1120 444 1157 Istos,
460 1131 537 1161 quos
553 1121 694 1162 superius
706 1127 751 1152 est
770 1121 976 1162 p1·elocutuS.”

241 1172 416 1202 Distinctus
437 1177 485 1202 est
506 1176 671 1202 comment.
691 1173 749 1203 iste
772 1173 801 1202 in
823 1173 976 1204 sectiones

219 1223 330 1264 plures,
354 1234 422 1264 quae
444 1228 648 1254 numerantur
664 1223 975 1255 clxxxix—ccxxxix.
1007 1227 1008 1231 ’

219 1275 373 1305 inclusive.

240 1326 348 1357 Desin.
370 1337 474 1367 expos.
501 1326 532 1356 in
554 1337 630 1357 vers.
648 1327 698 1367 38,
721 1338 788 1368 cap.
805 1328 889 1358 xxiii.
914 1333 976 1358 “et

218 1383 341 1419 partem
372 1378 495 1419 quidem
526 1389 633 1408 eorum
669 1379 803 1410 comedit
834 1380 914 1410 fame
945 1385 977 1410 et

218 1429 322 1470 gladio
345 1429 396 1460 alii
426 1433 532 1460 autem
557 1441 612 1470 per
639 1430 776 1471 singulas
802 1431 977 1472 provincias

218 1480 348 1522 dispersi
365 1485 437 1511 sunt
454 1481 504 1511 ubi
522 1481 688 1522 pe1·irent.”

134 1547 162 1575 4.
181 1544 211 1575 S.
228 1544 339 1574 Leonis
353 1544 449 1585 Papae
464 1544 488 1574 l.
507 1544 627 1585 Magni,
646 1545 810 1576 Sermones
826 1545 975 1587 quinqua—

197 1596 285 1637 ginta
301 1607 354 1625 sex
370 1596 408 1626 de
424 1596 562 1626 diversis.
585 1596 635 1626 fol.
651 1607 720 1627 201.

242 1647 305 1678 Tit.
333 1647 476 1688 “Incipit
500 1647 577 1677 liber
598 1659 774 1678 sermonum
798 1648 881 1679 beati
900 1648 976 1678 Leo·
1007 1662 1008 1681 1

220 1699 267 1728 nis
283 1699 390 1740 pape.''

242 1750 319 1780 Tres
342 1749 461 1790 priores
479 1754 577 1790 agunt
595 1756 613 1764 “
625 1750 662 1780 de
679 1750 875 1781 ordinatione
891 1751 977 1788 sua‚”

220 1804 252 1830 et
267 1804 393 1830 exstant
409 1799 547 1840 impress.
565 1799 647 1830 inter
668 1811 772 1842 opera,
790 1801 863 1832 edit.
881 1802 976 1840 Ques·
1007 1827 1009 1849 1

221 1851 279 1882 nel.
297 1856 372 1882 tom.
388 1851 408 1881 i.
425 1863 454 1892 p.
474 1861 539 1881 101.

243 1903 304 1934 Sex
320 1903 420 1934 ultimi
437 1908 509 1934 sunt
525 1903 563 1933 de
575 1903 694 1944 jejunio
713 1905 835 1946 septimi
853 1907 975 1941 mensis,
1008 1921 1009 1926 ¹

221 1962 252 1986 et
269 1960 395 1986 exstant
412 1955 442 1985 in
459 1955 532 1985 edit.
551 1955 591 1986 eit
622 1960 696 1986 tom.
711 1956 729 1986 i.
749 1968 776 1997 p.
791 1966 862 1998 347.

201 2071 321 2102 Euticis
344 2071 446 2102 dictus
472 2071 503 2101 in
529 2071 656 2102 basilica
679 2079 785 2102 sancte
809 2073 977 2104 Anastasie

200 2122 355 2163 virginis.''
378 2122 429 2153 fol.
444 2133 504 2161 240
517 2123 546 2153 b.

243 2173 359 2204 Exstat
375 2173 449 2204 ibid.
466 2179 541 2205 tom.
555 2174 572 2204 i.
590 2186 621 2214 p.
634 2176 706 2215 367.

137 2237 164 2268 6.
183 2237 330 2278 Ejusdem
344 2238 475 2279 epistola
487 2239 526 2269 ad
539 2239 700 2270 Julianum
716 2239 894 2280 episcopum
906 2251 976 2270 con-

200 2295 250 2320 tra
267 2290 435 2330 Eutycenae
452 2290 623 2331 impietatis
638 2301 784 2321 errorem.
808 2290 860 2320 fol.
876 2301 945 2329 241.

246 2342 343 2383 Incip.
368 2348 385 2357 ‘¹
399 2342 552 2381 Quoniam
568 2342 674 2373 Sancti
692 2342 856 2383 Spiritus?

138 2406 166 2435 7.
184 2404 333 2445 Ejusdem
359 2405 490 2446 epistola
513 2405 553 2435 ad
578 2405 773 2436 Pulcheriam
799 2407 976 2447 Augustam

200 2456 238 2485 de
261 2455 321 2485 hiis
344 2456 425 2486 unde
450 2467 544 2497 supra
567 2461 598 2487 et
619 2457 659 2487 ad
683 2456 891 2487 Theodosium
912 2458 976 2487 Au-

200 2511 335 2548 gustum.
359 2507 410 2537 fol.
426 2518 481 2546 24¹
501 2508 529 2538 b.

244 2558 323 2588 Ibid.
341 2566 416 2589 tom.
430 2559 449 2589 i.
467 2570 494 2600 p.
507 2560 582 2598 489.

138 2623 165 2652 8.
185 2622 332 2662 Ejusdem
353 2623 484 2664 epistola
504 2623 544 2653 ad
562 2623 751 2664 Ephesinam
774 2623 923 2663 synodum
946 2623 976 2653 in

201 2685 262 2714 qua
288 2679 493 2715 congregatos
517 2679 664 2715 provocat
691 2674 852 2715 episcopos
880 2674 976 2715 Euty-

201 2725 299 2756 chetis
313 2725 523 2767 blasphemias
539 2725 754 2755 condemnare.
779 2725 830 2755 fol.
845 2734 914 2760 242.

245 2775 324 2806 Ibid.
341 2780 416 2806 tom.
430 2776 449 2806 i.
466 2787 495 2817 p.
508 2785 581 2816 493.

136 2019 350 2050 o.Tractat11s
374 2020 512 2060 ejusdem
539 2020 654 2051 Leonis
681 2026 820 2052 “contra
845 2022 976 2052 heresim
1008 2044 1009 2054 1

1071 253 1100 282 9.
1118 251 1263 291 Ejusdem
1281 253 1412 294 epistola
1432 255 1471 284 ad
1494 254 1607 285 clerum
1629 266 1665 286 ac
1684 255 1803 296 plebem
1823 257 1907 286 urbis

1135 303 1497 346 Constantinopolitanw.
1522 306 1572 336 fol.
1589 316 1647 346 242
1661 307 1690 337 b.

1180 355 1275 396 Incip.
1295 361 1312 372 ‘⁸
1326 356 1433 387 Deitas
1451 357 1553 386 Verbi.

1051 421 1100 450 10.
1119 421 1267 461 Ejusdem
1283 424 1414 464 epistola
1431 425 1470 455 ad
1492 425 1622 455 Leonem
1640 426 1828 467 Augustum.
1854 427 1906 456 fol.

1137 481 1206 513 243.

1178 523 1260 554 Ibid.
1278 530 1353 555 tom.
1368 526 1385 556 i.
1403 537 1431 567 p.
1446 527 1516 565 698.

1052 589 1100 619 11.
1118 589 1149 619 S.
1161 591 1325 631 Augustini
1342 604 1388 633 ep.
1405 593 1615 634 Hipponensis
1631 606 1787 625 sermones
1803 606 1857 625 sex
1871 595 1908 624 ‹h-

1137 642 1300 673 nativitate
1318 643 1454 674 Domini.
1476 645 1526 675 fol.
1542 655 1612 685 245.

1180 694 1302 724 Extant
1329 695 1467 736 impl-ess.
1493 703 1627 737 quatuor
1653 697 1714 726 scil.
1735 697 1754 727 i.
1776 697 1805 726 ii.
1829 697 1863 726 iv.
1883 709 1908 726 v.

1157 744 1187 774 in
1216 745 1363 776 Biblioth.
1391 746 1507 778 Homil.
1547 748 1644 789 Lugd.
1667 748 1756 789 1588.
1781 760 1831 789 pp.
1853 759 1908 788 139

1158 807 1232 836 seq.q
1253 807 1316 837 ¹43-
1337 799 1401 828 161.

1180 847 1277 888 Incip.
1292 860 1392 879 sermo
1409 850 1531 886 tertius,
1545 856 1561 865 “
1575 851 1838 881 Ohuueutissimus
1852 851 1909 880 Pa-

1158 903 1216 933 ter,
1234 900 1428 940 omnipotens
1446 900 1540 935 Deus,
1558 913 1626 931 eum
1640 902 1787 932 ‹Iolci-ets*

1182 950 1279 991 Incip.
1298 956 1413 986 sextus,
1433 958 1449 965 ‘⁴
1464 952 1648 982 Audivimus
1664 952 1879 993 1‘›1·ophetam.''

1387 1091 1562 1124 CXXXI.

1031 1160 1151 1194 Codex
1170 1161 1463 1199 membranaceus.
1484 1162 1516 1193 in
1533 1161 1614 1194 folio
1629 1162 1762 1201 minori,
1778 1162 1811 1195 ff.
1830 1165 1910 1197 155.

1056 1231 1122 1253 see.
1138 1230 1194 1252 xv.
1214 1220 1386 1259 ineuntis3
1417 1220 1526 1252 nitide
1545 1225 1714 1253 exaratus.

1075 1293 1102 1321 1.
1119 1291 1149 1321 S.
1175 1292 1321 1333 Cypriani
1353 1291 1504 1332 Epistolae
1540 1292 1579 1322 ad
1615 1292 1761 1328 diversos,
1793 1298 1824 1322 et
1853 1293 1913 1322 alia

1138 1343 1302 1383 opuscula;
1329 1343 1456 1379 scilicet,

1095 1405 1122 1425 a.
1141 1394 1290 1435 Epistola.²
1307 1394 1450 1435 quinque.
1475 1393 1527 1424 fol.
1546 1404 1570 1424 ι.

1202 1445 1264 1475 Tit.
1276 1444 1327 1474 lib.
1344 1451 1362 1460 “
1376 1445 1491 1485 Incipit
1505 1444 1582 1474 liber
1594 1444 1795 1485 epistolarum
1808 1445 1912 1475 Sancti

1180 1496 1358 1537 Cypriani.”

1202 1547 1327 1576 Extant
1345 1546 1483 1587 impress.
1502 1546 1531 1576 in
1548 1546 1621 1576 edit.
1640 1546 1716 1581 Fell,
1735 1547 1791 1577 sub
1808 1558 1912 1577 nume-

1178 1597 1231 1632 ris,
1248 1597 1325 1628 lxiii.
1341 1596 1382 1627 lv.
1399 1598 1438 1627 vi.
1456 1597 1565 1627 xxviii.
1581 1597 1692 1628 xxxix.

1094 1657 1122 1687 b.
1140 1657 1200 1698 [De
1216 1656 1307 1686 laude
1323 1657 1463 1697 martyrii
1480 1657 1620 1698 libellus]
1644 1657 1695 1688 fol.
1714 1658 1759 1688 18.

1203 1709 1343 1739 Exstant
1359 1708 1431 1738 ibid.
1450 1709 1480 1738 iu
1499 1710 1582 1749 App.
1599 1720 1627 1749 p.
1644 1711 1670 1738 S.

1096 1780 1121 1799 c.
1140 1768 1289 1810 Epistolae
1305 1768 1374 1798 alive
1390 1779 1499 1798 novem
1515 1769 1555 1798 ad
1573 1768 1719 1799 diversos.
1743 1769 1794 1799 fol.
1812 1772 1860 1799 26.

1205 1819 1283 1850 Ibid.
1301 1831 1369 1860 epp.
1388 1831 1418 1849 x.
1432 1819 1474 1849 xi.
1487 1819 1585 1849 xlviii.
1599 1820 1709 1850 xxxix.
1723 1820 1799 1850 lviii.
1817 1820 1914 1850 lxxvi.

1180 1871 1281 1900 lxxiii.
1298 1870 1375 1901 lxxi.
1392 1870 1457 1900 lxx.

1093 1933 1121 1962 d.
1139 1931 1309 1963 Concilium
1321 1931 1575 1972 Carthaginense.
1590 1933 1628 1962 de
1644 1932 1838 1972 baptizandis
1855 1932 1913 1961 ha·-

1159 1983 1272 2013 reticis.
1298 1982 1350 2012 fol.
1365 1992 1403 2020 47
1418 1983 1448 2012 b.

1202 2033 1264 2063 Tit.
1289 2039 1307 2047 “
1320 2033 1409 2071 Quod
1426 2032 1575 2073 baptizati
1592 2032 1631 2062 ab
1648 2032 1790 2062 hereticis
1808 2032 1913 2072 rebap-

1180 2083 1268 2113 tizari
1285 2094 1304 2113 a
1319 2083 1479 2113 catholicis
1495 2083 1660 2113 debea11t.”

1203 2134 1284 2164 Ibid.
1303 2146 1332 2175 p.
1348 2144 1385 2165 22
1415 2158 1419 2162 ,

1095 2205 1121 2224 e.
1140 2193 1290 2235 Epistolae
1306 2193 1374 2223 aliae
1390 2193 1499 2234 viginti
1517 2204 1580 2223 sex.
1605 2192 1655 2222 fol.
1668 2202 1719 2232 54.

1201 2244 1282 2274 Ibid.
1300 2255 1369 2285 epp.
1386 2244 1484 2274 lxxiv.
1500 2243 1576 2273 lxix.
1594 2243 1635 2272 xl.
1650 2242 1723 2272 lxiv.
1738 2242 1769 2272 ii.
1788 2242 1829 2272 lx.
1847 2243 1910 2273 lvii.

1180 2296 1234 2326 liX.
1263 2296 1307 2326 lii.
1335 2296 1421 2326 xlvii.
1449 2296 1514 2325 xlv.
1541 2295 1616 2325 xliV.
1643 2294 1672 2324 li.
1699 2294 1765 2323 xiii.
1790 2294 1910 2325 lxxviii.

1179 2347 1276 2377 lxxix.
1295 2348 1314 2377 i.
1330 2347 1385 2378 lxi.
1402 2347 1475 2377 xlvi.
1494 2347 1567 2376 lxvi.
1591 2346 1642 2376 liv.
1660 2345 1768 2375 xxviii.
1787 2357 1838 2375 xx.
1856 2347 1910 2376 xii.

1179 2410 1254 2429 xxx.
1272 2398 1313 2429 iv.

1099 2459 1119 2488 f.
1137 2458 1187 2489 De
1204 2458 1356 2489 idolorum
1372 2458 1520 2488 vanitate.
1547 2457 1596 2487 sol.
1610 2467 1659 2497 99.

1201 2509 1263 2540 Tit.
1286 2516 1303 2524 “
1317 2510 1492 2550 Cyprianus
1512 2509 1549 2538 de
1565 2508 1681 2548 origine
1700 2511 1732 2538 et
1747 2508 1911 2548 generibus

1178 2561 1340 2601 ydolorum
1356 2565 1387 2591 et
1404 2561 1441 2590 dc
1456 2571 1526 2590 vero
1543 2559 1641 2589 Deo.”

1202 2613 1283 2642 Ibid.
1299 2624 1328 2653 p.
1346 2622 1391 2642 11.

1115 2698 1121 2703 .
1140 2673 1325 2715 [Traetatus
1348 2672 1495 2702 adversus
1520 2670 1654 2706 Judaeos,
1681 2671 1731 2711 qui
1753 2671 1910 2702 Christum

1158 2723 1287 2754 insecuti
1305 2726 1385 2757 sunt.
1403 2725 1531 2752 auctore
1548 2721 1693 2763 incerto]
1719 2721 1770 2751 fol.
1789 2731 1856 2753 102.

1202 2774 1284 2804 Ibid.
1301 2774 1332 2803 in
1349 2774 1433 2813 App.
1451 2778 1532 2813 part.
1546 2772 1585 2802 iii.
1604 2784 1631 2813 p.
1645 2782 1696 2812 32.

1092 2685 1112 2715 g
