<?xml version="1.0" encoding="UTF-8"?>
<!DOCTYPE html PUBLIC "-//W3C//DTD XHTML 1.0 Transitional//EN"
    "http://www.w3.org/TR/xhtml1/DTD/xhtml1-transitional.dtd">
<html xmlns="http://www.w3.org/1999/xhtml" xml:lang="en" lang="en">
 <head>
  <title>
</title>
<meta http-equiv="Content-Type" content="text/html;charset=utf-8" />
  <meta name='ocr-system' content='tesseract 3.04.00' />
  <meta name='ocr-capabilities' content='ocr_page ocr_carea ocr_par ocr_line ocrx_word'/>
</head>
<body>
  <div class='ocr_page' id='page_1' title='image "./cataloguscodicum01coxeuoft_0249.png"; bbox 0 0 2254 3117; ppageno 0'>
   <div class='ocr_carea' id='block_1_1' title="bbox 646 158 1873 205">
    <p class='ocr_par' dir='ltr' id='par_1_1' title="bbox 646 158 1873 205">
     <span class='ocr_line' id='line_1_1' title="bbox 646 158 1873 205; baseline 0.002 -12"><span class='ocrx_word' id='word_1_1' title='bbox 646 159 885 193; x_wconf 84' lang='lat' dir='ltr'>COLLEGII</span> <span class='ocrx_word' id='word_1_2' title='bbox 913 158 1289 196; x_wconf 77' lang='lat' dir='ltr'>MERTONENSIS.</span> <span class='ocrx_word' id='word_1_3' title='bbox 1828 171 1873 205; x_wconf 78' lang='lat'>49</span> 
     </span>
    </p>
   </div>
   <div class='ocr_carea' id='block_1_2' title="bbox 107 257 934 1418">
    <p class='ocr_par' dir='ltr' id='par_1_2' title="bbox 107 257 934 646">
     <span class='ocr_line' id='line_1_2' title="bbox 113 257 934 298; baseline 0 -10"><span class='ocrx_word' id='word_1_4' title='bbox 113 261 198 288; x_wconf 82' lang='lat' dir='ltr'>tatus</span> <span class='ocrx_word' id='word_1_5' title='bbox 205 257 243 288; x_wconf 83' lang='grc'>(10</span> <span class='ocrx_word' id='word_1_6' title='bbox 250 257 378 288; x_wconf 80' lang='lat' dir='ltr'>(liversis</span> <span class='ocrx_word' id='word_1_7' title='bbox 388 258 525 288; x_wconf 79' lang='lat' dir='ltr'>materiis</span> <span class='ocrx_word' id='word_1_8' title='bbox 532 257 771 298; x_wconf 81' lang='lat' dir='ltr'>predicabilibus</span> <span class='ocrx_word' id='word_1_9' title='bbox 781 258 934 289; x_wconf 82' lang='lat' dir='ltr'>ordinatis</span> 
     </span>
     <span class='ocr_line' id='line_1_3' title="bbox 110 309 934 350; baseline 0.002 -12"><span class='ocrx_word' id='word_1_10' title='bbox 110 314 141 338; x_wconf 80' lang='lat' dir='ltr'>et</span> <span class='ocrx_word' id='word_1_11' title='bbox 166 309 322 339; x_wconf 76' lang='lat' dir='ltr'>distinctis</span> <span class='ocrx_word' id='word_1_12' title='bbox 346 310 375 339; x_wconf 89' lang='lat' dir='ltr'>in</span> <span class='ocrx_word' id='word_1_13' title='bbox 393 309 441 350; x_wconf 80' lang='lat' dir='ltr'>vij.</span> <span class='ocrx_word' id='word_1_14' title='bbox 463 314 569 350; x_wconf 74' lang='lat' dir='ltr'>partes</span> <span class='ocrx_word' id='word_1_15' title='bbox 592 310 761 340; x_wconf 85' lang='lat' dir='ltr'>secundum</span> <span class='ocrx_word' id='word_1_16' title='bbox 777 310 828 340; x_wconf 84' lang='lat' dir='ltr'>vii.</span> <span class='ocrx_word' id='word_1_17' title='bbox 852 310 934 340; x_wconf 92' lang='lat' dir='ltr'>dona</span> 
     </span>
     <span class='ocr_line' id='line_1_4' title="bbox 112 360 934 401; baseline 0.004 -13"><span class='ocrx_word' id='word_1_18' title='bbox 112 360 247 400; x_wconf 76' lang='lat' dir='ltr'>Spiritus</span> <span class='ocrx_word' id='word_1_19' title='bbox 263 360 369 391; x_wconf 71' lang='lat' dir='ltr'>Sancti</span> <span class='ocrx_word' id='word_1_20' title='bbox 394 364 423 391; x_wconf 87' lang='lat' dir='ltr'>et</span> <span class='ocrx_word' id='word_1_21' title='bbox 448 372 555 391; x_wconf 89' lang='lat' dir='ltr'>eorum</span> <span class='ocrx_word' id='word_1_22' title='bbox 579 360 715 397; x_wconf 80' lang='lat' dir='ltr'>effectus,</span> <span class='ocrx_word' id='word_1_23' title='bbox 732 372 859 391; x_wconf 85' lang='lat' dir='ltr'>currens</span> <span class='ocrx_word' id='word_1_24' title='bbox 878 372 934 401; x_wconf 87' lang='lat' dir='ltr'>pcr</span> 
     </span>
     <span class='ocr_line' id='line_1_5' title="bbox 110 411 931 452; baseline 0.002 -11"><span class='ocrx_word' id='word_1_25' title='bbox 110 411 309 442; x_wconf 82' lang='lat' dir='ltr'>diffinitiones</span> <span class='ocrx_word' id='word_1_26' title='bbox 330 412 530 442; x_wconf 82' lang='lat' dir='ltr'>materiarum</span> <span class='ocrx_word' id='word_1_27' title='bbox 551 423 607 452; x_wconf 90' lang='lat' dir='ltr'>pcr</span> <span class='ocrx_word' id='word_1_28' title='bbox 621 423 731 442; x_wconf 77' lang='lat' dir='ltr'>causas</span> <span class='ocrx_word' id='word_1_29' title='bbox 748 416 779 443; x_wconf 85' lang='lat' dir='ltr'>ct</span> <span class='ocrx_word' id='word_1_30' title='bbox 795 412 931 449; x_wconf 70' lang='lat' dir='ltr'>effectus,</span> 
     </span>
     <span class='ocr_line' id='line_1_6' title="bbox 108 463 932 494; baseline 0.001 -2"><span class='ocrx_word' id='word_1_31' title='bbox 108 463 242 493; x_wconf 76' lang='lat' dir='ltr'>refertus</span> <span class='ocrx_word' id='word_1_32' title='bbox 265 463 508 493; x_wconf 80' lang='lat' dir='ltr'>auctoritatibus</span> <span class='ocrx_word' id='word_1_33' title='bbox 531 467 562 493; x_wconf 83' lang='lat' dir='ltr'>et</span> <span class='ocrx_word' id='word_1_34' title='bbox 585 463 761 493; x_wconf 84' lang='lat' dir='ltr'>rationibus</span> <span class='ocrx_word' id='word_1_35' title='bbox 781 466 813 494; x_wconf 88' lang='lat' dir='ltr'>et</span> <span class='ocrx_word' id='word_1_36' title='bbox 830 475 932 494; x_wconf 84' lang='lat' dir='ltr'>exem-</span> 
     </span>
     <span class='ocr_line' id='line_1_7' title="bbox 109 512 932 555; baseline 0.005 -13"><span class='ocrx_word' id='word_1_37' title='bbox 109 513 167 553; x_wconf 78' lang='lat' dir='ltr'>plis</span> <span class='ocrx_word' id='word_1_38' title='bbox 201 513 329 543; x_wconf 78' lang='lat' dir='ltr'>(liversis</span> <span class='ocrx_word' id='word_1_39' title='bbox 364 513 405 544; x_wconf 79' lang='lat' dir='ltr'>ad</span> <span class='ocrx_word' id='word_1_40' title='bbox 440 512 668 544; x_wconf 82' lang='lat' dir='ltr'>edificationem</span> <span class='ocrx_word' id='word_1_41' title='bbox 702 514 932 555; x_wconf 83' lang='lat' dir='ltr'>pcrtinentibus</span> 
     </span>
     <span class='ocr_line' id='line_1_8' title="bbox 107 563 932 606; baseline 0.001 -13"><span class='ocrx_word' id='word_1_42' title='bbox 107 564 281 594; x_wconf 74' lang='lat' dir='ltr'>animarum</span> <span class='ocrx_word' id='word_1_43' title='bbox 293 564 322 599; x_wconf 78' lang='grc'>;”</span> <span class='ocrx_word' id='word_1_44' title='bbox 355 574 423 594; x_wconf 88' lang='lat' dir='ltr'>cum</span> <span class='ocrx_word' id='word_1_45' title='bbox 458 563 597 604; x_wconf 81' lang='lat' dir='ltr'>prOIOgO,</span> <span class='ocrx_word' id='word_1_46' title='bbox 627 563 757 604; x_wconf 83' lang='lat' dir='ltr'>aliisque</span> <span class='ocrx_word' id='word_1_47' title='bbox 791 564 932 606; x_wconf 82' lang='lat' dir='ltr'>prolego—</span> 
     </span>
     <span class='ocr_line' id='line_1_9' title="bbox 109 615 216 646; baseline 0.019 -2"><span class='ocrx_word' id='word_1_48' title='bbox 109 615 216 646; x_wconf 79' lang='lat' dir='ltr'>menis.</span> 
     </span>
    </p>

    <p class='ocr_par' dir='ltr' id='par_1_3' title="bbox 128 666 931 799">
     <span class='ocr_line' id='line_1_10' title="bbox 152 666 931 708; baseline 0.001 -12"><span class='ocrx_word' id='word_1_49' title='bbox 152 666 247 707; x_wconf 83' lang='lat' dir='ltr'>Incip.</span> <span class='ocrx_word' id='word_1_50' title='bbox 274 666 350 707; x_wconf 89' lang='lat' dir='ltr'>prol.</span> <span class='ocrx_word' id='word_1_51' title='bbox 377 666 561 705; x_wconf 68' lang='lat' dir='ltr'>“Quoniam</span> <span class='ocrx_word' id='word_1_52' title='bbox 587 666 676 697; x_wconf 86' lang='lat' dir='ltr'>multi</span> <span class='ocrx_word' id='word_1_53' title='bbox 706 667 931 708; x_wconf 78' lang='lat' dir='ltr'>multipliciter,</span> 
     </span>
     <span class='ocr_line' id='line_1_11' title="bbox 129 717 930 755; baseline 0.002 -8"><span class='ocrx_word' id='word_1_54' title='bbox 129 717 286 747; x_wconf 80' lang='lat' dir='ltr'>subtiliter</span> <span class='ocrx_word' id='word_1_55' title='bbox 306 721 337 747; x_wconf 85' lang='lat' dir='ltr'>et</span> <span class='ocrx_word' id='word_1_56' title='bbox 361 717 490 755; x_wconf 76' lang='lat' dir='ltr'>utiliter,</span> <span class='ocrx_word' id='word_1_57' title='bbox 506 717 745 749; x_wconf 83' lang='lat' dir='ltr'>elaboraverunt</span> <span class='ocrx_word' id='word_1_58' title='bbox 760 718 930 749; x_wconf 84' lang='lat' dir='ltr'>auctorita—</span> 
     </span>
     <span class='ocr_line' id='line_1_12' title="bbox 128 768 359 799; baseline -0.004 0"><span class='ocrx_word' id='word_1_59' title='bbox 128 773 175 799; x_wconf 77' lang='lat' dir='ltr'>tes</span> <span class='ocrx_word' id='word_1_60' title='bbox 191 768 359 799; x_wconf 73' lang='lat' dir='ltr'>diversas.”</span> 
     </span>
    </p>

    <p class='ocr_par' dir='ltr' id='par_1_4' title="bbox 126 820 930 914">
     <span class='ocr_line' id='line_1_13' title="bbox 148 820 930 862; baseline 0.001 -11"><span class='ocrx_word' id='word_1_61' title='bbox 148 820 246 862; x_wconf 84' lang='lat' dir='ltr'>Incip.</span> <span class='ocrx_word' id='word_1_62' title='bbox 278 832 350 862; x_wconf 83' lang='lat' dir='ltr'>pars</span> <span class='ocrx_word' id='word_1_63' title='bbox 377 830 402 850; x_wconf 86' lang='lat'>1.</span> <span class='ocrx_word' id='word_1_64' title='bbox 434 824 453 837; x_wconf 89' lang='lat'><strong>“</strong></span> <span class='ocrx_word' id='word_1_65' title='bbox 472 820 629 853; x_wconf 82' lang='lat' dir='ltr'>Quoniam</span> <span class='ocrx_word' id='word_1_66' title='bbox 665 826 769 852; x_wconf 81' lang='lat' dir='ltr'>autem</span> <span class='ocrx_word' id='word_1_67' title='bbox 805 821 930 852; x_wconf 88' lang='lat' dir='ltr'>inicium</span> 
     </span>
     <span class='ocr_line' id='line_1_14' title="bbox 126 872 635 914; baseline 0 -11"><span class='ocrx_word' id='word_1_68' title='bbox 126 873 281 914; x_wconf 73' lang='lat' dir='ltr'>sapiencie</span> <span class='ocrx_word' id='word_1_69' title='bbox 297 877 344 903; x_wconf 83' lang='lat' dir='ltr'>est</span> <span class='ocrx_word' id='word_1_70' title='bbox 361 872 454 903; x_wconf 84' lang='lat' dir='ltr'>timor</span> <span class='ocrx_word' id='word_1_71' title='bbox 473 873 635 903; x_wconf 87' lang='lat' dir='ltr'>Domini.”</span> 
     </span>
    </p>

    <p class='ocr_par' dir='ltr' id='par_1_5' title="bbox 108 914 929 1016">
     <span class='ocr_line' id='line_1_15' title="bbox 108 914 929 964; baseline 0.001 -10"><span class='ocrx_word' id='word_1_72' title='bbox 108 914 121 918; x_wconf 55' lang='lat'><strong>—</strong></span> <span class='ocrx_word' id='word_1_73' title='bbox 148 923 256 954; x_wconf 85' lang='lat' dir='ltr'>Desin.</span> <span class='ocrx_word' id='word_1_74' title='bbox 269 928 286 940; x_wconf 75' lang='lat'>‘⁴</span> <span class='ocrx_word' id='word_1_75' title='bbox 298 923 356 953; x_wconf 89' lang='lat' dir='ltr'>hiis</span> <span class='ocrx_word' id='word_1_76' title='bbox 369 934 443 964; x_wconf 86' lang='lat' dir='ltr'>ergo</span> <span class='ocrx_word' id='word_1_77' title='bbox 459 924 561 955; x_wconf 80' lang='lat' dir='ltr'>causis</span> <span class='ocrx_word' id='word_1_78' title='bbox 577 925 711 955; x_wconf 88' lang='lat' dir='ltr'>mundus</span> <span class='ocrx_word' id='word_1_79' title='bbox 726 928 775 956; x_wconf 86' lang='lat' dir='ltr'>est</span> <span class='ocrx_word' id='word_1_80' title='bbox 791 929 929 955; x_wconf 84' lang='lat' dir='ltr'>contem-</span> 
     </span>
     <span class='ocr_line' id='line_1_16' title="bbox 126 974 524 1016; baseline 0 -12"><span class='ocrx_word' id='word_1_81' title='bbox 126 975 266 1016; x_wconf 84' lang='lat' dir='ltr'>pneudus</span> <span class='ocrx_word' id='word_1_82' title='bbox 282 980 314 1005; x_wconf 83' lang='lat' dir='ltr'>et</span> <span class='ocrx_word' id='word_1_83' title='bbox 330 974 524 1016; x_wconf 75' lang='lat' dir='ltr'>fugiendus.‘&#39;</span> 
     </span>
    </p>

    <p class='ocr_par' dir='ltr' id='par_1_6' title="bbox 123 1026 929 1160">
     <span class='ocr_line' id='line_1_17' title="bbox 148 1026 929 1068; baseline 0.004 -12"><span class='ocrx_word' id='word_1_84' title='bbox 148 1026 329 1067; x_wconf 73' lang='lat' dir='ltr'>Sequuntur</span> <span class='ocrx_word' id='word_1_85' title='bbox 358 1026 442 1057; x_wconf 85' lang='lat' dir='ltr'>tituli</span> <span class='ocrx_word' id='word_1_86' title='bbox 475 1032 507 1058; x_wconf 91' lang='lat' dir='ltr'>et</span> <span class='ocrx_word' id='word_1_87' title='bbox 537 1028 676 1068; x_wconf 85' lang='lat' dir='ltr'>capitula</span> <span class='ocrx_word' id='word_1_88' title='bbox 707 1031 738 1058; x_wconf 89' lang='lat' dir='ltr'>et</span> <span class='ocrx_word' id='word_1_89' title='bbox 772 1027 803 1058; x_wconf 88' lang='lat' dir='ltr'>in</span> <span class='ocrx_word' id='word_1_90' title='bbox 835 1028 929 1065; x_wconf 85' lang='lat' dir='ltr'>calce,</span> 
     </span>
     <span class='ocr_line' id='line_1_18' title="bbox 127 1078 929 1121; baseline 0.005 -14"><span class='ocrx_word' id='word_1_91' title='bbox 127 1078 250 1116; x_wconf 80' lang='lat' dir='ltr'>“Quod</span> <span class='ocrx_word' id='word_1_92' title='bbox 280 1078 378 1108; x_wconf 89' lang='lat' dir='ltr'>merui</span> <span class='ocrx_word' id='word_1_93' title='bbox 402 1079 494 1109; x_wconf 86' lang='lat' dir='ltr'>detur</span> <span class='ocrx_word' id='word_1_94' title='bbox 524 1079 618 1110; x_wconf 88' lang='lat' dir='ltr'>michi</span> <span class='ocrx_word' id='word_1_95' title='bbox 648 1091 729 1110; x_wconf 88' lang='lat' dir='ltr'>nunc</span> <span class='ocrx_word' id='word_1_96' title='bbox 761 1080 833 1121; x_wconf 87' lang='lat' dir='ltr'>quia</span> <span class='ocrx_word' id='word_1_97' title='bbox 859 1081 929 1111; x_wconf 80' lang='lat' dir='ltr'>finis</span> 
     </span>
     <span class='ocr_line' id='line_1_19' title="bbox 123 1129 289 1160; baseline -0.012 -1"><span class='ocrx_word' id='word_1_98' title='bbox 123 1129 289 1160; x_wconf 48' lang='lat' dir='ltr'>liabetur.ss</span> 
     </span>
    </p>

    <p class='ocr_par' dir='ltr' id='par_1_7' title="bbox 124 1181 926 1325">
     <span class='ocr_line' id='line_1_20' title="bbox 146 1181 926 1224; baseline 0.004 -13"><span class='ocrx_word' id='word_1_99' title='bbox 146 1181 183 1211; x_wconf 87' lang='lat' dir='ltr'>In</span> <span class='ocrx_word' id='word_1_100' title='bbox 200 1181 288 1212; x_wconf 89' lang='lat' dir='ltr'>initio</span> <span class='ocrx_word' id='word_1_101' title='bbox 304 1186 336 1212; x_wconf 81' lang='lat' dir='ltr'>et</span> <span class='ocrx_word' id='word_1_102' title='bbox 352 1181 412 1212; x_wconf 78' lang='lat' dir='ltr'>fine</span> <span class='ocrx_word' id='word_1_103' title='bbox 429 1183 543 1213; x_wconf 89' lang='lat' dir='ltr'>codicis</span> <span class='ocrx_word' id='word_1_104' title='bbox 559 1183 736 1224; x_wconf 79' lang='lat' dir='ltr'>fragmenta</span> <span class='ocrx_word' id='word_1_105' title='bbox 751 1187 824 1214; x_wconf 92' lang='lat' dir='ltr'>sunt</span> <span class='ocrx_word' id='word_1_106' title='bbox 844 1184 926 1224; x_wconf 78' lang='lat' dir='ltr'>[Rie.</span> 
     </span>
     <span class='ocr_line' id='line_1_21' title="bbox 125 1231 925 1274; baseline 0.005 -13"><span class='ocrx_word' id='word_1_107' title='bbox 125 1231 214 1262; x_wconf 87' lang='lat' dir='ltr'>Rollc</span> <span class='ocrx_word' id='word_1_108' title='bbox 234 1232 273 1262; x_wconf 82' lang='lat' dir='ltr'>(lc</span> <span class='ocrx_word' id='word_1_109' title='bbox 290 1231 460 1274; x_wconf 80' lang='lat' dir='ltr'>Hampolc]</span> <span class='ocrx_word' id='word_1_110' title='bbox 480 1234 695 1265; x_wconf 86' lang='lat' dir='ltr'>commentarii</span> <span class='ocrx_word' id='word_1_111' title='bbox 717 1234 750 1264; x_wconf 88' lang='lat' dir='ltr'>in</span> <span class='ocrx_word' id='word_1_112' title='bbox 773 1234 925 1269; x_wconf 72' lang='lat' dir='ltr'>Psahnos,</span> 
     </span>
     <span class='ocr_line' id='line_1_22' title="bbox 124 1284 259 1325; baseline 0 -11"><span class='ocrx_word' id='word_1_113' title='bbox 124 1284 259 1325; x_wconf 63' lang='lat' dir='ltr'>Anqlice.</span> 
     </span>
    </p>

    <p class='ocr_par' dir='ltr' id='par_1_8' title="bbox 122 1335 926 1418">
     <span class='ocr_line' id='line_1_23' title="bbox 145 1335 926 1380; baseline 0.006 -16"><span class='ocrx_word' id='word_1_114' title='bbox 145 1335 243 1376; x_wconf 89' lang='lat' dir='ltr'>Incip.</span> <span class='ocrx_word' id='word_1_115' title='bbox 261 1335 345 1375; x_wconf 74' lang='lat' dir='ltr'>praef.</span> <span class='ocrx_word' id='word_1_116' title='bbox 364 1340 381 1352; x_wconf 70' lang='lat'>‘⁴</span> <span class='ocrx_word' id='word_1_117' title='bbox 395 1335 494 1366; x_wconf 87' lang='lat' dir='ltr'>Grete</span> <span class='ocrx_word' id='word_1_118' title='bbox 515 1336 742 1368; x_wconf 84' lang='lat' dir='ltr'>habundaunce</span> <span class='ocrx_word' id='word_1_119' title='bbox 766 1338 801 1368; x_wconf 87' lang='lat' dir='ltr'>of</span> <span class='ocrx_word' id='word_1_120' title='bbox 823 1339 926 1380; x_wconf 74' lang='lat' dir='ltr'>gostly</span> 
     </span>
     <span class='ocr_line' id='line_1_24' title="bbox 122 1387 286 1418; baseline -0.006 -1"><span class='ocrx_word' id='word_1_121' title='bbox 122 1387 286 1418; x_wconf 57' lang='lat' dir='ltr'>comfort.w</span> 
     </span>
    </p>
   </div>
   <div class='ocr_carea' id='block_1_3' title="bbox 422 1445 539 1479">
    <p class='ocr_par' dir='ltr' id='par_1_9' title="bbox 422 1445 539 1479">
     <span class='ocr_line' id='line_1_25' title="bbox 422 1445 539 1479; baseline 0.009 -1"><span class='ocrx_word' id='word_1_122' title='bbox 422 1445 539 1479; x_wconf 88' lang='lat' dir='ltr'>XCV.</span> 
     </span>
    </p>
   </div>
   <div class='ocr_carea' id='block_1_4' title="bbox 38 1511 924 2777">
    <p class='ocr_par' dir='ltr' id='par_1_10' title="bbox 38 1511 924 1730">
     <span class='ocr_line' id='line_1_26' title="bbox 38 1511 923 1553; baseline 0.005 -9"><span class='ocrx_word' id='word_1_123' title='bbox 38 1512 157 1545; x_wconf 83' lang='lat' dir='ltr'>Codex</span> <span class='ocrx_word' id='word_1_124' title='bbox 186 1511 482 1552; x_wconf 80' lang='lat' dir='ltr'>membranaceus,</span> <span class='ocrx_word' id='word_1_125' title='bbox 513 1513 548 1546; x_wconf 85' lang='lat' dir='ltr'>in</span> <span class='ocrx_word' id='word_1_126' title='bbox 579 1512 672 1553; x_wconf 78' lang='lat' dir='ltr'>folio,</span> <span class='ocrx_word' id='word_1_127' title='bbox 693 1513 726 1547; x_wconf 85' lang='lat' dir='ltr'>ff.</span> <span class='ocrx_word' id='word_1_128' title='bbox 745 1513 824 1551; x_wconf 84' lang='lat'>196.</span> <span class='ocrx_word' id='word_1_129' title='bbox 857 1526 923 1548; x_wconf 87' lang='lat' dir='ltr'>sec.</span> 
     </span>
     <span class='ocr_line' id='line_1_27' title="bbox 61 1569 924 1616; baseline 0.003 -14"><span class='ocrx_word' id='word_1_130' title='bbox 61 1570 140 1608; x_wconf 63' lang='lat' dir='ltr'>xiv„</span> <span class='ocrx_word' id='word_1_131' title='bbox 175 1569 264 1602; x_wconf 78' lang='lat' dir='ltr'>binis</span> <span class='ocrx_word' id='word_1_132' title='bbox 300 1569 472 1603; x_wconf 84' lang='lat' dir='ltr'>columnis</span> <span class='ocrx_word' id='word_1_133' title='bbox 507 1576 691 1610; x_wconf 75' lang='lat' dir='ltr'>exaratus3</span> <span class='ocrx_word' id='word_1_134' title='bbox 728 1582 771 1604; x_wconf 85' lang='lat' dir='ltr'>ex</span> <span class='ocrx_word' id='word_1_135' title='bbox 808 1571 924 1616; x_wconf 84' lang='lat' dir='ltr'>legato</span> 
     </span>
     <span class='ocr_line' id='line_1_28' title="bbox 62 1627 923 1672; baseline 0.003 -12"><span class='ocrx_word' id='word_1_136' title='bbox 62 1627 206 1661; x_wconf 86' lang='lat' dir='ltr'>Roberti</span> <span class='ocrx_word' id='word_1_137' title='bbox 226 1627 446 1666; x_wconf 80' lang='lat' dir='ltr'>Ketrinham,</span> <span class='ocrx_word' id='word_1_138' title='bbox 469 1629 644 1672; x_wconf 84' lang='lat' dir='ltr'>quondam</span> <span class='ocrx_word' id='word_1_139' title='bbox 672 1629 815 1663; x_wconf 81' lang='lat' dir='ltr'>rectoris</span> <span class='ocrx_word' id='word_1_140' title='bbox 839 1630 923 1663; x_wconf 85' lang='lat' dir='ltr'>cccl.</span> 
     </span>
     <span class='ocr_line' id='line_1_29' title="bbox 60 1684 453 1730; baseline 0.003 -13"><span class='ocrx_word' id='word_1_141' title='bbox 60 1684 95 1717; x_wconf 89' lang='lat' dir='ltr'>S.</span> <span class='ocrx_word' id='word_1_142' title='bbox 115 1684 274 1730; x_wconf 77' lang='lat' dir='ltr'>Gregorii</span> <span class='ocrx_word' id='word_1_143' title='bbox 296 1685 453 1718; x_wconf 87' lang='lat' dir='ltr'>London.</span> 
     </span>
    </p>

    <p class='ocr_par' dir='ltr' id='par_1_11' title="bbox 79 1745 923 1941">
     <span class='ocr_line' id='line_1_30' title="bbox 79 1745 923 1788; baseline 0.005 -13"><span class='ocrx_word' id='word_1_144' title='bbox 79 1747 106 1775; x_wconf 89' lang='lat'>1.</span> <span class='ocrx_word' id='word_1_145' title='bbox 124 1745 238 1776; x_wconf 86' lang='lat' dir='ltr'>Isidori</span> <span class='ocrx_word' id='word_1_146' title='bbox 256 1745 460 1786; x_wconf 73' lang='lat' dir='ltr'>Hispalensis,</span> <span class='ocrx_word' id='word_1_147' title='bbox 478 1746 774 1788; x_wconf 75' lang='lat' dir='ltr'>Ethymologiarum</span> <span class='ocrx_word' id='word_1_148' title='bbox 795 1748 864 1778; x_wconf 85' lang='lat' dir='ltr'>libri</span> <span class='ocrx_word' id='word_1_149' title='bbox 881 1748 923 1778; x_wconf 79' lang='lat' dir='ltr'>vi-</span> 
     </span>
     <span class='ocr_line' id='line_1_31' title="bbox 138 1797 923 1838; baseline 0.004 -11"><span class='ocrx_word' id='word_1_150' title='bbox 138 1797 226 1838; x_wconf 73' lang='lat' dir='ltr'>ginti,</span> <span class='ocrx_word' id='word_1_151' title='bbox 244 1797 365 1838; x_wconf 72' lang='lat' dir='ltr'>praeviis</span> <span class='ocrx_word' id='word_1_152' title='bbox 388 1797 528 1838; x_wconf 84' lang='lat' dir='ltr'>epistolis</span> <span class='ocrx_word' id='word_1_153' title='bbox 551 1797 666 1829; x_wconf 81' lang='lat' dir='ltr'>Isidori</span> <span class='ocrx_word' id='word_1_154' title='bbox 689 1804 722 1829; x_wconf 86' lang='lat' dir='ltr'>et</span> <span class='ocrx_word' id='word_1_155' title='bbox 746 1799 923 1830; x_wconf 87' lang='lat' dir='ltr'>Braulionis</span> 
     </span>
     <span class='ocr_line' id='line_1_32' title="bbox 139 1849 922 1893; baseline 0.003 -13"><span class='ocrx_word' id='word_1_156' title='bbox 139 1850 266 1887; x_wconf 84' lang='lat' dir='ltr'>mutuis,</span> <span class='ocrx_word' id='word_1_157' title='bbox 290 1861 410 1880; x_wconf 79' lang='lat' dir='ltr'>necnon</span> <span class='ocrx_word' id='word_1_158' title='bbox 436 1849 545 1880; x_wconf 84' lang='lat' dir='ltr'>tabula</span> <span class='ocrx_word' id='word_1_159' title='bbox 567 1850 789 1881; x_wconf 83' lang='lat' dir='ltr'>vocabulorum</span> <span class='ocrx_word' id='word_1_160' title='bbox 815 1852 922 1893; x_wconf 89' lang='lat' dir='ltr'>alpha—</span> 
     </span>
     <span class='ocr_line' id='line_1_33' title="bbox 138 1901 369 1941; baseline -0.004 -9"><span class='ocrx_word' id='word_1_161' title='bbox 138 1901 251 1932; x_wconf 79' lang='lat' dir='ltr'>betica.</span> <span class='ocrx_word' id='word_1_162' title='bbox 276 1902 327 1931; x_wconf 86' lang='lat' dir='ltr'>fol.</span> <span class='ocrx_word' id='word_1_163' title='bbox 341 1912 369 1941; x_wconf 83' lang='lat'>9.</span> 
     </span>
    </p>

    <p class='ocr_par' dir='ltr' id='par_1_12' title="bbox 159 1952 921 2098">
     <span class='ocr_line' id='line_1_34' title="bbox 182 1952 921 1994; baseline 0.003 -11"><span class='ocrx_word' id='word_1_164' title='bbox 182 1953 244 1984; x_wconf 86' lang='lat' dir='ltr'>Tit.</span> <span class='ocrx_word' id='word_1_165' title='bbox 276 1957 295 1970; x_wconf 86' lang='lat'><strong>“</strong></span> <span class='ocrx_word' id='word_1_166' title='bbox 314 1952 473 1994; x_wconf 76' lang='lat' dir='ltr'>Incipiunt</span> <span class='ocrx_word' id='word_1_167' title='bbox 503 1953 574 1984; x_wconf 88' lang='lat' dir='ltr'>libri</span> <span class='ocrx_word' id='word_1_168' title='bbox 607 1953 737 1984; x_wconf 84' lang='lat' dir='ltr'>Ysidori</span> <span class='ocrx_word' id='word_1_169' title='bbox 768 1953 921 1992; x_wconf 81' lang='lat' dir='ltr'>Junioris,</span> 
     </span>
     <span class='ocr_line' id='line_1_35' title="bbox 162 2004 921 2046; baseline 0.003 -12"><span class='ocrx_word' id='word_1_170' title='bbox 162 2004 319 2045; x_wconf 85' lang='lat' dir='ltr'>Spalensis</span> <span class='ocrx_word' id='word_1_171' title='bbox 349 2004 486 2046; x_wconf 76' lang='lat' dir='ltr'>episcopi</span> <span class='ocrx_word' id='word_1_172' title='bbox 516 2005 557 2035; x_wconf 85' lang='lat' dir='ltr'>ad</span> <span class='ocrx_word' id='word_1_173' title='bbox 585 2005 785 2036; x_wconf 84' lang='lat' dir='ltr'>Braulionem</span> <span class='ocrx_word' id='word_1_174' title='bbox 813 2006 921 2037; x_wconf 85' lang='lat' dir='ltr'>Cesar-</span> 
     </span>
     <span class='ocr_line' id='line_1_36' title="bbox 159 2056 718 2098; baseline 0.004 -13"><span class='ocrx_word' id='word_1_175' title='bbox 159 2060 369 2096; x_wconf 83' lang='lat' dir='ltr'>augustauum</span> <span class='ocrx_word' id='word_1_176' title='bbox 387 2056 565 2097; x_wconf 84' lang='lat' dir='ltr'>episcopum</span> <span class='ocrx_word' id='word_1_177' title='bbox 582 2057 718 2098; x_wconf 56' lang='lat' dir='ltr'>scripti.qq</span> 
     </span>
    </p>

    <p class='ocr_par' dir='ltr' id='par_1_13' title="bbox 182 2106 786 2149">
     <span class='ocr_line' id='line_1_37' title="bbox 182 2106 786 2149; baseline 0.002 -12"><span class='ocrx_word' id='word_1_178' title='bbox 182 2106 320 2138; x_wconf 79' lang='lat' dir='ltr'>Exstant</span> <span class='ocrx_word' id='word_1_179' title='bbox 336 2107 476 2148; x_wconf 85' lang='lat' dir='ltr'>impress.</span> <span class='ocrx_word' id='word_1_180' title='bbox 493 2107 576 2138; x_wconf 85' lang='lat' dir='ltr'>inter</span> <span class='ocrx_word' id='word_1_181' title='bbox 591 2119 697 2149; x_wconf 89' lang='lat' dir='ltr'>opera,</span> <span class='ocrx_word' id='word_1_182' title='bbox 714 2119 744 2149; x_wconf 89' lang='lat' dir='ltr'>p.</span> <span class='ocrx_word' id='word_1_183' title='bbox 762 2118 786 2138; x_wconf 91' lang='lat'>1.</span> 
     </span>
    </p>

    <p class='ocr_par' dir='ltr' id='par_1_14' title="bbox 76 2162 921 2256">
     <span class='ocr_line' id='line_1_38' title="bbox 76 2162 921 2204; baseline 0.002 -12"><span class='ocrx_word' id='word_1_184' title='bbox 76 2164 105 2192; x_wconf 70' lang='lat' dir='ltr'>Q.</span> <span class='ocrx_word' id='word_1_185' title='bbox 124 2162 154 2193; x_wconf 86' lang='lat' dir='ltr'>S.</span> <span class='ocrx_word' id='word_1_186' title='bbox 171 2162 357 2204; x_wconf 76' lang='lat' dir='ltr'>Hieronymi</span> <span class='ocrx_word' id='word_1_187' title='bbox 383 2163 516 2204; x_wconf 83' lang='lat' dir='ltr'>epistola</span> <span class='ocrx_word' id='word_1_188' title='bbox 534 2164 575 2194; x_wconf 87' lang='lat' dir='ltr'>ad</span> <span class='ocrx_word' id='word_1_189' title='bbox 599 2163 784 2194; x_wconf 78' lang='lat' dir='ltr'>Marcellam</span> <span class='ocrx_word' id='word_1_190' title='bbox 808 2164 846 2194; x_wconf 80' lang='lat' dir='ltr'>de</span> <span class='ocrx_word' id='word_1_191' title='bbox 869 2164 921 2194; x_wconf 88' lang='lat' dir='ltr'>de-</span> 
     </span>
     <span class='ocr_line' id='line_1_39' title="bbox 138 2214 918 2256; baseline 0.001 -12"><span class='ocrx_word' id='word_1_192' title='bbox 138 2225 204 2245; x_wconf 87' lang='lat' dir='ltr'>cem</span> <span class='ocrx_word' id='word_1_193' title='bbox 220 2214 396 2245; x_wconf 86' lang='lat' dir='ltr'>nominibus</span> <span class='ocrx_word' id='word_1_194' title='bbox 413 2215 473 2245; x_wconf 82' lang='lat' dir='ltr'>Dei</span> <span class='ocrx_word' id='word_1_195' title='bbox 489 2215 574 2254; x_wconf 87' lang='lat' dir='ltr'>apud</span> <span class='ocrx_word' id='word_1_196' title='bbox 591 2214 756 2245; x_wconf 75' lang='lat' dir='ltr'>Hebraeos.</span> <span class='ocrx_word' id='word_1_197' title='bbox 783 2215 833 2245; x_wconf 88' lang='lat' dir='ltr'>fol.</span> <span class='ocrx_word' id='word_1_198' title='bbox 851 2224 918 2256; x_wconf 81' lang='lat'>135.</span> 
     </span>
    </p>

    <p class='ocr_par' dir='ltr' id='par_1_15' title="bbox 181 2264 871 2301">
     <span class='ocr_line' id='line_1_40' title="bbox 181 2264 871 2301; baseline 0.003 -7"><span class='ocrx_word' id='word_1_199' title='bbox 181 2264 297 2295; x_wconf 78' lang='lat' dir='ltr'>Exstat</span> <span class='ocrx_word' id='word_1_200' title='bbox 313 2265 344 2295; x_wconf 89' lang='lat' dir='ltr'>in</span> <span class='ocrx_word' id='word_1_201' title='bbox 361 2265 435 2296; x_wconf 86' lang='lat' dir='ltr'>edit.</span> <span class='ocrx_word' id='word_1_202' title='bbox 454 2265 585 2301; x_wconf 66' lang='lat' dir='ltr'>vallars,</span> <span class='ocrx_word' id='word_1_203' title='bbox 603 2270 678 2296; x_wconf 84' lang='lat' dir='ltr'>toul.</span> <span class='ocrx_word' id='word_1_204' title='bbox 693 2266 712 2296; x_wconf 89' lang='lat' dir='ltr'>i.</span> <span class='ocrx_word' id='word_1_205' title='bbox 729 2266 784 2296; x_wconf 89' lang='lat' dir='ltr'>col.</span> <span class='ocrx_word' id='word_1_206' title='bbox 804 2267 871 2296; x_wconf 81' lang='lat'>128.</span> 
     </span>
    </p>

    <p class='ocr_par' dir='ltr' id='par_1_16' title="bbox 74 2319 917 2412">
     <span class='ocr_line' id='line_1_41' title="bbox 74 2319 917 2362; baseline 0.002 -12"><span class='ocrx_word' id='word_1_207' title='bbox 74 2321 103 2350; x_wconf 82' lang='lat'>3.</span> <span class='ocrx_word' id='word_1_208' title='bbox 120 2319 269 2360; x_wconf 87' lang='lat' dir='ltr'>Ejusdem</span> <span class='ocrx_word' id='word_1_209' title='bbox 296 2320 430 2361; x_wconf 85' lang='lat' dir='ltr'>epistola</span> <span class='ocrx_word' id='word_1_210' title='bbox 456 2321 495 2351; x_wconf 88' lang='lat' dir='ltr'>de</span> <span class='ocrx_word' id='word_1_211' title='bbox 521 2321 671 2362; x_wconf 78' lang='lat' dir='ltr'>gradibus</span> <span class='ocrx_word' id='word_1_212' title='bbox 695 2321 917 2352; x_wconf 82' lang='lat' dir='ltr'>Romanorum.</span> 
     </span>
     <span class='ocr_line' id='line_1_42' title="bbox 138 2372 307 2412; baseline 0.012 -11"><span class='ocrx_word' id='word_1_213' title='bbox 138 2372 188 2401; x_wconf 85' lang='lat' dir='ltr'>fol.</span> <span class='ocrx_word' id='word_1_214' title='bbox 208 2382 263 2412; x_wconf 83' lang='lat'>135</span> <span class='ocrx_word' id='word_1_215' title='bbox 278 2372 307 2403; x_wconf 86' lang='lat' dir='ltr'>b.</span> 
     </span>
    </p>

    <p class='ocr_par' dir='ltr' id='par_1_17' title="bbox 180 2422 786 2464">
     <span class='ocr_line' id='line_1_43' title="bbox 180 2422 786 2464; baseline 0 -11"><span class='ocrx_word' id='word_1_216' title='bbox 180 2422 278 2462; x_wconf 86' lang='lat' dir='ltr'>Incip.</span> <span class='ocrx_word' id='word_1_217' title='bbox 297 2428 316 2440; x_wconf 87' lang='grc'>“</span> <span class='ocrx_word' id='word_1_218' title='bbox 329 2423 485 2459; x_wconf 84' lang='lat' dir='ltr'>Decanus,</span> <span class='ocrx_word' id='word_1_219' title='bbox 504 2423 554 2464; x_wconf 91' lang='lat' dir='ltr'>qui</span> <span class='ocrx_word' id='word_1_220' title='bbox 572 2423 613 2454; x_wconf 87' lang='lat' dir='ltr'>sit</span> <span class='ocrx_word' id='word_1_221' title='bbox 629 2434 721 2464; x_wconf 80' lang='lat' dir='ltr'>super</span> <span class='ocrx_word' id='word_1_222' title='bbox 738 2423 786 2453; x_wconf 80' lang='lat' dir='ltr'>x.”</span> 
     </span>
    </p>

    <p class='ocr_par' dir='ltr' id='par_1_18' title="bbox 75 2478 918 2672">
     <span class='ocr_line' id='line_1_44' title="bbox 75 2478 917 2520; baseline 0.002 -12"><span class='ocrx_word' id='word_1_223' title='bbox 75 2479 102 2508; x_wconf 84' lang='lat'>4.</span> <span class='ocrx_word' id='word_1_224' title='bbox 121 2478 346 2520; x_wconf 84' lang='lat' dir='ltr'>Excerptiones</span> <span class='ocrx_word' id='word_1_225' title='bbox 367 2479 405 2509; x_wconf 84' lang='lat' dir='ltr'>(le</span> <span class='ocrx_word' id='word_1_226' title='bbox 425 2478 525 2519; x_wconf 84' lang='lat' dir='ltr'>primo</span> <span class='ocrx_word' id='word_1_227' title='bbox 549 2478 628 2508; x_wconf 89' lang='lat' dir='ltr'>libro</span> <span class='ocrx_word' id='word_1_228' title='bbox 646 2478 795 2509; x_wconf 81' lang='lat' dir='ltr'>willelmi</span> <span class='ocrx_word' id='word_1_229' title='bbox 813 2479 917 2517; x_wconf 79' lang='lat' dir='ltr'>Parvi,</span> 
     </span>
     <span class='ocr_line' id='line_1_45' title="bbox 136 2529 918 2571; baseline 0.004 -13"><span class='ocrx_word' id='word_1_230' title='bbox 136 2529 273 2560; x_wconf 86' lang='lat' dir='ltr'>doctoris</span> <span class='ocrx_word' id='word_1_231' title='bbox 300 2529 330 2559; x_wconf 88' lang='lat' dir='ltr'>in</span> <span class='ocrx_word' id='word_1_232' title='bbox 359 2529 517 2569; x_wconf 80' lang='lat' dir='ltr'>theologia</span> <span class='ocrx_word' id='word_1_233' title='bbox 543 2533 575 2559; x_wconf 87' lang='lat' dir='ltr'>et</span> <span class='ocrx_word' id='word_1_234' title='bbox 602 2529 741 2560; x_wconf 87' lang='lat' dir='ltr'>canonici</span> <span class='ocrx_word' id='word_1_235' title='bbox 767 2530 918 2571; x_wconf 83' lang='lat' dir='ltr'>regularis</span> 
     </span>
     <span class='ocr_line' id='line_1_46' title="bbox 136 2580 916 2623; baseline 0.003 -13"><span class='ocrx_word' id='word_1_236' title='bbox 136 2581 317 2611; x_wconf 84' lang='lat' dir='ltr'>monasterii</span> <span class='ocrx_word' id='word_1_237' title='bbox 334 2580 413 2611; x_wconf 80' lang='lat' dir='ltr'>Novi</span> <span class='ocrx_word' id='word_1_238' title='bbox 430 2580 535 2622; x_wconf 79' lang='lat' dir='ltr'>Burgi,</span> <span class='ocrx_word' id='word_1_239' title='bbox 553 2581 592 2611; x_wconf 88' lang='lat' dir='ltr'>de</span> <span class='ocrx_word' id='word_1_240' title='bbox 614 2582 707 2612; x_wconf 86' lang='lat' dir='ltr'>rebus</span> <span class='ocrx_word' id='word_1_241' title='bbox 731 2581 916 2623; x_wconf 87' lang='lat' dir='ltr'>Anglorum.</span> 
     </span>
     <span class='ocr_line' id='line_1_47' title="bbox 136 2632 273 2672; baseline 0 -10"><span class='ocrx_word' id='word_1_242' title='bbox 136 2632 187 2662; x_wconf 86' lang='lat' dir='ltr'>fol.</span> <span class='ocrx_word' id='word_1_243' title='bbox 206 2633 273 2672; x_wconf 81' lang='lat'>136.</span> 
     </span>
    </p>

    <p class='ocr_par' dir='ltr' id='par_1_19' title="bbox 180 2682 915 2724">
     <span class='ocr_line' id='line_1_48' title="bbox 180 2682 915 2724; baseline 0.004 -11"><span class='ocrx_word' id='word_1_244' title='bbox 180 2683 277 2724; x_wconf 88' lang='lat' dir='ltr'>Incip.</span> <span class='ocrx_word' id='word_1_245' title='bbox 303 2682 512 2713; x_wconf 82' lang='lat' dir='ltr'>“Historiam</span> <span class='ocrx_word' id='word_1_246' title='bbox 536 2682 639 2724; x_wconf 85' lang='lat' dir='ltr'>gentis</span> <span class='ocrx_word' id='word_1_247' title='bbox 667 2686 783 2721; x_wconf 77' lang='lat' dir='ltr'>nostre,</span> <span class='ocrx_word' id='word_1_248' title='bbox 800 2684 831 2714; x_wconf 90' lang='lat' dir='ltr'>id</span> <span class='ocrx_word' id='word_1_249' title='bbox 856 2688 915 2721; x_wconf 85' lang='lat' dir='ltr'>est,</span> 
     </span>
    </p>

    <p class='ocr_par' dir='ltr' id='par_1_20' title="bbox 129 2735 917 2777">
     <span class='ocr_line' id='line_1_49' title="bbox 129 2735 917 2777; baseline 0.003 -12"><span class='ocrx_word' id='word_1_250' title='bbox 129 2735 305 2777; x_wconf 81' lang='lat' dir='ltr'>Anglornm</span> <span class='ocrx_word' id='word_1_251' title='bbox 316 2735 499 2766; x_wconf 84' lang='lat' dir='ltr'>venerabilis</span> <span class='ocrx_word' id='word_1_252' title='bbox 510 2735 664 2775; x_wconf 83' lang='lat' dir='ltr'>presbiter</span> <span class='ocrx_word' id='word_1_253' title='bbox 673 2739 705 2766; x_wconf 88' lang='lat' dir='ltr'>et</span> <span class='ocrx_word' id='word_1_254' title='bbox 715 2736 917 2767; x_wconf 86' lang='lat' dir='ltr'>monachus.”</span> 
     </span>
    </p>
   </div>
   <div class='ocr_carea' id='block_1_5' title="bbox 73 2790 916 2830">
    <p class='ocr_par' dir='ltr' id='par_1_21' title="bbox 73 2790 916 2830">
     <span class='ocr_line' id='line_1_50' title="bbox 73 2790 916 2830; baseline 0.002 -9"><span class='ocrx_word' id='word_1_255' title='bbox 73 2792 103 2821; x_wconf 86' lang='lat'>5.</span> <span class='ocrx_word' id='word_1_256' title='bbox 121 2790 318 2822; x_wconf 80' lang='lat' dir='ltr'>Venerabilis</span> <span class='ocrx_word' id='word_1_257' title='bbox 340 2790 436 2821; x_wconf 82' lang='lat' dir='ltr'>Bedae</span> <span class='ocrx_word' id='word_1_258' title='bbox 459 2790 605 2822; x_wconf 79' lang='lat' dir='ltr'>Historia</span> <span class='ocrx_word' id='word_1_259' title='bbox 628 2790 860 2830; x_wconf 84' lang='lat' dir='ltr'>Ecclesiastica‚</span> <span class='ocrx_word' id='word_1_260' title='bbox 882 2791 916 2822; x_wconf 87' lang='lat' dir='ltr'>li-</span> 
     </span>
    </p>
   </div>
   <div class='ocr_carea' id='block_1_6' title="bbox 946 1947 954 2843">
    <p class='ocr_par' dir='ltr' id='par_1_22' title="bbox 946 1947 954 2843">
     <span class='ocr_line' id='line_1_51' title="bbox 946 1947 954 2843; baseline 0 0"><span class='ocrx_word' id='word_1_261' title='bbox 946 1947 954 2843; x_wconf 95' lang='lat' dir='ltr'> </span> 
     </span>
    </p>
   </div>
   <div class='ocr_carea' id='block_1_7' title="bbox 1070 258 1872 600">
    <p class='ocr_par' dir='ltr' id='par_1_23' title="bbox 1070 258 1871 351">
     <span class='ocr_line' id='line_1_52' title="bbox 1070 258 1871 305; baseline 0.011 -18"><span class='ocrx_word' id='word_1_262' title='bbox 1070 258 1133 288; x_wconf 86' lang='lat' dir='ltr'>bris</span> <span class='ocrx_word' id='word_1_263' title='bbox 1150 259 1296 300; x_wconf 74' lang='lat' dir='ltr'>quinque,</span> <span class='ocrx_word' id='word_1_264' title='bbox 1313 260 1435 301; x_wconf 58' lang='lat' dir='ltr'>praeviis</span> <span class='ocrx_word' id='word_1_265' title='bbox 1455 262 1600 303; x_wconf 86' lang='lat' dir='ltr'>capitulis</span> <span class='ocrx_word' id='word_1_266' title='bbox 1623 268 1655 294; x_wconf 84' lang='lat' dir='ltr'>ct</span> <span class='ocrx_word' id='word_1_267' title='bbox 1678 264 1871 305; x_wconf 58' lang='lat' dir='ltr'>pausatione.</span> 
     </span>
     <span class='ocr_line' id='line_1_53' title="bbox 1070 309 1205 351; baseline 0.015 -12"><span class='ocrx_word' id='word_1_268' title='bbox 1070 309 1119 340; x_wconf 89' lang='lat' dir='ltr'>fol.</span> <span class='ocrx_word' id='word_1_269' title='bbox 1139 312 1205 351; x_wconf 76' lang='lat'>138.</span> 
     </span>
    </p>

    <p class='ocr_par' dir='ltr' id='par_1_24' title="bbox 1091 361 1872 506">
     <span class='ocr_line' id='line_1_54' title="bbox 1113 361 1872 406; baseline 0.011 -16"><span class='ocrx_word' id='word_1_270' title='bbox 1113 361 1176 391; x_wconf 86' lang='lat' dir='ltr'>Tit.</span> <span class='ocrx_word' id='word_1_271' title='bbox 1195 367 1211 378; x_wconf 69' lang='lat'>⁸·</span> <span class='ocrx_word' id='word_1_272' title='bbox 1226 361 1341 403; x_wconf 84' lang='lat' dir='ltr'>Incipit</span> <span class='ocrx_word' id='word_1_273' title='bbox 1356 363 1434 394; x_wconf 82' lang='lat' dir='ltr'>liber</span> <span class='ocrx_word' id='word_1_274' title='bbox 1453 365 1570 406; x_wconf 86' lang='lat' dir='ltr'>primus</span> <span class='ocrx_word' id='word_1_275' title='bbox 1586 366 1795 398; x_wconf 80' lang='lat' dir='ltr'>ecclesiastice</span> <span class='ocrx_word' id='word_1_276' title='bbox 1811 368 1872 398; x_wconf 88' lang='lat' dir='ltr'>his-</span> 
     </span>
     <span class='ocr_line' id='line_1_55' title="bbox 1091 412 1871 460; baseline 0.012 -19"><span class='ocrx_word' id='word_1_277' title='bbox 1091 412 1171 442; x_wconf 85' lang='lat' dir='ltr'>toric</span> <span class='ocrx_word' id='word_1_278' title='bbox 1182 414 1285 453; x_wconf 82' lang='lat' dir='ltr'>gentis</span> <span class='ocrx_word' id='word_1_279' title='bbox 1296 415 1470 455; x_wconf 75' lang='lat' dir='ltr'>Anglorum</span> <span class='ocrx_word' id='word_1_280' title='bbox 1483 416 1680 448; x_wconf 72' lang='lat' dir='ltr'>Venerabilis</span> <span class='ocrx_word' id='word_1_281' title='bbox 1692 418 1776 449; x_wconf 85' lang='lat' dir='ltr'>Bcdc</span> <span class='ocrx_word' id='word_1_282' title='bbox 1788 430 1871 460; x_wconf 74' lang='lat' dir='ltr'>pres-</span> 
     </span>
     <span class='ocr_line' id='line_1_56' title="bbox 1091 464 1564 506; baseline 0.013 -13"><span class='ocrx_word' id='word_1_283' title='bbox 1091 464 1182 494; x_wconf 88' lang='lat' dir='ltr'>bitcri</span> <span class='ocrx_word' id='word_1_284' title='bbox 1198 465 1237 495; x_wconf 85' lang='lat' dir='ltr'>ad</span> <span class='ocrx_word' id='word_1_285' title='bbox 1254 476 1358 506; x_wconf 85' lang='lat' dir='ltr'>regem</span> <span class='ocrx_word' id='word_1_286' title='bbox 1375 466 1564 498; x_wconf 59' lang='lat' dir='ltr'>Celwlfuinff&#39;</span> 
     </span>
    </p>

    <p class='ocr_par' dir='ltr' id='par_1_25' title="bbox 1089 515 1870 600">
     <span class='ocr_line' id='line_1_57' title="bbox 1112 515 1870 553; baseline 0.012 -9"><span class='ocrx_word' id='word_1_287' title='bbox 1112 515 1218 546; x_wconf 81' lang='lat' dir='ltr'>Desin.</span> <span class='ocrx_word' id='word_1_288' title='bbox 1236 516 1267 546; x_wconf 88' lang='lat' dir='ltr'>in</span> <span class='ocrx_word' id='word_1_289' title='bbox 1283 517 1384 547; x_wconf 76' lang='lat' dir='ltr'>verbis</span> <span class='ocrx_word' id='word_1_290' title='bbox 1400 518 1451 548; x_wconf 90' lang='lat' dir='ltr'>lib.</span> <span class='ocrx_word' id='word_1_291' title='bbox 1466 530 1492 548; x_wconf 86' lang='lat' dir='ltr'>v.</span> <span class='ocrx_word' id='word_1_292' title='bbox 1510 524 1529 536; x_wconf 84' lang='lat'><em>“</em></span> <span class='ocrx_word' id='word_1_293' title='bbox 1544 520 1672 551; x_wconf 80' lang='lat' dir='ltr'>ecclesia</span> <span class='ocrx_word' id='word_1_294' title='bbox 1695 526 1810 553; x_wconf 80' lang='lat' dir='ltr'>sanctae</span> <span class='ocrx_word' id='word_1_295' title='bbox 1828 523 1870 552; x_wconf 85' lang='lat' dir='ltr'>in-</span> 
     </span>
     <span class='ocr_line' id='line_1_58' title="bbox 1089 565 1557 600; baseline 0.013 -6"><span class='ocrx_word' id='word_1_296' title='bbox 1089 565 1266 596; x_wconf 81' lang='lat' dir='ltr'>stitucionis</span> <span class='ocrx_word' id='word_1_297' title='bbox 1282 567 1371 598; x_wconf 80' lang='lat' dir='ltr'>utilia</span> <span class='ocrx_word' id='word_1_298' title='bbox 1387 568 1557 600; x_wconf 50' lang='lat' dir='ltr'>didicit*—</span> 
     </span>
    </p>
   </div>
   <div class='ocr_carea' id='block_1_8' title="bbox 983 671 1868 1568">
    <p class='ocr_par' dir='ltr' id='par_1_26' title="bbox 983 671 1868 830">
     <span class='ocr_line' id='line_1_59' title="bbox 1355 671 1492 707; baseline 0.015 -2"><span class='ocrx_word' id='word_1_299' title='bbox 1355 671 1492 707; x_wconf 80' lang='lat' dir='ltr'>XCVI.</span> 
     </span>
     <span class='ocr_line' id='line_1_60' title="bbox 983 731 1868 780; baseline 0.01 -16"><span class='ocrx_word' id='word_1_300' title='bbox 983 731 1103 765; x_wconf 85' lang='lat' dir='ltr'>Codex</span> <span class='ocrx_word' id='word_1_301' title='bbox 1137 732 1435 772; x_wconf 76' lang='lat' dir='ltr'>membranaceus,</span> <span class='ocrx_word' id='word_1_302' title='bbox 1468 736 1502 768; x_wconf 89' lang='lat' dir='ltr'>in</span> <span class='ocrx_word' id='word_1_303' title='bbox 1533 735 1625 776; x_wconf 85' lang='lat' dir='ltr'>folio,</span> <span class='ocrx_word' id='word_1_304' title='bbox 1645 738 1678 771; x_wconf 82' lang='lat' dir='ltr'>ff.</span> <span class='ocrx_word' id='word_1_305' title='bbox 1694 740 1774 780; x_wconf 78' lang='lat'>270,</span> <span class='ocrx_word' id='word_1_306' title='bbox 1801 750 1868 773; x_wconf 85' lang='lat' dir='ltr'>sec.</span> 
     </span>
     <span class='ocr_line' id='line_1_61' title="bbox 1007 791 1704 830; baseline 0.01 -7"><span class='ocrx_word' id='word_1_307' title='bbox 1007 791 1087 830; x_wconf 83' lang='lat' dir='ltr'>xiv.‚</span> <span class='ocrx_word' id='word_1_308' title='bbox 1106 791 1196 825; x_wconf 85' lang='lat' dir='ltr'>binis</span> <span class='ocrx_word' id='word_1_309' title='bbox 1215 792 1386 826; x_wconf 85' lang='lat' dir='ltr'>columnis</span> <span class='ocrx_word' id='word_1_310' title='bbox 1405 794 1514 827; x_wconf 87' lang='lat' dir='ltr'>nitide</span> <span class='ocrx_word' id='word_1_311' title='bbox 1533 802 1704 830; x_wconf 79' lang='lat' dir='ltr'>exaratus.</span> 
     </span>
    </p>

    <p class='ocr_par' dir='ltr' id='par_1_27' title="bbox 1025 851 1868 995">
     <span class='ocr_line' id='line_1_62' title="bbox 1025 851 1868 896; baseline 0.008 -15"><span class='ocrx_word' id='word_1_312' title='bbox 1025 851 1052 881; x_wconf 88' lang='lat'>1.</span> <span class='ocrx_word' id='word_1_313' title='bbox 1071 851 1200 882; x_wconf 81' lang='lat' dir='ltr'>Thomae</span> <span class='ocrx_word' id='word_1_314' title='bbox 1226 851 1396 893; x_wconf 77' lang='lat' dir='ltr'>Aquinatis</span> <span class='ocrx_word' id='word_1_315' title='bbox 1422 854 1608 894; x_wconf 70' lang='lat' dir='ltr'>qusrstioncs</span> <span class='ocrx_word' id='word_1_316' title='bbox 1636 856 1804 896; x_wconf 70' lang='lat' dir='ltr'>disputata&gt;</span> <span class='ocrx_word' id='word_1_317' title='bbox 1830 858 1868 887; x_wconf 81' lang='lat' dir='ltr'>de</span> 
     </span>
     <span class='ocr_line' id='line_1_63' title="bbox 1088 903 1866 941; baseline 0.008 -9"><span class='ocrx_word' id='word_1_318' title='bbox 1088 903 1232 940; x_wconf 81' lang='lat' dir='ltr'>veritate,</span> <span class='ocrx_word' id='word_1_319' title='bbox 1243 903 1282 933; x_wconf 84' lang='lat' dir='ltr'>de</span> <span class='ocrx_word' id='word_1_320' title='bbox 1292 903 1422 934; x_wconf 81' lang='lat' dir='ltr'>scientia</span> <span class='ocrx_word' id='word_1_321' title='bbox 1434 903 1506 941; x_wconf 76' lang='lat' dir='ltr'>Dei,</span> <span class='ocrx_word' id='word_1_322' title='bbox 1517 908 1575 935; x_wconf 82' lang='lat' dir='ltr'>cto.</span> <span class='ocrx_word' id='word_1_323' title='bbox 1589 916 1716 936; x_wconf 89' lang='lat' dir='ltr'>numero</span> <span class='ocrx_word' id='word_1_324' title='bbox 1726 907 1866 938; x_wconf 71' lang='lat' dir='ltr'>‹lucentae</span> 
     </span>
     <span class='ocr_line' id='line_1_64' title="bbox 1088 954 1554 995; baseline 0.004 -12"><span class='ocrx_word' id='word_1_325' title='bbox 1088 954 1298 995; x_wconf 79' lang='lat' dir='ltr'>quadraginta</span> <span class='ocrx_word' id='word_1_326' title='bbox 1314 966 1434 985; x_wconf 84' lang='lat' dir='ltr'>novem.</span> <span class='ocrx_word' id='word_1_327' title='bbox 1458 955 1511 985; x_wconf 83' lang='lat' dir='ltr'>fol.</span> <span class='ocrx_word' id='word_1_328' title='bbox 1529 966 1554 985; x_wconf 87' lang='lat'>1.</span> 
     </span>
    </p>

    <p class='ocr_par' dir='ltr' id='par_1_28' title="bbox 1022 1014 1867 1099">
     <span class='ocr_line' id='line_1_65' title="bbox 1022 1014 1867 1056; baseline 0.005 -12"><span class='ocrx_word' id='word_1_329' title='bbox 1022 1015 1050 1044; x_wconf 72' lang='lat'>2.</span> <span class='ocrx_word' id='word_1_330' title='bbox 1070 1014 1220 1055; x_wconf 85' lang='lat' dir='ltr'>Ejusdem</span> <span class='ocrx_word' id='word_1_331' title='bbox 1251 1015 1438 1055; x_wconf 73' lang='lat' dir='ltr'>quaestiones</span> <span class='ocrx_word' id='word_1_332' title='bbox 1473 1015 1707 1056; x_wconf 84' lang='lat' dir='ltr'>quodlibetales,</span> <span class='ocrx_word' id='word_1_333' title='bbox 1740 1028 1867 1048; x_wconf 87' lang='lat' dir='ltr'>numero</span> 
     </span>
     <span class='ocr_line' id='line_1_66' title="bbox 1087 1064 1518 1099; baseline 0.002 -5"><span class='ocrx_word' id='word_1_334' title='bbox 1087 1064 1209 1095; x_wconf 84' lang='lat' dir='ltr'>cxxxiv.</span> <span class='ocrx_word' id='word_1_335' title='bbox 1226 1077 1233 1099; x_wconf 87' lang='lat'>;</span> <span class='ocrx_word' id='word_1_336' title='bbox 1259 1065 1358 1095; x_wconf 88' lang='lat' dir='ltr'>mutil.</span> <span class='ocrx_word' id='word_1_337' title='bbox 1383 1065 1432 1096; x_wconf 85' lang='lat' dir='ltr'>fol.</span> <span class='ocrx_word' id='word_1_338' title='bbox 1449 1068 1518 1096; x_wconf 70' lang='lat'>218.</span> 
     </span>
    </p>

    <p class='ocr_par' dir='ltr' id='par_1_29' title="bbox 1021 1115 1868 1568">
     <span class='ocr_line' id='line_1_67' title="bbox 1130 1115 1867 1158; baseline 0.005 -13"><span class='ocrx_word' id='word_1_339' title='bbox 1130 1115 1192 1146; x_wconf 81' lang='lat' dir='ltr'>Tit.</span> <span class='ocrx_word' id='word_1_340' title='bbox 1220 1115 1238 1146; x_wconf 88' lang='lat' dir='ltr'>i.</span> <span class='ocrx_word' id='word_1_341' title='bbox 1272 1121 1289 1132; x_wconf 69' lang='lat'>⁴⁸</span> <span class='ocrx_word' id='word_1_342' title='bbox 1307 1116 1492 1155; x_wconf 82' lang='lat' dir='ltr'>Questioues</span> <span class='ocrx_word' id='word_1_343' title='bbox 1523 1117 1561 1147; x_wconf 86' lang='lat' dir='ltr'>de</span> <span class='ocrx_word' id='word_1_344' title='bbox 1593 1116 1732 1158; x_wconf 80' lang='lat' dir='ltr'>quolibet</span> <span class='ocrx_word' id='word_1_345' title='bbox 1761 1118 1867 1149; x_wconf 80' lang='lat' dir='ltr'>fratris</span> 
     </span>
     <span class='ocr_line' id='line_1_68' title="bbox 1108 1167 1867 1210; baseline 0.004 -13"><span class='ocrx_word' id='word_1_346' title='bbox 1108 1167 1238 1198; x_wconf 87' lang='lat' dir='ltr'>Thome.</span> <span class='ocrx_word' id='word_1_347' title='bbox 1266 1167 1396 1206; x_wconf 78' lang='lat' dir='ltr'>Questio</span> <span class='ocrx_word' id='word_1_348' title='bbox 1410 1168 1447 1198; x_wconf 88' lang='lat' dir='ltr'>de</span> <span class='ocrx_word' id='word_1_349' title='bbox 1459 1169 1539 1206; x_wconf 78' lang='lat' dir='ltr'>Deo,</span> <span class='ocrx_word' id='word_1_350' title='bbox 1550 1169 1660 1210; x_wconf 82' lang='lat' dir='ltr'>angelo</span> <span class='ocrx_word' id='word_1_351' title='bbox 1673 1174 1704 1199; x_wconf 88' lang='lat' dir='ltr'>ct</span> <span class='ocrx_word' id='word_1_352' title='bbox 1717 1169 1867 1200; x_wconf 57' lang='lat' dir='ltr'>homines*</span> 
     </span>
     <span class='ocr_line' id='line_1_69' title="bbox 1021 1227 1866 1270; baseline 0.005 -14"><span class='ocrx_word' id='word_1_353' title='bbox 1021 1228 1049 1257; x_wconf 75' lang='grc'>8.</span> <span class='ocrx_word' id='word_1_354' title='bbox 1069 1227 1140 1257; x_wconf 89' lang='lat' dir='ltr'>Joh.</span> <span class='ocrx_word' id='word_1_355' title='bbox 1158 1228 1197 1258; x_wconf 73' lang='lat' dir='ltr'>sle</span> <span class='ocrx_word' id='word_1_356' title='bbox 1215 1227 1378 1265; x_wconf 76' lang='lat' dir='ltr'>peccham,</span> <span class='ocrx_word' id='word_1_357' title='bbox 1400 1228 1537 1270; x_wconf 83' lang='lat' dir='ltr'>archiep.</span> <span class='ocrx_word' id='word_1_358' title='bbox 1555 1229 1704 1260; x_wconf 85' lang='lat' dir='ltr'>Cautuar.</span> <span class='ocrx_word' id='word_1_359' title='bbox 1723 1230 1866 1270; x_wconf 83' lang='lat' dir='ltr'>quaestio—</span> 
     </span>
     <span class='ocr_line' id='line_1_70' title="bbox 1085 1279 1799 1320; baseline 0.003 -11"><span class='ocrx_word' id='word_1_360' title='bbox 1085 1290 1140 1309; x_wconf 89' lang='lat' dir='ltr'>ncs</span> <span class='ocrx_word' id='word_1_361' title='bbox 1156 1279 1394 1320; x_wconf 80' lang='lat' dir='ltr'>quodlibetales,</span> <span class='ocrx_word' id='word_1_362' title='bbox 1412 1291 1541 1310; x_wconf 87' lang='lat' dir='ltr'>numero</span> <span class='ocrx_word' id='word_1_363' title='bbox 1558 1280 1640 1310; x_wconf 85' lang='lat' dir='ltr'>xxvi.</span> <span class='ocrx_word' id='word_1_364' title='bbox 1664 1280 1715 1310; x_wconf 90' lang='lat' dir='ltr'>fol.</span> <span class='ocrx_word' id='word_1_365' title='bbox 1731 1284 1799 1311; x_wconf 80' lang='lat'><strong>262.</strong></span> 
     </span>
     <span class='ocr_line' id='line_1_71' title="bbox 1128 1330 1868 1372; baseline 0.001 -11"><span class='ocrx_word' id='word_1_366' title='bbox 1128 1330 1227 1372; x_wconf 88' lang='lat' dir='ltr'>Incip.</span> <span class='ocrx_word' id='word_1_367' title='bbox 1252 1331 1271 1361; x_wconf 89' lang='lat' dir='ltr'>i.</span> <span class='ocrx_word' id='word_1_368' title='bbox 1304 1332 1354 1362; x_wconf 83' lang='lat' dir='ltr'>De</span> <span class='ocrx_word' id='word_1_369' title='bbox 1384 1332 1672 1372; x_wconf 73' lang='lat' dir='ltr'>praeslcstinati0ne,</span> <span class='ocrx_word' id='word_1_370' title='bbox 1705 1336 1722 1348; x_wconf 79' lang='grc'>“</span> <span class='ocrx_word' id='word_1_371' title='bbox 1739 1332 1868 1371; x_wconf 78' lang='lat' dir='ltr'>Quesita</span> 
     </span>
     <span class='ocr_line' id='line_1_72' title="bbox 1105 1382 1867 1424; baseline 0.003 -12"><span class='ocrx_word' id='word_1_372' title='bbox 1105 1387 1178 1413; x_wconf 85' lang='lat' dir='ltr'>sunt</span> <span class='ocrx_word' id='word_1_373' title='bbox 1195 1383 1232 1413; x_wconf 84' lang='lat' dir='ltr'>de</span> <span class='ocrx_word' id='word_1_374' title='bbox 1249 1383 1319 1413; x_wconf 91' lang='lat' dir='ltr'>Deo</span> <span class='ocrx_word' id='word_1_375' title='bbox 1342 1382 1432 1424; x_wconf 82' lang='lat' dir='ltr'>plura</span> <span class='ocrx_word' id='word_1_376' title='bbox 1456 1394 1550 1424; x_wconf 84' lang='lat' dir='ltr'>quam</span> <span class='ocrx_word' id='word_1_377' title='bbox 1573 1384 1613 1414; x_wconf 87' lang='lat' dir='ltr'>ad</span> <span class='ocrx_word' id='word_1_378' title='bbox 1637 1383 1814 1414; x_wconf 82' lang='lat' dir='ltr'>essentialia</span> <span class='ocrx_word' id='word_1_379' title='bbox 1835 1389 1867 1414; x_wconf 84' lang='lat' dir='ltr'>et</span> 
     </span>
     <span class='ocr_line' id='line_1_73' title="bbox 1106 1435 1478 1476; baseline 0.003 -12"><span class='ocrx_word' id='word_1_380' title='bbox 1106 1445 1199 1475; x_wconf 82' lang='lat' dir='ltr'>quam</span> <span class='ocrx_word' id='word_1_381' title='bbox 1215 1435 1255 1465; x_wconf 88' lang='lat' dir='ltr'>ad</span> <span class='ocrx_word' id='word_1_382' title='bbox 1272 1435 1478 1476; x_wconf 65' lang='lat' dir='ltr'>pei&#39;sonalia.”</span> 
     </span>
     <span class='ocr_line' id='line_1_74' title="bbox 1127 1486 1863 1528; baseline -0.001 -11"><span class='ocrx_word' id='word_1_383' title='bbox 1127 1486 1164 1516; x_wconf 89' lang='lat' dir='ltr'>In</span> <span class='ocrx_word' id='word_1_384' title='bbox 1181 1486 1274 1523; x_wconf 83' lang='lat' dir='ltr'>calce,</span> <span class='ocrx_word' id='word_1_385' title='bbox 1286 1486 1395 1517; x_wconf 83' lang='lat' dir='ltr'>tabula</span> <span class='ocrx_word' id='word_1_386' title='bbox 1408 1486 1544 1517; x_wconf 87' lang='lat' dir='ltr'>omnium</span> <span class='ocrx_word' id='word_1_387' title='bbox 1562 1487 1769 1528; x_wconf 78' lang='lat' dir='ltr'>quaestionum</span> <span class='ocrx_word' id='word_1_388' title='bbox 1786 1497 1863 1528; x_wconf 69' lang='lat' dir='ltr'>prar-</span> 
     </span>
     <span class='ocr_line' id='line_1_75' title="bbox 1105 1537 1268 1568; baseline 0 -1"><span class='ocrx_word' id='word_1_389' title='bbox 1105 1537 1268 1568; x_wconf 84' lang='lat' dir='ltr'>dictarum.</span> 
     </span>
    </p>
   </div>
   <div class='ocr_carea' id='block_1_9' title="bbox 977 1598 1864 1756">
    <p class='ocr_par' dir='ltr' id='par_1_30' title="bbox 977 1598 1864 1756">
     <span class='ocr_line' id='line_1_76' title="bbox 1341 1598 1501 1633; baseline -0.006 -1"><span class='ocrx_word' id='word_1_390' title='bbox 1341 1598 1501 1633; x_wconf 80' lang='lat' dir='ltr'>XCVII.</span> 
     </span>
     <span class='ocr_line' id='line_1_77' title="bbox 977 1657 1864 1697; baseline -0.001 -6"><span class='ocrx_word' id='word_1_391' title='bbox 977 1657 1280 1697; x_wconf 73' lang='lat' dir='ltr'>Membranaceus,</span> <span class='ocrx_word' id='word_1_392' title='bbox 1293 1658 1328 1691; x_wconf 89' lang='lat' dir='ltr'>in</span> <span class='ocrx_word' id='word_1_393' title='bbox 1344 1657 1438 1696; x_wconf 87' lang='lat' dir='ltr'>folio,</span> <span class='ocrx_word' id='word_1_394' title='bbox 1454 1657 1488 1691; x_wconf 84' lang='lat' dir='ltr'>ff.</span> <span class='ocrx_word' id='word_1_395' title='bbox 1504 1660 1585 1697; x_wconf 87' lang='lat'>111,</span> <span class='ocrx_word' id='word_1_396' title='bbox 1604 1668 1670 1690; x_wconf 88' lang='lat' dir='ltr'>sec.</span> <span class='ocrx_word' id='word_1_397' title='bbox 1684 1658 1764 1696; x_wconf 64' lang='lat' dir='ltr'>xiv„</span> <span class='ocrx_word' id='word_1_398' title='bbox 1777 1657 1864 1691; x_wconf 74' lang='lat' dir='ltr'>binis</span> 
     </span>
     <span class='ocr_line' id='line_1_78' title="bbox 1000 1715 1862 1756; baseline 0 -7"><span class='ocrx_word' id='word_1_399' title='bbox 1000 1717 1172 1750; x_wconf 84' lang='lat' dir='ltr'>columnis</span> <span class='ocrx_word' id='word_1_400' title='bbox 1191 1721 1373 1756; x_wconf 79' lang='lat' dir='ltr'>exaratuS3</span> <span class='ocrx_word' id='word_1_401' title='bbox 1402 1727 1446 1750; x_wconf 81' lang='lat' dir='ltr'>ex</span> <span class='ocrx_word' id='word_1_402' title='bbox 1466 1716 1557 1750; x_wconf 87' lang='lat' dir='ltr'>dono</span> <span class='ocrx_word' id='word_1_403' title='bbox 1573 1715 1672 1749; x_wconf 87' lang='lat' dir='ltr'>Will.</span> <span class='ocrx_word' id='word_1_404' title='bbox 1689 1715 1862 1755; x_wconf 84' lang='lat' dir='ltr'>Duraunt,</span> 
     </span>
    </p>
   </div>
   <div class='ocr_carea' id='block_1_10' title="bbox 1000 1774 1588 1820">
    <p class='ocr_par' dir='ltr' id='par_1_31' title="bbox 1000 1774 1588 1820">
     <span class='ocr_line' id='line_1_79' title="bbox 1000 1774 1588 1820; baseline -0.002 -12"><span class='ocrx_word' id='word_1_405' title='bbox 1000 1775 1175 1820; x_wconf 82' lang='lat' dir='ltr'>quondam</span> <span class='ocrx_word' id='word_1_406' title='bbox 1196 1775 1276 1808; x_wconf 88' lang='lat' dir='ltr'>coll.</span> <span class='ocrx_word' id='word_1_407' title='bbox 1297 1774 1406 1808; x_wconf 87' lang='lat' dir='ltr'>Mert.</span> <span class='ocrx_word' id='word_1_408' title='bbox 1426 1775 1588 1809; x_wconf 79' lang='lat' dir='ltr'>custodis.</span> 
     </span>
    </p>
   </div>
   <div class='ocr_carea' id='block_1_11' title="bbox 1017 1834 1862 2174">
    <p class='ocr_par' dir='ltr' id='par_1_32' title="bbox 1017 1834 1862 2174">
     <span class='ocr_line' id='line_1_80' title="bbox 1017 1834 1862 1877; baseline 0 -12"><span class='ocrx_word' id='word_1_409' title='bbox 1017 1835 1146 1866; x_wconf 77' lang='lat' dir='ltr'>Thomae</span> <span class='ocrx_word' id='word_1_410' title='bbox 1163 1835 1332 1877; x_wconf 86' lang='lat' dir='ltr'>Aquinatis</span> <span class='ocrx_word' id='word_1_411' title='bbox 1353 1846 1447 1876; x_wconf 86' lang='lat' dir='ltr'>super</span> <span class='ocrx_word' id='word_1_412' title='bbox 1462 1835 1596 1877; x_wconf 88' lang='lat' dir='ltr'>primum</span> <span class='ocrx_word' id='word_1_413' title='bbox 1613 1834 1726 1865; x_wconf 90' lang='lat' dir='ltr'>librum</span> <span class='ocrx_word' id='word_1_414' title='bbox 1742 1843 1862 1865; x_wconf 85' lang='lat' dir='ltr'>senten-</span> 
     </span>
     <span class='ocr_line' id='line_1_81' title="bbox 1039 1886 1421 1917; baseline 0 -1"><span class='ocrx_word' id='word_1_415' title='bbox 1039 1887 1154 1917; x_wconf 87' lang='lat' dir='ltr'>tiarum</span> <span class='ocrx_word' id='word_1_416' title='bbox 1171 1886 1421 1917; x_wconf 83' lang='lat' dir='ltr'>commentarius.</span> 
     </span>
     <span class='ocr_line' id='line_1_82' title="bbox 1082 1937 1861 1979; baseline 0.001 -12"><span class='ocrx_word' id='word_1_417' title='bbox 1082 1937 1181 1978; x_wconf 90' lang='lat' dir='ltr'>Incip.</span> <span class='ocrx_word' id='word_1_418' title='bbox 1202 1937 1233 1967; x_wconf 90' lang='lat' dir='ltr'>in</span> <span class='ocrx_word' id='word_1_419' title='bbox 1254 1938 1356 1968; x_wconf 86' lang='lat' dir='ltr'>verbis</span> <span class='ocrx_word' id='word_1_420' title='bbox 1380 1941 1490 1978; x_wconf 78' lang='lat' dir='ltr'>quaest.</span> <span class='ocrx_word' id='word_1_421' title='bbox 1504 1937 1577 1974; x_wconf 67' lang='lat' dir='ltr'>viii„</span> <span class='ocrx_word' id='word_1_422' title='bbox 1595 1942 1612 1954; x_wconf 74' lang='lat'>‘⁴</span> <span class='ocrx_word' id='word_1_423' title='bbox 1625 1938 1792 1979; x_wconf 82' lang='lat' dir='ltr'>agendum,</span> <span class='ocrx_word' id='word_1_424' title='bbox 1808 1938 1861 1968; x_wconf 76' lang='lat' dir='ltr'>scd</span> 
     </span>
     <span class='ocr_line' id='line_1_83' title="bbox 1061 1989 1597 2031; baseline 0 -12"><span class='ocrx_word' id='word_1_425' title='bbox 1061 1989 1230 2030; x_wconf 72' lang='lat' dir='ltr'>Dyonisius</span> <span class='ocrx_word' id='word_1_426' title='bbox 1245 1990 1330 2030; x_wconf 87' lang='lat' dir='ltr'>prius</span> <span class='ocrx_word' id='word_1_427' title='bbox 1346 1990 1412 2031; x_wconf 78' lang='lat' dir='ltr'>agit</span> <span class='ocrx_word' id='word_1_428' title='bbox 1429 1990 1467 2020; x_wconf 89' lang='lat' dir='ltr'>de</span> <span class='ocrx_word' id='word_1_429' title='bbox 1483 1989 1597 2020; x_wconf 89' lang='lat' dir='ltr'>bono.&#39;&#39;</span> 
     </span>
     <span class='ocr_line' id='line_1_84' title="bbox 1080 2040 1809 2083; baseline 0.001 -13"><span class='ocrx_word' id='word_1_430' title='bbox 1080 2040 1117 2071; x_wconf 89' lang='lat' dir='ltr'>In</span> <span class='ocrx_word' id='word_1_431' title='bbox 1135 2041 1229 2077; x_wconf 83' lang='lat' dir='ltr'>calce,</span> <span class='ocrx_word' id='word_1_432' title='bbox 1248 2046 1266 2057; x_wconf 75' lang='lat'>⁴⁴</span> <span class='ocrx_word' id='word_1_433' title='bbox 1279 2041 1418 2082; x_wconf 85' lang='lat' dir='ltr'>Explicit</span> <span class='ocrx_word' id='word_1_434' title='bbox 1435 2041 1553 2083; x_wconf 85' lang='lat' dir='ltr'>primus</span> <span class='ocrx_word' id='word_1_435' title='bbox 1569 2041 1647 2071; x_wconf 87' lang='lat' dir='ltr'>liber</span> <span class='ocrx_word' id='word_1_436' title='bbox 1663 2041 1809 2071; x_wconf 54' lang='lat' dir='ltr'>Thomef*</span> 
     </span>
     <span class='ocr_line' id='line_1_85' title="bbox 1080 2092 1858 2134; baseline 0.001 -12"><span class='ocrx_word' id='word_1_437' title='bbox 1080 2097 1098 2109; x_wconf 89' lang='lat'>“</span> <span class='ocrx_word' id='word_1_438' title='bbox 1114 2092 1173 2123; x_wconf 88' lang='lat' dir='ltr'>Est</span> <span class='ocrx_word' id='word_1_439' title='bbox 1188 2092 1267 2123; x_wconf 73' lang='lat' dir='ltr'>liber</span> <span class='ocrx_word' id='word_1_440' title='bbox 1282 2092 1330 2123; x_wconf 88' lang='lat' dir='ltr'>hic</span> <span class='ocrx_word' id='word_1_441' title='bbox 1347 2092 1492 2134; x_wconf 83' lang='lat' dir='ltr'>scriptus,</span> <span class='ocrx_word' id='word_1_442' title='bbox 1507 2093 1558 2133; x_wconf 91' lang='lat' dir='ltr'>qui</span> <span class='ocrx_word' id='word_1_443' title='bbox 1574 2092 1697 2134; x_wconf 83' lang='lat' dir='ltr'>scripsit</span> <span class='ocrx_word' id='word_1_444' title='bbox 1713 2092 1753 2123; x_wconf 87' lang='lat' dir='ltr'>sit</span> <span class='ocrx_word' id='word_1_445' title='bbox 1770 2093 1858 2123; x_wconf 79' lang='lat' dir='ltr'>bene-</span> 
     </span>
     <span class='ocr_line' id='line_1_86' title="bbox 1058 2143 1189 2174; baseline 0.008 -1"><span class='ocrx_word' id='word_1_446' title='bbox 1058 2143 1189 2174; x_wconf 61' lang='lat' dir='ltr'>diotusf&#39;</span> 
     </span>
    </p>
   </div>
   <div class='ocr_carea' id='block_1_12' title="bbox 1080 2195 1584 2236">
    <p class='ocr_par' dir='ltr' id='par_1_33' title="bbox 1080 2195 1584 2236">
     <span class='ocr_line' id='line_1_87' title="bbox 1080 2195 1584 2236; baseline 0 -11"><span class='ocrx_word' id='word_1_447' title='bbox 1080 2195 1228 2236; x_wconf 84' lang='lat' dir='ltr'>Sequitur</span> <span class='ocrx_word' id='word_1_448' title='bbox 1244 2195 1352 2226; x_wconf 82' lang='lat' dir='ltr'>tabula</span> <span class='ocrx_word' id='word_1_449' title='bbox 1369 2195 1584 2236; x_wconf 73' lang='lat' dir='ltr'>quaestionum.</span> 
     </span>
    </p>
   </div>
   <div class='ocr_carea' id='block_1_13' title="bbox 974 2298 1854 2789">
    <p class='ocr_par' dir='ltr' id='par_1_34' title="bbox 1329 2298 1508 2333">
     <span class='ocr_line' id='line_1_88' title="bbox 1329 2298 1508 2333; baseline -0.006 -1"><span class='ocrx_word' id='word_1_450' title='bbox 1329 2298 1508 2333; x_wconf 84' lang='lat' dir='ltr'>XCVIII.</span> 
     </span>
    </p>

    <p class='ocr_par' dir='ltr' id='par_1_35' title="bbox 974 2359 1854 2521">
     <span class='ocr_line' id='line_1_89' title="bbox 974 2359 1854 2401; baseline -0.001 -8"><span class='ocrx_word' id='word_1_451' title='bbox 974 2360 1276 2401; x_wconf 81' lang='lat' dir='ltr'>Membranaceus,</span> <span class='ocrx_word' id='word_1_452' title='bbox 1292 2361 1327 2394; x_wconf 88' lang='lat' dir='ltr'>in</span> <span class='ocrx_word' id='word_1_453' title='bbox 1342 2361 1436 2401; x_wconf 86' lang='lat' dir='ltr'>folio,</span> <span class='ocrx_word' id='word_1_454' title='bbox 1450 2361 1483 2394; x_wconf 79' lang='lat' dir='ltr'>ff.</span> <span class='ocrx_word' id='word_1_455' title='bbox 1501 2359 1581 2399; x_wconf 72' lang='lat'><strong>206,</strong></span> <span class='ocrx_word' id='word_1_456' title='bbox 1597 2372 1662 2393; x_wconf 78' lang='lat' dir='ltr'>sec.</span> <span class='ocrx_word' id='word_1_457' title='bbox 1673 2361 1751 2399; x_wconf 69' lang='lat' dir='ltr'>xiv„</span> <span class='ocrx_word' id='word_1_458' title='bbox 1767 2360 1854 2393; x_wconf 77' lang='lat' dir='ltr'>binis</span> 
     </span>
     <span class='ocr_line' id='line_1_90' title="bbox 995 2418 1854 2463; baseline -0.002 -10"><span class='ocrx_word' id='word_1_459' title='bbox 995 2419 1166 2453; x_wconf 82' lang='lat' dir='ltr'>columnis</span> <span class='ocrx_word' id='word_1_460' title='bbox 1184 2425 1365 2460; x_wconf 79' lang='lat' dir='ltr'>exaratus;</span> <span class='ocrx_word' id='word_1_461' title='bbox 1393 2432 1437 2453; x_wconf 79' lang='lat' dir='ltr'>ex</span> <span class='ocrx_word' id='word_1_462' title='bbox 1465 2420 1555 2452; x_wconf 88' lang='lat' dir='ltr'>douo</span> <span class='ocrx_word' id='word_1_463' title='bbox 1574 2419 1595 2452; x_wconf 81' lang='lat' dir='ltr'>J</span> <span class='ocrx_word' id='word_1_464' title='bbox 1600 2419 1742 2452; x_wconf 79' lang='lat' dir='ltr'>ohannis</span> <span class='ocrx_word' id='word_1_465' title='bbox 1761 2418 1854 2463; x_wconf 74' lang='lat' dir='ltr'>Gyg-</span> 
     </span>
     <span class='ocr_line' id='line_1_91' title="bbox 994 2475 1705 2521; baseline -0.003 -12"><span class='ocrx_word' id='word_1_466' title='bbox 994 2476 1088 2521; x_wconf 80' lang='lat' dir='ltr'>gard,</span> <span class='ocrx_word' id='word_1_467' title='bbox 1108 2476 1179 2509; x_wconf 88' lang='lat' dir='ltr'>sive</span> <span class='ocrx_word' id='word_1_468' title='bbox 1199 2475 1329 2521; x_wconf 72' lang='lat' dir='ltr'>Gygur,</span> <span class='ocrx_word' id='word_1_469' title='bbox 1349 2477 1524 2521; x_wconf 81' lang='lat' dir='ltr'>quondam</span> <span class='ocrx_word' id='word_1_470' title='bbox 1543 2475 1705 2509; x_wconf 84' lang='lat' dir='ltr'>custodis.</span> 
     </span>
    </p>

    <p class='ocr_par' dir='ltr' id='par_1_36' title="bbox 1011 2534 1852 2789">
     <span class='ocr_line' id='line_1_92' title="bbox 1013 2534 1852 2576; baseline -0.001 -11"><span class='ocrx_word' id='word_1_471' title='bbox 1013 2536 1040 2565; x_wconf 90' lang='lat'>1.</span> <span class='ocrx_word' id='word_1_472' title='bbox 1057 2535 1187 2566; x_wconf 81' lang='lat' dir='ltr'>Thomae</span> <span class='ocrx_word' id='word_1_473' title='bbox 1204 2535 1374 2576; x_wconf 83' lang='lat' dir='ltr'>Aquinatis</span> <span class='ocrx_word' id='word_1_474' title='bbox 1394 2546 1486 2576; x_wconf 85' lang='lat' dir='ltr'>super</span> <span class='ocrx_word' id='word_1_475' title='bbox 1507 2534 1731 2565; x_wconf 78' lang='lat' dir='ltr'>sententiarum</span> <span class='ocrx_word' id='word_1_476' title='bbox 1747 2545 1852 2564; x_wconf 86' lang='lat' dir='ltr'>sccun-</span> 
     </span>
     <span class='ocr_line' id='line_1_93' title="bbox 1076 2585 1659 2617; baseline -0.002 -1"><span class='ocrx_word' id='word_1_477' title='bbox 1076 2587 1149 2616; x_wconf 86' lang='lat' dir='ltr'>dum</span> <span class='ocrx_word' id='word_1_478' title='bbox 1166 2586 1279 2617; x_wconf 87' lang='lat' dir='ltr'>librum</span> <span class='ocrx_word' id='word_1_479' title='bbox 1295 2586 1543 2617; x_wconf 81' lang='lat' dir='ltr'>connnentarius.</span> <span class='ocrx_word' id='word_1_480' title='bbox 1567 2585 1617 2615; x_wconf 80' lang='lat' dir='ltr'>fol.</span> <span class='ocrx_word' id='word_1_481' title='bbox 1636 2596 1659 2615; x_wconf 91' lang='lat'>1.</span> 
     </span>
     <span class='ocr_line' id='line_1_94' title="bbox 1120 2637 1485 2677; baseline 0 -10"><span class='ocrx_word' id='word_1_482' title='bbox 1120 2638 1159 2667; x_wconf 87' lang='lat' dir='ltr'>In</span> <span class='ocrx_word' id='word_1_483' title='bbox 1175 2637 1268 2674; x_wconf 83' lang='lat' dir='ltr'>calce,</span> <span class='ocrx_word' id='word_1_484' title='bbox 1286 2643 1304 2654; x_wconf 82' lang='grc'>“</span> <span class='ocrx_word' id='word_1_485' title='bbox 1317 2637 1485 2677; x_wconf 72' lang='lat' dir='ltr'>Explicit.&#39;&#39;</span> 
     </span>
     <span class='ocr_line' id='line_1_95' title="bbox 1011 2694 1849 2732; baseline -0.004 -5"><span class='ocrx_word' id='word_1_486' title='bbox 1011 2698 1040 2727; x_wconf 71' lang='lat'>2.</span> <span class='ocrx_word' id='word_1_487' title='bbox 1059 2696 1187 2727; x_wconf 85' lang='lat' dir='ltr'>Ricardi</span> <span class='ocrx_word' id='word_1_488' title='bbox 1209 2697 1247 2727; x_wconf 88' lang='lat' dir='ltr'>de</span> <span class='ocrx_word' id='word_1_489' title='bbox 1267 2695 1472 2732; x_wconf 81' lang='lat' dir='ltr'>Media-villa,</span> <span class='ocrx_word' id='word_1_490' title='bbox 1492 2695 1554 2725; x_wconf 83' lang='lat' dir='ltr'>sive</span> <span class='ocrx_word' id='word_1_491' title='bbox 1577 2694 1766 2731; x_wconf 73' lang='lat' dir='ltr'>Middleton,</span> <span class='ocrx_word' id='word_1_492' title='bbox 1783 2695 1849 2725; x_wconf 83' lang='lat' dir='ltr'>ord.</span> 
     </span>
     <span class='ocr_line' id='line_1_96' title="bbox 1075 2746 1851 2789; baseline -0.003 -11"><span class='ocrx_word' id='word_1_493' title='bbox 1075 2748 1193 2779; x_wconf 87' lang='lat' dir='ltr'>Minor.</span> <span class='ocrx_word' id='word_1_494' title='bbox 1228 2749 1386 2789; x_wconf 85' lang='lat' dir='ltr'>Scriptum</span> <span class='ocrx_word' id='word_1_495' title='bbox 1402 2758 1494 2789; x_wconf 83' lang='lat' dir='ltr'>super</span> <span class='ocrx_word' id='word_1_496' title='bbox 1508 2747 1641 2788; x_wconf 88' lang='lat' dir='ltr'>primum</span> <span class='ocrx_word' id='word_1_497' title='bbox 1657 2746 1768 2777; x_wconf 88' lang='lat' dir='ltr'>librum</span> <span class='ocrx_word' id='word_1_498' title='bbox 1785 2758 1851 2777; x_wconf 83' lang='lat' dir='ltr'>sen-</span> 
     </span>
    </p>
   </div>
   <div class='ocr_carea' id='block_1_14' title="bbox 1074 2799 1414 2877">
    <p class='ocr_par' dir='ltr' id='par_1_37' title="bbox 1074 2799 1414 2877">
     <span class='ocr_line' id='line_1_97' title="bbox 1074 2799 1414 2830; baseline -0.003 0"><span class='ocrx_word' id='word_1_499' title='bbox 1074 2799 1254 2830; x_wconf 86' lang='lat' dir='ltr'>tentiarum.</span> <span class='ocrx_word' id='word_1_500' title='bbox 1279 2800 1329 2830; x_wconf 85' lang='lat' dir='ltr'>fol.</span> <span class='ocrx_word' id='word_1_501' title='bbox 1346 2809 1357 2830; x_wconf 86' lang='lat'>1</span> <span class='ocrx_word' id='word_1_502' title='bbox 1368 2800 1414 2830; x_wconf 77' lang='lat'>18.</span> 
     </span>
     <span class='ocr_line' id='line_1_98' title="bbox 1116 2854 1141 2877; baseline 0 0"><span class='ocrx_word' id='word_1_503' title='bbox 1116 2854 1141 2877; x_wconf 88' lang='lat' dir='ltr'>H</span> 
     </span>
    </p>
   </div>
  </div>
 </body>
</html>
