2254 3117
380 169 426 199 88

462 261 611 302 pendiosa
636 259 778 291 doctrina,
804 269 859 299 per
884 258 1005 288 litteras
1031 258 1071 288 ad
1098 257 1194 287 filium
1220 258 1257 288 (16

462 312 654 354 proprietate
670 320 854 340 sermonum.
877 308 928 339 fol.
946 318 971 340 2.

398 371 426 398 Ξ.
446 368 494 399 De
513 366 640 398 diversis
663 352 1073 405 acceptionibus⁰n0minum
1096 367 1128 393 et
1151 363 1257 393 verbo-

462 429 538 448 rum.
561 417 612 447 fol.
631 425 671 456 74
686 416 714 446 b.

397 471 423 499 3.
444 469 492 499 De
507 467 687 498 differentiis
704 466 876 496 verborum.
901 464 951 494 fol.
970 473 1035 503 147.

398 522 425 550 4.
443 520 490 550 De
504 529 617 560 genere
632 517 832 558 navigiorum.
858 516 908 546 fol.
926 516 983 546 180
997 516 1024 546 b.

395 574 424 601 5.
443 570 490 600 De
504 581 616 611 genere
632 569 894 599 vestimentorum.
920 567 970 597 fol.
990 567 1054 597 182.

396 622 422 652 6.
442 621 489 651 Dc
504 632 616 661 genere
631 631 785 651 vasorum.
808 619 858 649 fol.
876 619 943 657 184.

397 673 423 703 7.
442 672 489 702 De
504 682 615 712 genere
632 670 777 701 colorum.
801 670 850 700 sol.
868 670 936 699 186.

396 725 424 752 8.
443 723 490 753 De
505 733 618 763 genere
634 721 778 752 ciborum.
803 721 853 751 sol.
874 721 938 758 187.

396 778 423 807 9.
444 774 490 804 De
505 784 617 814 genere
631 783 797 803 armorum.
821 772 872 802 sol.
887 772 944 811 187
959 771 988 801 b.

502 823 599 854 Defic.
616 824 647 853 in
662 823 772 859 verbis,
790 828 807 839 ‘⁵
820 834 857 853 cx
874 833 964 852 cursu
979 821 1036 852 levi
1058 821 1135 851 armi
1156 820 1255 861 gravi—

480 876 537 906 bus
552 886 613 906 non
629 875 769 916 impediti
786 874 839 904 ca„

713 960 916 995 CCLXIII.

375 1026 495 1059 Codex
513 1025 725 1063 chartaceus,
740 1024 774 1055 iu
793 1022 875 1055 folio
890 1023 1024 1061 minori,
1040 1021 1074 1054 ff.
1090 1020 1169 1059 176,
1188 1033 1254 1055 sec.

400 1095 454 1117 xv.
469 1083 640 1120 ineuntis;
662 1082 750 1115 binis
769 1080 937 1114 columnis
954 1080 1045 1113 haud
1065 1091 1133 1112 una
1150 1091 1255 1112 manu

398 1146 568 1175 exaratus.

417 1207 444 1237 l.
462 1206 618 1246 Anonymi
634 1205 794 1246 cujusdam
809 1204 848 1234 de
863 1203 1038 1244 epistolaris
1054 1206 1167 1233 natura
1184 1202 1255 1232 Dic-

479 1257 614 1288 taminis.
638 1256 688 1286 fol.
707 1266 730 1285 1.

523 1308 619 1348 Incip.
637 1312 654 1323 “
667 1307 745 1337 Cum
760 1305 842 1336 inter
854 1305 990 1345 jocunda
1005 1304 1225 1335 familiariter.''

522 1359 626 1389 Dcsin.
646 1362 663 1375 ‘⁶
675 1369 728 1388 eos
743 1356 911 1397 sapidiores
927 1356 1111 1387 auditoris.”

415 1417 444 1445 2.
462 1414 618 1455 Anonymi
637 1413 798 1453 cujusdam
816 1412 951 1443 auctoris
971 1412 1048 1442 liber
1063 1411 1114 1451 qui
1132 1410 1253 1446 dicitur,

480 1469 488 1482 ‘
502 1464 576 1495 Tria
592 1464 683 1494 sunt.7
706 1463 757 1493 fol.
774 1471 789 1503 7
805 1463 835 1493 b.

522 1515 618 1556 Incip.
637 1519 654 1531 ‘⁶
665 1514 740 1545 Tria
756 1517 828 1544 sunt
843 1513 924 1544 circa
940 1524 998 1554 quc
1015 1511 1205 1553 cujuslibet.''

521 1567 560 1597 In
581 1566 672 1602 calce,
693 1571 710 1582 “
724 1565 860 1606 Explicit
883 1568 1047 1599 tractatus,
1070 1563 1121 1604 qui
1142 1563 1255 1593 dicitur

499 1618 574 1648 Tria
589 1616 690 1647 sunt.”

414 1679 443 1708 3.
461 1677 596 1708 Galfridi
628 1676 680 1717 [de
708 1675 907 1715 Vino-salvo]
943 1684 1066 1705 carmen
1100 1674 1138 1703 de
1175 1684 1254 1704 nova

478 1728 609 1769 poetria,
625 1727 762 1757 versibus
778 1726 916 1756 heroicis.
942 1725 991 1755 sol.
1004 1734 1043 1766 32
1058 1724 1085 1754 b.

522 1778 617 1819 Incip.

414 1836 432 1847 “
459 1853 887 1861 .........
912 1827 1033 1857 nocenti

565 1906 569 1911 .
615 1881 750 1911 tribuam
798 1904 804 1909 .
851 1905 855 1909 .
906 1903 911 1908 .
935 1882 1029 1919 caput
1044 1878 1167 1908 addam.

457 1931 560 1962 Testis
576 1936 643 1962 erat
660 1942 771 1961 nomen
787 1930 877 1960 metri
895 1929 952 1960 tibi
968 1928 1032 1959 vult
1047 1929 1212 1959 simulai·i.”

521 1983 559 2013 In
572 1982 664 2019 calce,
680 1988 696 1998 ‘⁶
709 1981 843 2022 Explicit
856 1981 934 2011 liber
949 1980 1107 2021 magistris
1119 1979 1253 2011 Galfridi

499 2035 536 2064 dc
552 2045 631 2064 nova
645 2033 798 2074 poct1·ia.”

415 2096 443 2124 4.
460 2093 629 2124 Tractatus
644 2093 682 2122 de
697 2095 765 2123 arte
781 2090 967 2122 Dictaminis
982 2089 1116 2131 episcopi
1133 2089 1254 2120 Carlco-

477 2145 579 2181 lensis,
589 2144 798 2186 [scilffhmnae
810 2144 847 2173 dc
860 2141 1129 2182 Novo-Mercatu.]
1144 2141 1162 2171 f.
1173 2151 1215 2180 44
1225 2141 1252 2170 b.

521 2197 617 2237 Incip.
643 2201 660 2212 “
674 2195 879 2226 Dilectissimo
903 2194 1000 2225 frater
1022 2194 1054 2224 in
1076 2193 1201 2225 Christo
1223 2192 1254 2222 in

499 2247 632 2287 quodam
648 2246 789 2276 a11101·is.”
854 2247 861 2253 ”

521 2296 559 2327 In
571 2296 664 2331 calce,
678 2302 696 2312 ‘¹
709 2295 846 2336 Explicit
862 2299 1018 2325 tractatus
1034 2294 1169 2335 episcopi
1181 2294 1253 2324 Car-

498 2347 632 2378 liolensis
648 2347 686 2376 (16
702 2346 801 2376 titulis
817 2345 1025 2376 <licta1niuis.’'

414 2411 443 2439 5.
460 2407 612 2440 Guidonis
632 2407 669 2437 dc
688 2406 844 2437 Columnis
862 2406 1005 2436 Historia
1026 2406 1064 2435 de
1084 2404 1163 2435 bello
1179 2403 1254 2434 Tro-

474 2460 559 2500 jano,
576 2469 645 2489 cum
661 2457 789 2497 epilogo.
814 2456 865 2485 fol.
880 2466 919 2496 49
933 2455 961 2485 b.

520 2510 558 2540 In
574 2509 666 2545 calce,
686 2512 703 2524 “
717 2507 850 2537 Factum
866 2510 913 2536 est
932 2516 1058 2546 prcsens
1076 2516 1153 2546 opus
1174 2514 1255 2535 anno

500 2559 661 2590 Dominice
687 2550 916 2588 Incarnacionis
940 2555 1154 2596 ni.cc.lxxxvij.
1178 2555 1254 2596 ejus-

499 2611 569 2641 dem
579 2610 677 2651 prime
687 2607 871 2639 indictionis.
895 2606 960 2636 Deo
970 2607 1088 2647 gratias
1098 2605 1254 2647 agamus.“'

415 2669 444 2701 6.
461 2670 480 2700 J
483 2669 613 2701 ohannis
627 2666 853 2699 Lemovicensis
868 2665 1016 2696 somniale
1032 2665 1255 2696 Dilucidarium

480 2719 653 2751 Pharaonis
673 2719 712 2749 ad
729 2716 943 2748 Theobaldum
959 2726 1062 2756 regem
1079 2715 1254 2751 Navarinae‚

479 2782 548 2802 cum
563 2770 690 2811 prologo
703 2772 735 2800 et
750 2767 956 2809 capitulorum
969 2766 1084 2797 tabula.
1106 2766 1157 2796 fol.
1173 2777 1183 2796 1
1194 2776 1239 2804 14.

936 156 1236 192 CATALOGUS
1262 155 1497 191 CODICUM
1526 154 1633 189 MSS.

1439 253 1537 293 Incip.
1555 257 1572 269 ‘⁴
1586 252 1655 282 Rex
1669 251 1820 282 virtutum
1835 261 2052 291 progressurus
2071 252 2111 282 ad
2127 263 2193 293 pre-

1417 305 1491 335 lium
1506 304 1653 334 adversus
1668 302 1822 343 principes
1837 302 2064 332 teneb1·arum.”

1441 354 1546 385 Desin.
1565 358 1582 370 “
1595 357 1626 384 et
1643 364 1701 383 vox
1718 353 1836 389 laudis3
1861 353 1991 383 Amen.''

1440 406 1477 436 In
1490 405 1583 441 calce,
1597 409 1615 421 ‘⁴
1627 404 1763 445 Explicit
1776 403 1953 444 Sompniale
1963 403 2193 434 Delucidarium

1419 455 1592 486 Pharaonis
1608 454 1812 495 compositum
1828 465 1883 495 per
1894 454 1915 484 J
1919 455 2072 484 ohannem
2087 453 2193 484 Lemo-

1417 507 1568 536 vicenscm
1584 506 1624 536 ad
1640 517 1743 547 regem
1760 505 1947 536 Navarine.’'

1333 564 1359 594 7.
1378 562 1503 592 Ricardi
1520 562 1558 592 de
1574 561 1658 602 Bury
1676 561 1892 591 Philobiblion.
1916 561 1967 591 fol.
1987 570 2045 599 124
2056 560 2085 590 b.

1439 613 1476 643 In
1498 613 1591 650 calce,
1610 616 1627 629 “
1642 612 1779 653 Explicit
1796 611 1992 642 Philobiblon
2012 610 2127 641 domini
2146 609 2195 640 Ri.

1416 665 1454 695 do
1478 664 1571 705 Bury,
1596 663 1813 694 Dunelmensis
1838 662 1995 704 episcopi;
2023 661 2195 703 completus

1416 719 1463 745 est
1485 720 1592 745 autem
1612 718 1767 745 tractatus
1790 714 1849 744 iste
1872 713 1903 743 in
1926 712 2063 743 manerio
2086 717 2194 742 nostro

1415 816 1639 856 m.ccc.xliiij.‚''
1655 819 1713 846 etc.

1330 873 1358 902 8.
1379 870 1556 912 [Matthaei]
1575 870 1602 900 V
1605 868 1810 900 indocinensis
1825 871 1982 899 tractatus
1994 867 2032 897 de
2048 870 2116 897 arte
2129 877 2194 897 ver-

1393 922 1570 952 sificatoria.
1594 921 1646 951 fol.
1664 920 1733 961 138.

1439 973 1534 1014 Incip.
1553 978 1570 989 “
1584 972 1631 1002 Ν6
1647 982 1732 1002 meas
1748 970 1897 1000 viderer.”

1437 1024 1542 1055 Desin.
1567 1029 1584 1040 “
1602 1022 1739 1064 Explicit
1766 1021 1929 1052 emeritum
1954 1018 2192 1050 Vindocinensis

1415 1076 1524 1116 opus.’'

1437 1126 1475 1156 In
1491 1125 1584 1162 calce,
1601 1129 1619 1142 “
1633 1124 1769 1165 Explicit
1785 1126 1940 1154 tractatus
1953 1120 2193 1151 Vindocinensis

1416 1178 1454 1207 (lc.
1469 1182 1537 1208 arte
1554 1175 1806 1207 versificatoria.''

1330 1231 1358 1262 9.
1377 1228 1515 1259 Gervasii
1530 1228 1567 1258 dc
1584 1226 1808 1257 Saltu-Lacteo
1824 1228 1980 1256 tractatus
1996 1224 2033 1254 de
2049 1227 2117 1254 arte
2129 1233 2194 1253 vcr-

1395 1279 1564 1310 sificatoria
1594 1282 1626 1308 et
1655 1277 1748 1307 modo
1778 1276 1916 1307 dictandi
1946 1275 1987 1306 ad
2016 1275 2037 1305 J
2041 1274 2194 1306 ohannem

1396 1330 1522 1365 Album,
1547 1334 1555 1347 ⁶
1569 1340 1630 1359 non
1653 1332 1719 1359 tam
1743 1327 1871 1364 socium,
1894 1337 1986 1367 quam
2010 1325 2194 1366 magistrum

1395 1382 1504 1411 suum.'
1528 1380 1578 1410 fol.
1597 1389 1654 1420 153
1667 1379 1696 1409 b.

1438 1429 1534 1470 Incip.
1552 1433 1571 1446 “
1585 1429 1719 1459 Armata
1734 1431 1782 1458 cst
1797 1427 1950 1467 majorum
1965 1424 2108 1467 petitio.”

1284 1473 1288 1534 Ι
1439 1481 1475 1510 ln
1495 1481 1623 1522 prologo
1645 1484 1783 1510 recenset
1803 1478 1969 1519 scriptores
1988 1477 2026 1507 de
2044 1481 2113 1507 arte
2129 1486 2194 1505 ver-

1415 1532 1583 1562 sificatoria
1606 1534 1780 1571 soquentes,
1806 1534 1822 1546 ‘⁸
1836 1529 2026 1559 Mattliaeum
2046 1525 2193 1557 Vindoci-

1414 1594 1551 1619 nenscm,
1563 1582 1737 1613 Galfridum
1750 1580 1866 1611 Vinesa
1882 1579 2061 1620 [Vinsauf],
2072 1581 2104 1608 et
2120 1577 2194 1607 Ber-

1414 1634 1546 1664 nardum
1562 1632 1779 1674 Sylvcstrem.”

1436 1685 1540 1715 Desin.
1558 1695 1644 1725 opus,
1662 1688 1680 1700 ‘⁶
1693 1683 1842 1714 delectari
1864 1682 2016 1717 nolumus,
2034 1680 2087 1711 sed
2103 1679 2194 1720 prod-

1414 1737 1513 1767 esse.”

1435 1788 1472 1818 In
1498 1788 1589 1823 calce,
1615 1786 1783 1828 “Explicit
1810 1789 1964 1816 tractatus
1989 1783 2127 1815 Gervasii
2155 1783 2193 1813 de

1415 1839 1637 1870 Saltu-Lacteo
1656 1838 1694 1868 de
1716 1843 1785 1868 arte
1804 1835 2028 1868 versificatoria
2049 1838 2082 1866 et
2101 1834 2193 1865 modo

1414 1890 1584 1921 dictandi.”

1649 1968 1850 2003 CCLXIV.

1308 2035 1428 2069 Codex
1450 2033 1743 2071 membranaceus,
1765 2032 1800 2064 in
1820 2034 1889 2069 4to,
1913 2030 1948 2064 ff.
1966 2032 2023 2068 98,
2048 2040 2115 2062 sec.
2135 2039 2190 2061 xv.

1332 2093 1503 2129 ineuntis:
1530 2091 1613 2125 olim
1632 2090 1714 2124 eccl.
1734 2089 1774 2123 B.
1791 2089 1886 2122 Petri
1902 2087 2152 2121 Westmonast.

1351 2154 1446 2194 Opus.
1469 2151 1550 2193 quod
1572 2151 1685 2181 dicitur
1707 2150 1822 2180 Forma
1843 2148 2079 2189 Religiosorum,
2104 2146 2136 2176 in
2159 2145 2192 2176 li-

1371 2203 1444 2233 bros
1460 2206 1523 2233 tres
1542 2201 1756 2238 distributum,
1772 2199 1894 2241 praeviis
1915 2197 2058 2240 capitulis
2076 2200 2109 2228 et
2124 2206 2192 2238 pro-

1372 2254 1452 2294 logo.

1416 2304 1512 2345 Incip.
1525 2303 1602 2345 prol.
1616 2307 1633 2320 “
1646 2303 1762 2333 Forma
1777 2301 1990 2342 religiosorum
2003 2299 2117 2330 dicitur
2132 2298 2191 2329 iste

1392 2355 1469 2385 liber
1484 2360 1515 2385 et
1533 2355 1618 2391 bene,
1635 2354 1709 2395 quia
1729 2353 1897 2384 secundum
1912 2351 2086 2382 doctrinam
2106 2349 2137 2380 in
2155 2360 2192 2380 6ο

1393 2410 1573 2437 contentam
1590 2405 1689 2435 vivere
1706 2404 1773 2446 quis
1788 2402 1948 2434 voluerit.”

1414 2458 1475 2488 Tit.
1492 2457 1544 2487 lib.
1561 2457 1579 2486 i.
1603 2462 1620 2473 ‘²
1633 2456 1748 2496 Incipit
1771 2454 1890 2485 libellus
1911 2454 1962 2495 qui
1983 2452 2096 2483 dicitur
2115 2450 2192 2481 For-

1392 2509 1475 2539 mula
1488 2508 1722 2549 Religiosorum.
1746 2506 1821 2547 Cap.
1835 2516 1880 2546 pr.
1894 2504 1975 2543 Quid
1988 2503 2081 2534 debes
2093 2501 2192 2543 primo

1392 2559 1619 2590 considerare.''

1416 2610 1511 2652 Incip.
1527 2614 1544 2626 “
1557 2609 1663 2640 Primo
1678 2608 1873 2639 considerare
1888 2607 1981 2637 debes
1997 2615 2092 2646 quare
2103 2614 2191 2634 vene-

1392 2661 1434 2692 ris
1451 2664 1483 2692 et
1499 2661 1539 2692 ad
1555 2660 1629 2701 quid
1644 2660 1794 2691 veneris.”

1414 2712 1521 2743 Desin.
1541 2712 1592 2742 lib.
1613 2711 1653 2742 iii.
1676 2710 1728 2752 qui
1750 2710 1782 2740 in
1804 2712 1924 2750 septem
1947 2716 2107 2749 processus
2130 2704 2190 2735 dis-

1393 2763 1564 2805 tinguitur3
1589 2766 1674 2793 “aut
1693 2772 1762 2793 cum
1783 2760 1902 2802 gratias
1924 2758 2045 2799 agimus
2067 2767 2123 2798 pro
2142 2767 2191 2787 ac-

2250 2779 2254 2863 J

2244 2971 2254 3117 1
