2254 3117
620 153 857 188 COLLEGH
886 152 1295 187 LINCOLNIENSIS.
1844 156 1864 188 7

131 252 252 283 Pascha
266 252 433 283 celebravit
447 253 555 283 eodem
568 256 707 293 tempore
723 263 792 283 cum
803 252 822 282 J
827 251 932 282 udaeis.

130 304 180 334 fol.
198 315 206 334 1
215 314 255 344 50
271 304 300 334 b.

175 355 236 386 Tit.
255 355 397 393 Εὐθυμίου
422 357 589 394 Ζυγαριιυῦ
613 356 657 385 ὅτι
680 355 752 384 κατὰ
771 354 822 391 τὴν
845 354 933 392 μεγά-

152 412 207 444 λην
224 406 244 437 ε’
263 407 308 436 καὶ
325 407 356 436 τὸ
374 407 493 444 νομικὸν
506 406 607 446 πάσχα
625 405 763 436 ἐτέλεσεν
776 406 790 434 ὁ
807 405 934 443 Χριστὸς

151 459 223 495 μετὰ
239 460 296 487 τῶν
311 460 446 495 μαθητῶν
462 457 557 487 αὐτοῦ.

177 509 272 549 lneip.
290 509 380 547 ὀψίας
395 510 426 538 δὲ
443 508 610 547 γενομένης.

50 566 98 595 10.
116 564 220 594 Photii
245 570 277 594 et
294 563 422 604 Ignatii,
447 563 698 604 patriarcharum
721 561 828 597 CP01.,
853 561 933 602 capi-

133 615 199 646 tula
215 615 252 645 de
270 615 464 656 processione
482 614 617 655 Spiritus
634 613 751 644 Sancti.
782 613 834 643 fol.
850 622 917 653 152⁷..

175 666 238 697 Tit.
254 668 304 696 τοῦ
320 667 352 696 ἐν
368 666 472 705 ἁγίοις,
489 679 513 695 κ.
526 670 555 695 λ.
579 666 693 695 Φωτίου
705 677 839 703 πατριαρ.
855 667 934 694 Κων-

155 730 255 748 σταντ.
273 718 319 748 καὶ
338 717 494 756 Ἰγνατίου,
510 729 642 755 πατριαρ,
661 719 828 747 Κωνσταντ.
847 715 935 755 κεφά-

154 774 224 800 λαια
241 768 394 799 ἐκτεθέντα
409 767 474 806 παρ’
489 768 582 798 αὐτῶν
594 768 658 806 περὶ
674 769 723 805 τῆς
739 768 936 806 ἐκπορεύσεως

154 823 205 851 τοῦ
220 822 304 859 ἁγίου
321 821 501 857 Πνεύματος.

151 899 153 901 .
179 872 278 912 Incip.
295 871 393 908 ἐπειδὴ
410 872 424 900 ὁ
441 871 512 902 ’Υἱὸς
528 872 599 900 κατὰ
615 871 666 901 τὸν
681 872 729 908 τῆς
744 869 920 909 γεννήσεως.

51 925 98 954 11.
117 923 285 954 Traetatus
301 922 437 953 medicus
454 922 492 952 (le
510 922 646 952 sanitate
661 921 822 958 servanda,
839 921 934 951 idem-

104 1010 107 1011 7
135 986 195 1016 qne
209 973 414 1014 astrologicus
429 973 467 1003 de
483 973 676 1014 temporibus
691 973 804 1004 faustis
823 972 936 1002 infaus-

136 1026 257 1067 tisque3
280 1025 387 1066 lingua
403 1024 529 1065 vulgari.
554 1024 604 1054 fol.
624 1025 690 1063 184.

178 1078 239 1108 Tit.
257 1078 322 1116 περὶ
338 1080 388 1107 τοῦ
404 1079 463 1108 πῶς
484 1076 587 1115 πρέπει
604 1078 640 1106 νᾶ
656 1076 764 1115 διάγεις
780 1077 832 1106 ἐὰν
850 1076 938 1113 θέλης

159 1131 195 1160 να
212 1129 273 1159 εἷσε
288 1128 414 1159 πάντοτε
430 1128 516 1167 γερὸς
529 1128 574 1158 καὶ
591 1130 627 1158 νᾶ
641 1127 728 1165 ζήσης
742 1129 851 1157 πόλλα.

181 1180 278 1221 Incip.
294 1181 403 1219 τροφῆς
419 1181 465 1209 καὶ
482 1181 570 1209 ποτοῦ
585 1178 805 1217 μεταλάμβανε.

181 1231 278 1262 Defic.
294 1231 325 1261 in
341 1230 454 1267 verbis,
471 1232 516 1261 διὰ
541 1231 568 1260 τί
589 1231 645 1260 εἰσι
665 1229 748 1268 μένει
767 1233 874 1268 γνῶσις
898 1231 938 1261 εἰς

159 1283 190 1313 τὸ
210 1282 327 1322 κράνιον

447 1388 554 1423 VIII.

56 1449 175 1483 Codex
204 1448 416 1484 chartaceus,
435 1459 479 1481 ex
498 1447 617 1480 charta
641 1447 808 1492 laevigata,
827 1446 861 1478 in
881 1447 941 1478 4to

80 1508 213 1546 minori,
233 1506 266 1540 ff.
288 1506 368 1545 167,
388 1518 456 1540 see.
475 1506 545 1539 xvi.

99 1569 126 1598 1.
145 1567 315 1608 Catalogus
331 1566 590 1597 monasteriorum
606 1566 635 1596 in
649 1570 755 1596 monte
770 1565 866 1595 Atho.
882 1564 902 1595 f.
916 1574 942 1594 2.

206 1619 268 1649 Tit.
286 1621 376 1648 ταῦτα
401 1618 476 1648 εἰσὶν
496 1617 677 1657 μοναστήρια
697 1620 747 1647 τοῦ
764 1618 847 1656 ἁγίου
863 1617 945 1655 ὅρους

162 1673 212 1701 τοῦ
234 1670 364 1701 Ἀθῶνος
390 1671 436 1700 καὶ
461 1671 493 1700 ἐν
515 1670 554 1711 τῷ
577 1670 761 1709 μοναστηρίῳ
787 1671 837 1698 τοῦ
861 1669 945 1707 ἁγίου

164 1723 247 1760 ὄρους
262 1722 378 1751 ἵσταται
393 1721 425 1751 τὸ
441 1722 575 1759 πρωτατὲι
591 1721 607 1758 ἡ
625 1721 764 1758 κοίμησις.

101 1779 129 1807 2.
148 1776 377 1818 Hirmologium
397 1777 586 1812 Graecorum,
603 1775 665 1806 sive
687 1775 764 1806 liber
785 1774 946 1805 continens

165 1839 271 1858 omnes
287 1827 433 1859 Oetoeehi
450 1827 585 1862 hirmos;
611 1827 725 1868 praevia
741 1826 858 1857 tabula.
882 1826 901 1855 f.
918 1834 944 1864 7.

208 1879 269 1910 Tit.
287 1879 361 1919 ἀρχὴ
378 1881 432 1909 σὺν
445 1881 513 1920 Θεῷ
531 1879 602 1919 ἁγίῳ
620 1879 651 1909 τὸ
669 1879 853 1917 εἶρμολόγιον
869 1889 947 1915 περι·

189 1931 266 1970 έχων
281 1931 346 1962 τοὺς
362 1931 435 1971 ὀκτῷ
450 1930 549 1970 ἤχους.

210 1981 308 2023 Incip.
326 1984 380 2012 σοῦ
396 1982 412 2020 ἡ
428 1982 622 2020 τροπαιούχος
638 1981 727 2018 ὃεξία,
745 1994 768 2010 κ.
784 1984 814 2009 λ.
831 1980 949 2015 ἇσωμεν

188 2035 260 2064 λασὶ
276 2034 417 2064 ἐπινίκιον
433 2032 524 2073 ᾆσμα.

212 2085 256 2115 Of.
282 2095 348 2125 quae
373 2084 519 2114 disseruit
547 2084 584 2114 de
609 2083 696 2112 libris
724 2080 950 2112 Ecclesiasticis

190 2136 308 2166 Graeeis
327 2135 373 2165 vir
395 2135 429 2166 el,
449 2134 597 2171 Allatius,
621 2140 652 2164 et
678 2132 826 2163 Octoe‘chi
850 2131 950 2162 varias

190 2186 341 2218 editiones
356 2187 534 2229 impressas.

474 2292 542 2326 IX.

67 2356 289 2397 Chartaeeus,
308 2356 343 2388 in
362 2356 424 2389 4to
442 2355 575 2393 minori,
595 2353 627 2387 ff.
643 2356 699 2392 79,
719 2364 785 2386 Sec.
802 2352 871 2385 xvi.

89 2421 116 2450 1.
134 2420 276 2451 Officium
296 2420 424 2451 minoris
450 2418 712 2450 Sanctificationis
736 2421 806 2459 post
830 2416 951 2447 Eucha-

152 2471 283 2502 ristiam.
306 2471 357 2502 fol.
378 2480 406 2501 2.

196 2522 259 2553 Tit.
277 2523 435 2553 ἀκολουθία
450 2525 501 2552 τοῦ
516 2524 617 2560 μικροῦ
639 2521 785 2560 ἁγιασμοῦ
807 2520 880 2557 μετὰ
902 2518 954 2555 τὴν

175 2574 371 2614 εὐχαριστίαν.

196 2625 294 2666 Incip.
311 2627 345 2666 τῇ
361 2626 485 2665 θεοτόκῳ
502 2625 621 2656 ἐκτενῶς
637 2625 689 2653 νῦν
704 2621 944 2661 προσδράμωμεν.

90 2681 123 2710 2.
140 2680 225 2711 Ordo
240 2680 439 2711 consecrandi
456 2679 606 2720 praedium
621 2677 667 2708 vel
683 2677 814 2707 vineam.
838 2676 887 2706 fol.
907 2685 952 2716 15.

199 2731 263 2762 Tit.
281 2732 358 2770 τάξις
380 2731 517 2770 γινομένη
534 2731 574 2762 εἰς
589 2729 741 2769 χωράφιον
756 2727 772 2765 ἢ
788 2729 955 2765 ἀμπελῶνα.

200 2783 298 2824 Incip.
315 2785 360 2814 δεῖ
373 2784 403 2813 δὲ
419 2781 561 2822 γενέσθαι
576 2783 689 2819 πρῶτον
705 2780 861 2819 ἁγιασμόν.

1113 251 1151 281 In
1163 251 1267 281 fol.l6,
1281 251 1352 292 εὐχὴ
1364 253 1413 281 τοῦ
1428 251 1512 290 ἁγίου
1527 250 1782 289 μεγαλομάρτυρος
1793 251 1865 287 Τρύ-

1092 307 1197 341 φωνος.

1007 353 1035 382 8.
1053 353 1108 383 SS.
1130 353 1235 383 Basilii
1263 357 1295 383 et
1325 353 1537 394 Chrysostomi
1567 351 1727 382 exorcismi
1759 356 1868 381 contra.

1071 405 1234 441 (laniones,
1251 404 1379 445 alizrque
1394 415 1508 445 preces.
1532 403 1582 434 fol.
1597 405 1644 433 26.

1113 460 1174 490 Tit.
1192 460 1274 500 εὐχαὶ
1289 461 1351 498 ἤτοι
1368 460 1531 498 ἐξορκισμοὶ
1554 461 1603 489 τοῦ
1625 458 1756 498 μεγάλου
1779 461 1866 488 Βασι-

1092 512 1172 540 λείου
1195 511 1266 549 πρὸς
1289 511 1354 542 τοὺς
1378 510 1546 550 πάσχοντας
1571 510 1626 540 ὑπὸ
1651 510 1795 547 δαιμόνων
1821 510 1867 539 καὶ

1093 562 1217 599 ἑκάστην
1233 561 1401 592 ἀσθένειαν.

1116 611 1211 653 incip.
1228 614 1242 642 ὁ
1260 613 1338 645 Θεὸς
1353 615 1410 643 τῶν
1426 615 1520 643 Θεῶν.

1009 668 1036 697 4.
1054 666 1160 697 Canon
1177 667 1207 697 in
1224 667 1371 698 honorem
1387 667 1423 697 B.
1439 667 1479 698 V.
1496 667 1618 697 Mariae.
1642 666 1690 696 fol.
1703 676 1743 704 49
1759 666 1788 695 b.

1115 718 1178 748 Tit.
1195 719 1314 750 κανόνες
1333 719 1372 750 εἰς
1395 718 1447 756 τὴν
1472 719 1633 757 ὑπεραγίαν
1657 719 1793 747 θεοτὸκον
1815 729 1868 746 πα-

1094 770 1269 807 ρακλητικοί.

1009 826 1038 854 5.
1057 823 1117 854 Nili
1133 823 1256 854 abbatis
1272 834 1377 854 versus
1400 823 1440 854 ad
1457 823 1643 854 Archariuln
1663 822 1865 855 monachu1n;

1074 875 1242 905 secundum
1257 874 1468 915 alphabetum.
1492 874 1541 904 fol.
1557 874 1596 914 58
1614 873 1642 903 b.

1117 930 1178 960 Tit.
1196 932 1245 959 τοῦ
1262 930 1344 967 ἇββᾶ
1367 930 1477 959 Νείλου
1501 930 1578 968 ςίχοι
1600 929 1670 958 κατὰ
1692 927 1868 966 ἀλφάβητον

1094 981 1166 1019 πρὸς
1180 979 1337 1020 Ἀρχόριον
1351 981 1491 1020 μοναχόν.

1118 1031 1214 1072 Ineip.
1232 1031 1325 1071 ἀρχὴν
1341 1031 1454 1070 ἀγαθὴν
1468 1031 1520 1068 τὴν
1536 1031 1676 1068 ξενίτειαν
1691 1032 1783 1059 ποιοῦ.

1012 1087 1038 1118 6.
1059 1087 1227 1128 Evangelia
1242 1086 1398 1118 matutina
1413 1086 1612 1116 anastasima.
1636 1085 1687 1115 fol.
1699 1086 1750 1114 60.

1119 1139 1180 1169 Tit.
1199 1137 1358 1178 εὐαγγέλια
1374 1138 1479 1168 ἑώθινα
1495 1136 1688 1174 ἀναστάσιμα.

1411 1245 1460 1278 Χ.

994 1307 1113 1341 Codex
1134 1308 1345 1348 chartaceus,
1365 1318 1408 1340 ex
1435 1306 1553 1340 charta
1580 1306 1745 1351 laevigata,
1764 1305 1798 1338 in
1813 1307 1872 1338 4t0

1019 1366 1153 1406 minori,
1174 1365 1207 1398 ff.
1223 1367 1303 1405 178,
1323 1376 1389 1399 see.
1404 1365 1486 1398 xvii.
1506 1364 1678 1403 ineuntis3
1706 1363 1787 1396 olim
1802 1363 1875 1396 An-

1020 1424 1128 1458 tiochi
1148 1423 1304 1457 Paetecti.

1040 1485 1068 1513 1.
1086 1483 1306 1524 Aristophanis
1334 1482 1454 1514 Plutus.
1479 1494 1548 1513 cum
1577 1482 1729 1523 glossulis,
1756 1481 1878 1523 praeviis

1102 1534 1294 1576 argumentis
1310 1534 1440 1571 duobus,
1455 1544 1585 1575 quorum
1601 1533 1732 1564 alterum
1749 1540 1796 1563 est
1808 1532 1879 1562 Ari-

1104 1585 1265 1626 stophanis
1279 1585 1475 1626 grammatici
1490 1584 1629 1615 versibus
1645 1583 1784 1614 iambicis
1799 1594 1879 1614 eom-

1105 1637 1298 1678 prehensum.
1322 1636 1373 1666 fol.
1388 1645 1414 1666 z.

1148 1687 1245 1728 Ineip.
1277 1686 1369 1728 gloss.
1400 1687 1436 1718 ὡς
1466 1686 1623 1726 ἀργαλέον·
1656 1687 1723 1716 λίαν
1750 1685 1879 1723 λυπηρὸν

1126 1740 1213 1777 βαρύ.

1150 1789 1187 1819 In
1200 1789 1292 1819 calce.
1309 1788 1394 1820 τέλος
1409 1790 1459 1818 τοῦ
1472 1787 1713 1827 Ἀριστοφάνους.

1129 1840 1308 1881 Sequuntur
1331 1839 1598 1881 apophthegmata
1628 1839 1808 1879 Sapientum
1839 1837 1882 1867 in-

1129 1891 1187 1933 cip.
1205 1893 1408 1928 Θεμιστοκλῆς
1431 1891 1537 1930 χωρίου
1562 1893 1668 1920 πωλῶν
1684 1889 1820 1919 ἐκέλευσε
1838 1902 1882 1924 κη-

1128 1944 1248 1981 ρύττειν,

1046 2001 1075 2029 Q.
1091 1998 1265 2030 Chronieon
1290 2008 1391 2028 rerum
1408 1998 1489 2038 apud
1507 1995 1806 2036 Constantinopolim
1827 1994 1881 2024 im-

1109 2050 1288 2091 periumque
1315 2049 1473 2079 Orientale
1498 2047 1711 2083 evenientium,
1734 2050 1883 2087 regnante

1110 2101 1256 2131 Manuele
1268 2100 1443 2141 Palaeologo
1456 2099 1883 2139 successoribusque,auctore

1111 2157 1381 2193 contemporaneo.
1405 2151 1456 2182 fol.
1472 2161 1521 2188 40-

1155 2207 1216 2238 Tit.
1236 2208 1349 2239 ἔκθεσις
1369 2207 1492 2246 χρονιχὴ
1510 2205 1711 2243 συντομωτέρα
1737 2205 1883 2234 συντεθεῖ-

1134 2272 1173 2289 σα
1189 2260 1220 2289 εἰ·
1236 2259 1376 2296 ἁπλότητι
1396 2258 1504 2295 λέξεων
1523 2259 1622 2288 κοινῶς
1645 2254 1838 2294 διηγουμένων
1854 2254 1886 2283 τὸ

1134 2311 1284 2350 γεγονότα
1300 2311 1332 2340 ἐν
1347 2312 1408 2341 ταῖς
1429 2309 1545 2346 ἡμέραις
1568 2308 1645 2345 ἡμῶν
1661 2306 1678 2336 ἂ
1696 2307 1750 2343 μὲν
1770 2305 1885 2336 οἰκείοις

1134 2363 1298 2401 ὀφθαλμοῖς
1321 2363 1424 2398 ἴδωμεν
1440 2359 1457 2389 ἃ
1473 2361 1503 2389 δὲ
1525 2360 1684 2396 ἀκηκόαμεν
1708 2358 1739 2387 ἐκ
1761 2359 1817 2386 τῶν
1833 2368 1885 2386 πα-

1135 2412 1225 2451 τέρων
1240 2412 1319 2450 ἡμῶν
1335 2412 1384 2442 οὐκ
1401 2413 1547 2448 ὀκνύωμεν
1563 2409 1683 2448 γράψαι.

1158 2463 1254 2504 Incip.
1270 2465 1439 2500 βασιλεύων
1462 2462 1554 2498 κύριος
1575 2460 1718 2496 Μανουὴλ
1734 2459 1749 2488 ὁ
1765 2462 1887 2488 παλαιο-

1135 2516 1224 2554 λόγος
1234 2515 1324 2554 ἔσχεν
1335 2515 1379 2543 καὶ
1391 2512 1522 2547 ἀδελφὸν
1534 2512 1584 2541 τὸν
1594 2512 1690 2549 κύριον
1699 2510 1886 2548 Ἀνδρόνικον

1135 2567 1223 2604 ὅνπερ
1240 2566 1412 2604 ἐτύφλωσεν
1427 2565 1441 2593 ὁ
1457 2563 1549 2601 πατὴρ
1568 2563 1665 2593 αὐτοῦ.

1158 2616 1265 2647 Desin.
1288 2616 1451 2652 ἐθαύμασεν
1474 2616 1529 2653 γὰρ
1549 2615 1576 2644 οἱ
1600 2614 1727 2644 ἐντόπιοι
1749 2611 1887 2651 λέγοντες

1137 2669 1181 2698 ὅτι
1196 2668 1247 2698 οὐκ
1263 2668 1382 2704 εἴδωμεν
1397 2666 1530 2703 τοιαύτην
1544 2665 1657 2705 βροχὴν
1672 2665 1737 2694 οὔτε
1753 2663 1841 2701 ἡμεῖς.

1031 2725 1060 2754 3.
1089 2723 1120 2754 S.
1139 2722 1279 2764 Gregorii
1308 2720 1490 2751 Nazianzeni
1521 2719 1657 2750 carmina
1686 2718 1782 2754 varia,
1818 2728 1890 2747 cum

1116 2774 1276 2816 glossulis;
1301 2772 1427 2805 scilieetv
