2254 3117
758 153 997 188 COLLEGII
1027 154 1165 189 NOVI.
1816 158 1852 188 ll

441 252 538 286 XLI.

53 317 170 351 Codex
197 315 408 353 chartaceus
437 316 469 347 in
498 315 590 354 folio,
618 314 651 348 ff.
672 316 752 353 274,
775 325 841 347 see.
862 316 930 347 xvi.

77 373 243 411 exeuntis,
281 372 390 405 nitide
424 372 596 416 scriptus;
630 371 711 404 olim
748 371 930 415 Regiualdi

78 431 162 470 Poli,
181 429 381 468 Cm-dinalis‚
395 429 645 474 archiepiscopi
661 428 930 462 Cantuarieusis.

95 501 149 532 SS.
158 501 287 531 Patrum
298 499 419 529 Catena
432 509 524 539 super
536 498 627 528 Isaiae
638 497 798 538 propheta*
809 497 929 534 librum,

114 553 154 583 ab
169 562 322 592 anonymo
338 550 472 591 quodam
488 549 675 590 compilata3
697 550 811 579 Groece.

158 612 406 647 Praemittuntur,

94 675 121 695 a.
140 663 328 694 Prooemium
344 661 562 702 compilatoris.
587 660 636 690 fol.
656 671 680 691 1.

159 715 256 757 Iucip.
281 717 330 752 τῆς
354 714 532 752 προφητείας
552 715 602 742 τοῦ
623 713 782 742 θεσπεσίου
804 711 931 743 ἸΙο-αΐου

136 769 186 797 τοῦ
199 764 484 806 μεγαλοφωνοτάτου
499 766 556 794 τῶν
574 766 730 802 προφητῶν
753 763 805 801 τὴν
820 765 933 802 βίβλου

135 819 207 856 μετὰ
233 820 331 857 χεῖρας
357 816 460 853 λαβὼν
487 815 533 845 καὶ
564 815 666 852 ταύτης
688 815 740 852 τὴν
765 815 932 854 ἀυάγνωσιν

137 867 338 906 ποιησάμενος.

97 929 124 958 b.
144 916 175 959 S.
194 927 300 958 Basilii
338 925 544 957 Caesareensis
587 928 806 965 argumentum
852 924 931 955 libri.

158 978 208 1009 fol.
230 989 239 1008 1
258 978 287 1009 b.

160 1034 221 1065 Tit.
240 1036 290 1064 τοῦ
307 1034 390 1072 ἁγίου
407 1033 564 1062 Βασιλείου
581 1032 740 1062 ἐπισκόπου
759 1032 935 1070 Καισαρείας

139 1087 180 1118 εἰς
194 1085 245 1115 τὸν
256 1084 386 1115 Ἠσαίαν
401 1085 539 1115 ὑπόθεσις
552 1085 600 1121 τῆς
611 1085 722 1121 βίβλου
735 1083 751 1121 ἡ
762 1085 876 1122 φανερὰ
890 1084 935 1113 καὶ

139 1136 345 1174 αὐτοθελήπτη.

161 1187 256 1229 Incip.
289 1187 417 1218 Catena.
444 1186 747 1226 ἐγκαταλειφθήσεται
771 1187 787 1224 ἡ
809 1185 935 1225 θυγάτηρ

140 1241 224 1275 Σιὼν,
243 1254 266 1270 κ.
283 1244 313 1270 λ.
353 1240 519 1269 Βασιλείου·
544 1239 691 1276 ἀπόδειξιυ
717 1240 766 1276 τῆς
787 1241 836 1268 τοῦ
856 1240 937 1269 Θεοῦ

139 1290 344 1329 δικαιοκρισίας
360 1290 422 1329 ἔχει
438 1289 454 1327 ἡ
470 1292 527 1319 τῶν
544 1289 651 1327 ὁμοίων
667 1289 828 1320 ἀντίόωσις.

161 1342 324 1376 Auetores,
342 1351 474 1381 quorum
492 1340 668 1381 fragmenta
691 1339 721 1369 in
745 1344 856 1370 eatena
876 1339 937 1370 ista

139 1392 336 1429 exhibentur,
352 1400 434 1427 sunt,
452 1391 567 1432 Apollo
585 1391 695 1427 abbas,
713 1390 937 1432 Apollinarius,

140 1443 282 1481 Basilius,
317 1443 338 1473 J
342 1444 481 1474 ohannes
514 1443 764 1484 Chrysostomus,
796 1442 936 1483 Cyrinus,

140 1495 293 1525 Eusebius
323 1495 536 1531 Caesariensis‚
567 1495 720 1525 Eusebius
756 1494 935 1529 Emesenus,

141 1547 341 1588 Hippolytus,
368 1547 529 1588 Origenes,
552 1546 683 1576 Severus
709 1545 937 1581 Antioehenus,

140 1598 323 1629 Severianus
353 1598 545 1635 Gabalensis,
577 1597 802 1632 Theodoretus,
837 1597 937 1627 Theo-

140 1650 233 1681 dorus
249 1650 478 1681 Heracleensis.

163 1702 201 1732 In
217 1702 270 1732 fol.
288 1712 296 1732 1
311 1702 341 1732 b.
358 1706 502 1732 notatum
519 1705 576 1736 est,
595 1706 613 1716 “
627 1700 752 1731 Donum
772 1699 935 1741 Reginaldi

140 1752 216 1784 Pool
239 1753 422 1790 Cafflinalis,
445 1752 667 1794 archiepiscopi
691 1752 935 1787 Cantuaffiensis,

143 1804 306 1835 M.D.LV11.”

432 1906 554 1940 XLII.

62 1974 357 2016 Membmnaceus,
376 1977 411 2010 in
426 1977 518 2017 folio,
534 1976 567 2010 ff.
582 1979 661 2016 133,
681 1987 747 2010 sec.
759 1987 835 2016 xv.;
855 1975 937 2008 olim

87 2033 255 2068 willelmi
279 2034 459 2074 VVarham,
485 2035 733 2079 archiepiscopi
758 2034 939 2067 Cantuari-

87 2103 184 2126 ensls.

106 2161 294 2193 Venerabilis
329 2163 424 2194 Bedae
458 2173 551 2204 super
579 2162 710 2193 Cantica
739 2160 939 2192 Canticorum

125 2214 285 2254 expositio.

167 2268 227 2299 Tit.
240 2275 258 2284 “
266 2269 382 2309 Incipit
392 2268 547 2310 exposicio
558 2268 588 2298 in
600 2267 730 2299 Cantica
740 2267 940 2298 Canticorum

146 2318 293 2349 librorum
309 2323 438 2360 septem,
456 2330 549 2360 quam
565 2318 738 2359 composuit
754 2318 841 2348 Beda
857 2329 940 2359 pres-

147 2369 227 2400 biter
249 2371 439 2408 venerabilis,
461 2371 591 2412 juvante
617 2381 649 2400 se
671 2369 774 2411 gratia
797 2381 939 2411 superna.

150 2421 271 2452 Primus
286 2422 373 2459 liber,
387 2433 447 2463 quo
464 2421 638 2462 specialiter
654 2426 764 2452 eontra
779 2421 940 2452 Julianum

147 2472 247 2503 divine
261 2473 361 2514 gratie
376 2473 625 2514 impugnatorem
644 2472 813 2513 disputat?

168 2523 283 2555 Exstat
306 2524 387 2555 inter
409 2536 513 2565 opera,
538 2524 613 2554 edit.
631 2523 737 2554 Colon.
759 2524 849 2560 1612,
865 2528 940 2555 tom.

2 2572 15 2640 Γ
148 2575 186 2606 iv.
204 2587 233 2616 p.
250 2586 320 2615 714.

171 2627 209 2657 In
232 2627 325 2664 calce,
351 2633 368 2642 “
382 2626 517 2668 Explicit
540 2625 694 2667 exposit-io
718 2625 837 2657 Cantici
861 2625 941 2656 Can-

148 2677 307 2708 ticorum.”

171 2728 298 2766 Deinde,
311 2729 431 2760 “Liber
443 2728 592 2760 Willelmi
603 2727 834 2759 Cantuariensis
843 2728 942 2759 archi-

149 2779 292 2821 episcopi,
311 2780 499 2811 XVarhamfl’

1352 254 1492 288 XLIII.

984 316 1103 349 Codex
1129 317 1422 352 membranaceus,
1448 317 1480 349 in
1508 316 1599 355 folio,
1628 316 1659 350 ff.
1687 320 1766 355 235,
1794 329 1859 350 sec.

1008 374 1077 406 xvi.
1098 374 1271 412 ineuntis3
1298 373 1378 406 olim
1408 374 1576 407 willelmi
1605 374 1783 413 WVarham,
1808 386 1859 407 ar-

1009 431 1215 476 chiepiscopi
1236 432 1503 465 cantuariensis.

1027 499 1197 529 Alexandri
1224 500 1382 530 Neekham
1404 501 1433 530 in
1450 502 1579 532 Cantica
1594 501 1792 532 Canticorum
1809 513 1859 532 ex-

1048 550 1171 590 positio,
1192 551 1221 580 in
1243 550 1336 581 libros
1358 563 1410 581 sex
1432 552 1589 588 distincta,
1612 552 1732 593 praeviis
1753 553 1861 593 cuique

1048 601 1126 630 libro
1142 601 1297 642 capitulis,
1314 613 1381 632 cum
1399 603 1589 643 praefatione.

1088 652 1187 693 Iueip.
1213 653 1297 693 pra‘f.
1333 659 1350 668 ‘¹
1370 654 1538 685 llumilitas
1565 666 1625 684 non
1652 654 1749 685 solum
1776 665 1863 684 soror

1069 707 1115 734 est
1132 704 1308 734 obediencie
1325 705 1377 734 scd
1394 709 1425 735 et
1440 706 1567 736 mater.”

1092 754 1198 784 Desin.
1224 761 1241 769 ‘¹
1255 755 1401 785 Conferat
1423 756 1510 786 nobis
1531 756 1699 786 subsidium
1722 756 1863 786 dominus

1071 810 1177 836 noster
1207 805 1298 835 Jesus
1325 805 1453 843 Cristus,
1479 807 1529 847 qui
1555 811 1602 837 est
1627 808 1806 838 benedictus
1834 807 1863 836 in

1070 857 1172 887 secula
1188 870 1194 895 ;
1212 858 1343 888 A1uen.”

1095 909 1191 950 Incip.
1221 920 1326 950 expos.
1359 910 1487 940 “Ortus
1513 910 1698 945 deliciarum,
1731 911 1864 951 paradisi

1072 960 1193 990 celestis
1214 961 1366 1002 scripture
1383 972 1492 991 amena
1504 962 1699 1002 jocundaquo
1715 962 1865 992 varietate

1072 1011 1192 1047 florum,
1224 1015 1309 1052 puta,
1340 1022 1492 1048 rosarum,
1528 1012 1669 1046 liliorum.
1705 1013 1864 1045 violarum.

1073 1062 1220 1093 decenter
1236 1062 1442 1102 picturatur.”

1095 1113 1203 1144 Desin.
1222 1119 1240 1128 “
1254 1117 1289 1144 ut
1301 1124 1357 1154 pro
1370 1125 1418 1143 me
1430 1113 1542 1143 misero
1553 1113 1758 1144 misericordie
1768 1118 1868 1144 mater

1074 1164 1248 1195 intercedas
1285 1163 1325 1193 ad
1364 1163 1520 1193 dominum
1563 1167 1701 1193 nostrum
1739 1163 1867 1193 Jhosum

1075 1215 1233 1246 Christum
1260 1215 1355 1245 fllium
1386 1219 1485 1247 tuum,
1508 1214 1555 1244 cui
1577 1214 1643 1244 laus
1665 1218 1696 1244 et
1718 1214 1816 1243 honor
1838 1219 1869 1244 et

1075 1267 1236 1309 imperium
1244 1278 1299 1308 per
1310 1266 1432 1297 infinita
1438 1266 1541 1297 secula
1552 1266 1732 1299 seculorum,
1741 1266 1869 1296 Amenf*

1364 1371 1501 1405 XLIV.

992 1434 1293 1473 Membranaceus,
1313 1434 1346 1467 in
1365 1434 1456 1473 foli0‚
1472 1433 1505 1466 ff.
1523 1435 1603 1471 231,
1619 1444 1685 1466 sec.
1698 1434 1743 1466 xi.
1758 1444 1765 1472 ;
1784 1433 1870 1466 bene

1018 1497 1180 1526 exaratus
1207 1497 1243 1526 et
1270 1492 1522 1537 Prophetarum
1547 1491 1724 1537 effigiebus
1743 1492 1871 1535 optime

1014 1551 1115 1596 pictis
1134 1550 1333 1584 illustratus.

1034 1621 1062 1651 l.
1081 1620 1277 1656 Theodoreti‚
1302 1619 1437 1660 episcopi
1462 1618 1546 1659 Cyri.
1567 1619 1597 1649 in
1619 1618 1787 1649 Ezechielis
1803 1629 1872 1659 pro-

1097 1671 1210 1712 phetiae
1246 1671 1416 1712 capitulum
1454 1670 1586 1711 primum
1624 1670 1871 1704 commentarius,

1096 1733 1165 1753 cum
1181 1726 1376 1764 argumento.
1400 1721 1452 1752 fol.
1473 1732 1497 1751 1.

1140 1774 1318 1814 Praefigitur
1345 1773 1464 1809 titulus,
1493 1773 1567 1813 ἀρχὴ
1594 1775 1644 1803 τοῦ
1671 1773 1701 1810 ἓξ
1732 1773 1777 1802 καὶ
1807 1771 1873 1801 δέκα

1118 1826 1275 1865 προφήτωυ
1292 1826 1475 1864 Θεοδωρίτου
1492 1826 1650 1855 ἐπισκόπου
1668 1825 1769 1862 Κύρου.

1140 1877 1256 1907 Exstat
1272 1876 1354 1907 iuter
1366 1887 1470 1917 opera,
1485 1875 1559 1906 edit.
1579 1875 1734 1905 Sirmond.
1752 1879 1827 1905 tom.
1844 1874 1872 1904 ii.

1117 1939 1169 1968 pp.
1185 1928 1365 1968 300-316,

1034 1992 1062 2020 9.
1080 1990 1248 2031 Prophetae
1279 1989 1440 2020 duodecim
1474 1989 1618 2025 minores,
1647 1989 1764 2029 absque
1794 1998 1873 2017 com-

1099 2041 1260 2072 mentario.
1285 2040 1336 2071 fol.
1352 2050 1381 2080 7.

1035 2108 1064 2138 3.
1082 2107 1174 2137 Isaiae
1191 2105 1366 2147 prophetia,
1385 2105 1415 2135 in
1432 2104 1575 2146 capitulis
1592 2104 1748 2139 distincta,
1761 2103 1875 2144 praevia

1099 2157 1304 2198 capitulorum
1321 2156 1438 2187 tabula.
1462 2155 1514 2185 fol.
1528 2166 1578 2197 34.

1142 2209 1203 2239 Tit.
1222 2208 1368 2247 κεφάλαια
1383 2209 1432 2245 τῆς
1448 2207 1632 2246 προφητείας.

1038 2275 1065 2304 4.
1084 2273 1228 2303 Jeremiae
1244 2271 1418 2313 prophetia.
1443 2270 1492 2300 sol.
1508 2272 1556 2300 66.

1143 2323 1206 2354 Tit.
1223 2324 1238 2352 ὁ
1254 2322 1404 2361 προφήτης
1419 2320 1567 2359 Ἱερεμίας.

1036 2390 1065 2418 5.
1085 2387 1177 2417 Liber
1192 2386 1324 2416 Barueh.
1350 2385 1401 2415 sol.
1419 2394 1484 2414 101.

1143 2438 1205 2467 Tit.
1224 2438 1348 2476 Βαρούχ.

1038 2502 1067 2533 6.
1084 2501 1231 2532 Jeremiae
1249 2498 1512 2530 Lamentationes.
1536 2497 1585 2527 fol.
1606 2506 1669 2533 ¹04·

1143 2551 1205 2582 Tit.
1225 2553 1323 2589 θρῆνοι
1339 2549 1487 2588 Ἰερεμίου.

1039 2618 1066 2648 7.
1083 2615 1230 2647 Jeremiae
1255 2614 1364 2645 Oratio
1381 2616 1412 2643 et
1429 2611 1571 2652 Epistola
1593 2611 1633 2641 ad
1657 2610 1807 2652 captivos,
1824 2611 1875 2651 qui

1102 2667 1132 2697 in
1149 2666 1337 2707 Babylonem
1354 2663 1479 2694 abducti
1497 2666 1610 2693 essent.
1634 2661 1684 2692 fol.
1704 2663 1769 2692 106.

1037 2731 1066 2760 8.
1084 2728 1254 2760 Ezechielis
1270 2726 1443 2768 prophetia.
1468 2724 1519 2755 fol.
1538 2725 1593 2755 108
1608 2725 1635 2755 b.

1143 2781 1206 2811 Tit.
1222 2779 1358 2816 Ἰεζεκιὴλ
1373 2776 1528 2816 προφήτης.

1141 2844 1160 2867 c
1180 2836 1200 2866 2
