2254 3117
307 157 351 187 30
856 148 1154 184 CATALOGUS
1181 148 1414 186 CODICUM
1444 152 1553 187 MSS.

438 251 551 282 Deficit
567 250 636 281 finis
650 249 741 291 primi
757 247 840 285 libri,
854 251 886 278 et
898 248 1003 278 omnia
1018 250 1088 288 post
1099 246 1194 277 verba

417 302 468 334 lib.
485 302 515 333 ii.
533 306 552 319 “
568 301 765 342 graviterque
781 299 895 330 debeat
912 299 1023 340 hujus„

333 361 362 389 2.
379 358 622 389 Tusculanarum
639 355 851 395 Quaestionum
867 355 936 385 libri
952 358 1097 396 quatuor.
1114 353 1135 384 f.
1146 362 1193 384 12.

439 410 476 440 In
493 409 587 445 calce,

356 466 373 477 ‘²
391 461 495 491 Finito
511 459 601 495 libro,
619 459 659 489 sit
674 458 741 488 laus
757 461 789 488 et
804 457 903 499 gloria
919 456 1067 492 Christo3

390 513 434 543 Te
450 512 528 542 duce
540 511 627 552 virgo
643 511 694 552 pia
711 535 716 540 .
734 509 854 540 cunctis
869 508 1046 539 veneranda
1057 507 1172 538 Maria.

390 563 504 604 Explet
517 573 594 603 opus
607 573 709 603 penna
722 586 728 592 .
742 561 875 602 plurima
887 559 1068 601 dignissima
1083 570 1193 600 penna.

391 613 611 654 Supradictum
627 612 751 652 scripsit
767 635 898 641 ......
913 610 1035 641 nomine
1052 609 1152 640 dictus

388 664 447 704 Qui
460 665 498 695 de
515 664 542 694 F
560 688 566 694 .
585 687 591 694 .
610 688 615 694 .
636 688 642 694 .
660 663 686 693 is
702 662 883 703 cognomine
898 672 1007 702 nempe
1023 664 1160 697 vocatus.

431 715 480 746 die
496 715 582 745 Jovis
599 723 633 754 17
651 714 764 745 mensis
781 713 939 750 Octobris,
961 713 1074 751 1420.''

332 774 360 801 3.
378 771 457 802 Cato
473 771 582 811 major,
598 771 660 801 sive
676 771 714 801 de
731 770 908 800 Senectute.
932 769 982 799 fol.
998 778 1036 810 53
1055 768 1085 798 b.

332 828 359 856 4.
379 826 498 862 Laelius,
515 826 577 856 sive
593 826 631 856 de
647 825 805 855 Amicitia.
830 824 879 854 fol.
898 825 938 854 60
954 823 982 853 b.

331 885 358 913 5.
378 882 554 913 paradoxa.
578 881 631 912 fol.
649 882 699 911 68.

331 939 359 968 6.
379 938 538 969 Somnium
555 937 716 978 Scipionis.
742 937 791 967 fol.
811 945 845 976 71
866 936 897 966 b.

333 995 361 1026 7.
379 994 431 1024 Ad
453 993 603 1033 Quintum
622 994 752 1024 fratrem
776 992 815 1022 de
837 991 1024 1033 magistratu
1048 990 1193 1031 gerendo.

395 1045 446 1075 fol.
461 1055 497 1085 73
516 1045 546 1075 b.

332 1098 359 1125 8.
378 1095 541 1134 Quoddam
555 1096 593 1125 de
606 1094 803 1125 Academicis
815 1094 1032 1135 fragmentum.
1049 1092 1100 1122 fol.
1113 1102 1149 1131 77
1165 1092 1194 1122 b.

440 1147 476 1177 In
500 1147 593 1183 calce,
617 1151 635 1164 “
655 1147 725 1177 Non
750 1146 819 1186 plus
844 1145 999 1185 reperitur
1022 1148 1113 1175 tanta
1136 1143 1193 1174 fuit

418 1199 606 1240 negligentia
632 1202 726 1239 atquc
757 1197 882 1227 inscicia
912 1207 1028 1232 eorum,
1054 1195 1106 1236 qui
1128 1194 1195 1236 jam

419 1261 474 1280 uos
490 1249 596 1280 multis
616 1249 726 1280 seculis
741 1248 927 1284 anteierunt,
945 1247 997 1288 qui
1013 1258 1066 1277 sue
1083 1245 1195 1276 inercie

417 1306 448 1332 et
464 1301 639 1343 ignorancie
655 1301 774 1331 utinam
791 1299 910 1340 premia
925 1298 1020 1339 digna
1036 1298 1168 1328 ferant.”

333 1353 362 1385 9.
382 1352 429 1383 De
447 1356 560 1383 natura
575 1352 714 1383 Deorum
730 1351 799 1381 libri
816 1355 889 1381 tres.
913 1349 962 1380 fol.
976 1350 1024 1379 81.

440 1403 478 1433 In
504 1403 595 1440 calce,
621 1407 638 1419 ‘⁴
652 1402 700 1432 M.
727 1402 763 1431 T.
790 1402 823 1432 O.
850 1401 888 1431 (10
913 1404 1026 1431 natura
1057 1399 1194 1430 Deorum

418 1453 496 1483 liber
508 1453 631 1483 tercius.
664 1451 799 1493 Explicit
815 1451 944 1481 feliciter
960 1450 1030 1481 Deo
1044 1449 1195 1491 gracias.”

315 1506 363 1535 10.
380 1505 428 1535 De
443 1505 634 1535 divinatione
649 1504 718 1534 libri
736 1504 807 1534 duo.
831 1503 882 1533 fol.
899 1513 957 1543 109
974 1502 1005 1533 b.

315 1559 362 1589 11.
379 1559 427 1590 De
442 1559 569 1599 legibus.
593 1559 644 1590 sol.
663 1568 732 1600 132.

441 1616 460 1629 ‘⁴
473 1611 511 1641 In
527 1611 617 1648 calce,
635 1616 653 1627 “
667 1610 737 1641 Hoc
753 1610 790 1641 de
806 1609 924 1651 legibus
941 1608 1096 1640 Ciceronis
1112 1608 1194 1648 quod

419 1674 562 1693 exarasse
585 1674 625 1693 an
651 1662 823 1703 corrupisse
848 1661 948 1691 verius
975 1659 1107 1690 dixerim
1131 1670 1194 1690 am-

419 1714 501 1755 bigo,
517 1715 595 1745 adeo
619 1714 699 1744 enim
724 1714 929 1753 depravatum
956 1716 1066 1742 nactus
1092 1721 1194 1741 exem-

420 1765 488 1804 plar
504 1765 558 1802 fui,
570 1770 605 1796 ut
621 1767 747 1804 οιὸιγιωτ
770 1764 867 1805 magis
880 1774 972 1805 quam
984 1765 1054 1793 δαυο
1069 1762 1109 1793 ad
1126 1773 1194 1793 eam

420 1827 485 1846 rem
501 1827 578 1855 opus
594 1815 762 1846 extiterit.''

314 1868 362 1896 12.
380 1866 428 1897 De
444 1866 577 1905 Topicis.
600 1865 650 1895 fol.
668 1867 723 1906 163
741 1865 769 1895 b.

441 1916 556 1947 Deficit
570 1916 602 1946 in
618 1915 726 1951 verbis,
745 1920 764 1933 ‘⁵
775 1915 845 1945 huic
861 1925 922 1945 non
938 1913 1114 1949 antecedit;
1139 1917 1195 1944 aut

420 1967 445 1997 si
461 1967 519 1997 hu*

315 2020 365 2049 13.
383 2019 430 2049 De
447 2018 641 2060 Synonymis,
655 2017 717 2048 sivo
740 2017 843 2058 potius
859 2017 896 2047 de
912 2016 1025 2047 finibus
1043 2016 1195 2046 bonorum

399 2074 431 2100 et
446 2069 597 2100 malorum
614 2069 682 2099 libri
700 2069 842 2109 quinque.
867 2067 918 2098 fol.
934 2071 1002 2107 169.

441 2120 478 2151 In
494 2120 588 2157 calce,
607 2124 626 2137 “
640 2118 740 2149 Marci
757 2118 837 2148 Tulii
853 2118 891 2148 de
912 2117 1024 2147 finibus
1045 2117 1195 2147 bonorum

420 2176 451 2202 ct
467 2171 617 2201 malorum
633 2171 710 2201 liber
727 2169 762 2209 Q.
780 2168 918 2209 explicit,
935 2169 1014 2199 etc.”

316 2224 365 2252 11.
384 2222 432 2253 De
448 2222 523 2253 fato.
547 2222 599 2252 fol.
617 2231 677 2252 210
694 2221 722 2251 b.

317 2280 366 2309 15.
383 2279 431 2309 De
456 2281 612 2309 creatione
635 2277 691 2308 celi
716 2281 747 2307 et
771 2276 877 2307 mundi
900 2280 932 2307 et
954 2286 1061 2306 eorum
1083 2274 1195 2306 eterni-

400 2334 475 2361 tate.
501 2330 550 2360 sol.
565 2339 634 2367 214.

317 2382 364 2411 16.
382 2381 430 2411 De
445 2381 598 2422 responsis
616 2379 835 2420 Haruspicum.
858 2377 909 2408 fol.
928 2377 997 2408 218.

318 2439 366 2469 17.
384 2438 431 2467 De
446 2437 563 2478 optimo
578 2447 690 2478 genere
706 2440 876 2466 oratorum.
900 2433 951 2464 fol.
967 2442 1037 2471 224.

318 2494 367 2523 18.
384 2493 432 2523 De
447 2492 667 2532 partitionibus
683 2495 853 2522 oratorum.
876 2489 926 2519 fol.
942 2490 1011 2520 226.

444 2543 480 2573 Iu
494 2543 588 2580 ealce,
603 2548 620 2560 ‘²
632 2542 877 2583 Compendiosus
890 2540 1040 2581 dyalogus
1056 2538 1102 2569 M.
1115 2538 1149 2568 T.
1162 2538 1194 2570 C.

424 2595 462 2625 de
478 2600 600 2625 oratore
616 2594 741 2635 explicit
757 2591 918 2624 feliciter.”

662 2716 848 2751 XXXIX.

319 2779 437 2813 Codex
464 2779 755 2818 membranaceus,
782 2779 816 2812 in
845 2778 940 2820 folio,
968 2777 1002 2811 ff.
1021 2779 1102 2817 311,
1129 2787 1196 2810 see.

1267 253 1334 281 XV„
1353 241 1442 275 bene
1459 245 1620 276 exaratus
1638 245 1674 274 et
1702 242 1814 285 quoad
1839 241 1955 276 literas
1978 243 2125 277 initiales

1268 304 1419 333 ornatus.

1288 360 1332 390 M.
1351 360 1386 391 T.
1404 360 1560 391 Ciceronis
1576 359 1743 390 Orationes
1764 359 1896 401 triginta
1916 364 2008 397 oct03
2033 366 2068 393 ut
2084 373 2127 393 se-

1308 415 1455 452 quuntur,

1266 467 1294 496 1.
1312 466 1375 496 Pro
1391 466 1427 495 T.
1441 465 1546 496 Annio
1562 465 1690 495 Milone.
1714 465 1766 495 fol.
1781 475 1808 497 2.

1265 518 1293 547 2.
1312 517 1375 547 Pro
1391 516 1486 547 Cneio
1504 516 1642 547 Plancio.
1667 515 1717 546 fol.
1734 525 1772 554 14
1788 515 1816 546 b.

1265 570 1294 599 3.
1313 568 1376 598 Pro
1393 567 1504 598 Publio
1521 566 1614 608 Sylla.
1631 567 1682 597 fol.
1698 575 1746 606 27.

1267 621 1295 649 4.
1312 619 1363 650 De
1378 619 1533 660 responsis
1550 618 1770 658 Haruspicum.
1794 617 1846 648 fol.
1863 618 1903 659 38
1920 617 1949 648 b.

1266 673 1296 701 5.
1315 671 1378 700 I'ro
1396 670 1492 700 Lucio
1511 670 1663 700 Muraena.
1689 669 1740 699 fol.
1752 677 1792 709 47
1810 669 1841 699 b.

1267 721 1294 752 (i.
1313 722 1377 752 Pro
1393 721 1423 751 S.
1435 721 1549 751 Roscio
1566 721 1724 751 Amerino.
1749 720 1800 750 fol.
1815 721 1855 751 60
1867 720 1896 750 b.

1374 773 1425 803 Ad
1446 772 1497 803 fol.
1517 780 1564 812 74.
1599 776 1616 788 “
1633 772 1758 807 Deficit,
1782 771 1967 802 tantundem
1995 771 2075 801 enim
2098 771 2128 802 in

1351 824 1456 854 codice
1472 823 1689 864 antiquissimo
1705 823 1901 853 deficiebat.”

1268 881 1297 910 7.
1316 878 1378 909 Pro
1394 878 1426 909 O.
1443 878 1550 908 Balbo.
1576 878 1628 908 fol.
1647 879 1685 915 76
1701 878 1731 909 b.

1267 932 1296 960 8.
1313 930 1348 961 P.
1367 930 1484 961 Sextio.
1510 930 1561 960 fol.
1577 931 1625 960 86.

1267 984 1295 1014 9.
1315 982 1377 1012 Pro
1393 982 1484 1011 domo
1501 992 1556 1011 suo
1572 981 1612 1011 ad
1630 980 1807 1011 Pontifices.
1832 981 1883 1011 fol.
1902 991 1969 1011 100.

1247 1034 1296 1063 10.
1316 1033 1377 1063 Pro
1396 1033 1430 1063 P.
1447 1032 1584 1072 Quintio.
1608 1032 1659 1062 fol.
1675 1032 1742 1062 118.

1248 1085 1296 1114 11.
1315 1085 1377 1114 l'ro
1395 1084 1429 1114 L.
1446 1083 1567 1114 Flacco.
1592 1083 1642 1113 fol.
1661 1084 1718 1113 128
1735 1083 1765 1114 b.

1248 1137 1295 1166 12.
1314 1136 1376 1166 I'ro
1394 1135 1477 1166 Aulo
1493 1135 1646 1166 Cluentio.
1671 1134 1722 1164 fol.
1738 1144 1804 1172 141.

1248 1187 1297 1217 13.
1316 1186 1378 1216 Pro
1394 1186 1460 1227 lege
1480 1184 1623 1216 Manilia.
1647 1184 1697 1215 sol.
1715 1186 1782 1225 167.

1247 1239 1296 1267 14.
1317 1238 1379 1267 Pro
1396 1237 1435 1268 A.
1449 1236 1578 1268 Caecina.
1603 1236 1653 1267 fol.
1670 1245 1725 1277 175
1742 1236 1772 1266 b.

1249 1290 1297 1319 15.
1316 1289 1378 1319 1)ιό
1395 1288 1429 1319 G.
1444 1288 1572 1318 Rabirio
1589 1287 1748 1318 Postumo.
1773 1287 1824 1318 fol.
1838 1288 1905 1318 188.

1246 1341 1296 1371 16.
1315 1341 1377 1371 Pro
1393 1340 1429 1371 C.
1444 1339 1569 1370 Rabirio
1586 1339 1810 1370 Perduellione.
1834 1339 1885 1369 fol.
1899 1349 1955 1380 193
1973 1339 2002 1369 b.

1247 1393 1296 1424 17.
1315 1393 1377 1423 Pro
1394 1392 1507 1422 Roscio
1523 1391 1681 1423 Conioedo.
1704 1391 1754 1421 fol.
1772 1391 1839 1430 198.

1247 1445 1295 1474 18.
1314 1444 1363 1474 De
1389 1444 1456 1485 lege
1482 1442 1618 1485 Agraria
1644 1442 1714 1473 libri
1741 1446 1816 1479 tres,
1840 1441 1928 1473 initio
1955 1441 2052 1472 mutil.
2078 1441 2128 1472 fol.

1331 1504 1401 1533 204.

1374 1546 1412 1576 In
1435 1545 1573 1586 margine
1599 1548 1736 1582 notatur,
1766 1548 1784 1561 “
1801 1544 1862 1575 Hic
1888 1543 2036 1575 deficiunt
2060 1545 2128 1575 duae

1351 1601 1445 1628 cartae
1476 1608 1545 1637 quae
1575 1596 1693 1627 faciunt
1726 1595 1909 1637 principium
1939 1595 2030 1637 hujus
2059 1607 2126 1627 ora-

1351 1649 1477 1680 tionis.’'

1247 1701 1295 1733 19.
1315 1700 1352 1730 In
1369 1700 1525 1730 Pisonem.
1549 1698 1601 1729 fol.
1615 1708 1672 1728 221
1690 1698 1719 1729 b.

1245 1754 1296 1783 20.
1313 1752 1478 1783 Orationes
1494 1751 1524 1781 in
1541 1749 1717 1782 Catalinam
1733 1749 1793 1780 IV.
1816 1749 1866 1780 fol.
1876 1759 1911 1790 23
1915 1759 1934 1790 5
1948 1749 1975 1780 b.

1246 1805 1296 1835 21.
1314 1803 1452 1834 Sallustii
1469 1803 1500 1833 in
1516 1802 1696 1834 Ciceronem
1711 1812 1779 1832 cum
1796 1800 1955 1832 Ciceronis
1970 1811 2126 1842 responso.

1331 1855 1382 1885 sol.
1400 1864 1415 1884 2
1418 1864 1457 1895 51
1478 1855 1505 1884 b.

1247 1908 1295 1938 22.
1314 1907 1377 1937 Pro
1394 1907 1432 1936 A.
1448 1905 1568 1936 Licinio
1583 1907 1685 1946 poeta.
1709 1903 1760 1934 fol.
1775 1913 1836 1943 254
1851 1903 1881 1933 b.

1245 1960 1295 1989 23.
1314 1958 1351 1988 In
1369 1957 1533 1988 Vatinium
1549 1959 1672 1987 testem.
1696 1955 1747 1985 fol.
1762 1956 1821 1995 258
1835 1954 1863 1984 b.

1246 2010 1296 2039 24.
1314 2009 1367 2039 Ad
1383 2008 1503 2050 equites
1528 2007 1686 2037 Romanos
1715 2005 1896 2047 priusquam
1921 2004 1980 2035 iret
2007 2005 2038 2035 in
2065 2004 2126 2035 exi-

1331 2060 1414 2090 lium.
1438 2059 1490 2089 sol.
1509 2060 1578 2096 264.

1291 2136 1296 2141 .
1315 2111 1365 2141 Ad
1380 2110 1527 2152 populum
1542 2109 1580 2140 de
1596 2109 1699 2140 reditu
1715 2119 1778 2139 suo.
1802 2107 1851 2138 fol.
1868 2109 1938 2147 267.

1290 2187 1296 2193 .
1313 2163 1365 2193 Ad
1381 2162 1530 2193 Senatum
1546 2165 1617 2201 post
1632 2160 1767 2191 reditum
1783 2170 1881 2190 suum.
1905 2159 1953 2189 fol.
1970 2166 2030 2199 270
2046 2159 2074 2188 b.

1291 2239 1295 2244 .
1314 2214 1377 2244 Pro
1396 2213 1441 2244 M.
1458 2212 1559 2243 Caelio.
1583 2211 1634 2242 fol.
1651 2212 1709 2251 276
1727 2211 1756 2242 b.

1291 2290 1296 2295 .
1314 2265 1364 2295 De
1380 2263 1543 2306 provinciis
1558 2263 1780 2294 consularibus.
1804 2262 1855 2292 fol.
1874 2264 1942 2300 287.

1246 2113 1265 2295 ὶΟὶΟὶΟὶθ

1268 2113 1288 2246 xlm&

1269 2267 1287 2295 ⁴0

1247 2318 1296 2351 29.
1315 2317 1378 2352 Pro
1393 2327 1466 2357 rege
1482 2314 1643 2345 Deiotaro.
1667 2314 1717 2344 fol.
1732 2323 1790 2355 293
1808 2313 1838 2344 b.

1246 2370 1297 2399 30.
1314 2368 1377 2398 Pro
1395 2368 1440 2398 M.
1456 2365 1613 2397 Marcello.
1638 2365 1687 2395 fol.
1704 2366 1762 2404 298
1780 2365 1810 2395 1).

1246 2421 1298 2451 31.
1316 2420 1379 2450 Pro
1396 2419 1512 2458 Quinto
1530 2417 1662 2458 Ligario.
1686 2416 1737 2447 fol.
1754 2425 1828 2456 30²·

1374 2470 1412 2500 In
1436 2469 1527 2506 calce,
1553 2474 1571 2485 ⁴²
1588 2469 1632 2499 M.
1651 2468 1685 2498 T.
1703 2467 1859 2499 Ciceronis
1883 2466 1984 2497 oratio
2007 2476 2062 2507 pro
2087 2465 2123 2504 Q.

1354 2521 1480 2562 Ligario
1503 2520 1628 2561 explicit
1654 2518 1813 2550 feliciter.”
1867 2517 2025 2558 Sequitur,
2046 2527 2125 2547 man.

1351 2573 1458 2609 altera,

1247 2626 1299 2656 82.
1316 2624 1378 2654 Pro
1395 2623 1442 2654 M.
1456 2622 1600 2654 Fonteio.
1624 2621 1674 2652 fol.
1686 2630 1758 2662 307.

1376 2675 1413 2706 In
1437 2675 1575 2716 margine
1598 2677 1742 2704 notatum
1769 2677 1828 2709 est,
1853 2677 1860 2688 ⁶
1876 2671 1990 2702 Deficit
2014 2669 2124 2711 princi-

1354 2727 1469 2768 pium;‘
1495 2726 1585 2767 incip.
1609 2725 1641 2756 in
1665 2724 1775 2761 verbis,
1798 2728 1816 2740 “
1834 2723 1902 2754 Hoc
1927 2726 2050 2763 pretore
2072 2731 2125 2760 op-

1353 2788 1490 2820 pressam
1506 2776 1600 2808 esse?q
