2254 3117
320 161 336 191 1
344 161 364 191 2
880 156 1181 193 CATALOGUS
1208 159 1442 195 CODICUM
1471 161 1579 196 MSS.

445 255 542 296 Incip.
560 255 651 285 πάλιν
667 255 768 292 ἡμῖῑςὴ
785 257 834 284 τοῦ
852 256 1023 293 Πνεύματος
1044 257 1199 295 δαψηλεία.
1229 260 1232 285 Ι

335 310 368 345 β.
384 307 449 345 περὶ
471 309 520 344 τῆς
542 307 778 343 ἐκκλησιαστικῆς
803 306 929 344 ἱστορίας
953 307 998 337 καὶ
1023 309 1201 345 λεπτομερῆς

401 358 576 397 ἀφηγήσεως
591 357 708 386 πάντων
723 359 780 386 τῶν
797 358 828 387 ἐν
845 359 877 399 τῇ
900 359 963 398 θείᾳ
988 359 1133 399 ἱερουργίᾳ
1156 372 1200 389 τε·

401 410 539 438 λούντων.
564 407 614 437 fol.
632 408 665 437 18
684 407 710 437 b.

444 459 541 499 Incip.
559 458 626 488 δέον
642 459 688 488 καὶ
704 458 814 497 πρέπον
831 460 921 489 ἐστίν.

337 524 365 549 γ.
384 510 517 549 ἐξήγησις
541 510 586 539 καὶ
612 509 743 548 σαφήνια
767 513 825 540 τῶν
849 511 932 548 ἱερῶν
954 511 999 541 καὶ
1021 512 1107 541 θείων
1128 513 1199 542 ἑπτὰ

398 561 562 598 μυστηρίων
586 562 634 597 τῆς
661 561 745 598 ἁγίας
772 563 900 599 Χριστοῦ
930 564 980 592 τοῦ
1010 565 1090 592 Θεοῦ
1119 563 1198 600 ἡμῶν

399 612 554 648 ἐκκλησίας
580 611 652 650 ἅπερ
678 612 760 641 ἔστιν
783 613 814 642 ἐκ
848 615 904 642 τῶν
932 614 1015 651 ἱερῶν
1040 614 1086 644 καὶ
1113 615 1198 644 θείων

397 662 572 692 ἀποστόλων
588 663 708 694 κανόνες
727 663 773 693 καὶ
789 666 846 693 τῶν
864 666 980 694 σεπτῶν
995 665 1127 694 συνόδων
1142 667 1198 695 τῶν

397 713 487 751 ἁγίων
505 713 646 751 πατέρων.
670 713 721 743 sol.
738 724 790 754 43.

440 763 539 804 Incip.
556 764 572 801 ἡ
589 764 716 801 δήλωσις
731 767 788 794 τῶν
805 766 904 804 λόγων
920 778 984 795 σου.

334 817 357 844 ὃ.
377 815 512 853 ἑρμηνεῖα
535 816 692 853 συνοπτικὴ
711 817 776 854 περὶ
800 819 848 854 τῆς
871 817 955 855 ἁγίας
983 817 1059 855 ἱερᾶς
1087 818 1195 856 ἱερουρ-

398 865 471 904 γίας.
496 864 546 896 fol.
562 867 611 906 65.

440 916 535 958 Incip.
553 917 618 948 δέον
634 920 787 956 σημαίνειν
803 920 900 958 τρίτην
923 920 1001 958 ὥραν
1017 921 1065 957 τῆς
1082 920 1195 958 ἡμέρας.

333 985 353 1002 ε.
373 972 531 1002 ἁκολούθια
547 975 603 1002 τῶν
619 974 710 1012 ἁγίων
726 973 881 1012 θεοφάνων
897 977 947 1004 τοῦ
962 975 1116 1013 ἁγιασμοῦ.
1142 975 1191 1005 sol.

398 1031 435 1062 72
453 1023 482 1053 b.

438 1075 535 1116 Incip.
551 1078 624 1114 μετὰ
640 1076 692 1113 τὴν
707 1077 937 1115 ὀπισθάμβωνυν
954 1078 1034 1118 εὐχή.

331 1140 358 1160 ς.
375 1126 534 1165 εὐαγγέλια
550 1130 606 1157 τῶν
621 1128 712 1166 ἁγίων
728 1130 829 1158 παθῶν
844 1131 892 1166 τῆς
908 1129 1050 1167 διαθήκης.
1076 1130 1127 1160 fol.
1145 1131 1192 1160 82.

331 1186 351 1216 ζ.
371 1181 453 1221 εὐχαὶ
469 1183 516 1219 τῆς
532 1183 728 1220 γονυκλισίας,
745 1183 777 1224 τῇ
796 1185 911 1222 κυριακῇ
929 1186 976 1221 τῆς
992 1185 1076 1223 ἁγίας
1094 1197 1194 1222 πεντη-

396 1234 508 1269 κοστῆς.
533 1232 584 1262 fol.
603 1243 668 1262 100.

440 1283 538 1325 Incip.
556 1285 693 1324 ἄχραντε,
711 1285 841 1322 ἀμίαντε,
859 1286 979 1325 ἄναρχε.

330 1348 356 1372 η.
376 1334 530 1374 εὐχέλαιον
545 1336 738 1374 ψαλλόμενον
751 1336 784 1377 τῇ
802 1337 869 1377 ἁγίᾳ
881 1338 926 1366 καὶ
942 1336 1056 1379 μεγάλῃ
1070 1338 1192 1376 πέμπτῃ.

395 1385 445 1416 fol.
464 1396 528 1417 110.

438 1437 534 1478 Incip.
552 1438 758 1478 συναχθέντων
773 1441 830 1468 τῶν
847 1439 957 1477 ἱερέων.

330 1494 356 1522 θ.
375 1493 531 1522 ἀκολουθία
551 1493 704 1533 εὐχελαίου
727 1494 921 1532 ψαλλομένου
938 1495 978 1526 εἰς
995 1496 1190 1533 κοιμηθέντας.

394 1542 446 1572 fol.
464 1553 518 1583 139
536 1543 562 1573 b.

436 1593 533 1634 Incip.
550 1595 582 1624 τὸ
597 1597 647 1624 τοῦ
664 1595 789 1625 θανάτου
806 1595 916 1634 κράτος.

331 1661 348 1678 ι.
365 1648 518 1678 συνοδικὸν
536 1649 590 1679 σὺν
607 1652 674 1690 Θεῷ
692 1651 763 1691 ἁγίῳ
785 1652 947 1690 λεγόμενον
963 1653 995 1689 τῇ
1014 1653 1129 1691 κυριακῇ
1146 1655 1193 1690 Τῆς

393 1700 476 1737 ἁγίας
500 1701 546 1730 καὶ
568 1699 698 1739 μεγάλης
721 1702 748 1739 μ’
774 1702 836 1739 ἤτοι
861 1704 910 1740 τῆς
930 1703 1105 1741 ὀρθοδοξίας.
1139 1704 1189 1734 fol.

398 1759 455 1790 152
473 1750 500 1780 b.
740 1788 742 1791 ι

435 1800 532 1842 Incip.
548 1806 739 1841 προφητικαῖς
754 1804 890 1841 ἑπόμενοι
905 1804 1037 1842 ῥήσεσιν.

329 1854 374 1885 ια’.
392 1858 530 1895 θεολογία
552 1858 616 1895 περὶ
640 1859 689 1895 τῆς
716 1859 799 1896 ἑιγίας
822 1859 945 1897 Τριάδος
977 1860 1022 1889 καὶ
1049 1861 1192 1900 ὁμολογία

414 1908 463 1944 τῆς
486 1908 640 1946 ὀρθοδόξου
655 1909 734 1946 ἡμῶν
749 1911 874 1941 πίστεως
890 1911 936 1940 καὶ
957 1912 1022 1949 περὶ
1041 1915 1098 1942 τῶν
1120 1913 1191 1942 ἑπτὰ

413 1960 544 1989 συνόδων
574 1960 620 1989 καὶ
647 1960 876 1998 ἁναθεματισμοὶ
903 1965 959 1991 τῶν
986 1964 1189 2003 αἱρεσιαρχῶν.

414 2009 465 2039 sol.
485 2011 552 2048 176.

459 2060 553 2102 incip.
569 2062 694 2092 πιστεύω
711 2063 750 2094 εἰς
768 2064 819 2092 ἑνὰ
836 2065 925 2093 Θεόν.

328 2111 377 2148 ιβ’.
403 2112 525 2151 Μάρκου
555 2116 693 2143 ταπεινοῦ
724 2115 895 2152 ἁμαρτώλου
931 2116 976 2145 καὶ
1000 2117 1190 2156 ἶερομοναχοῦ

413 2165 564 2202 σύνταγμα
585 2166 712 2202 πονηθὲν
729 2166 768 2197 εἰς
785 2166 817 2195 τὸ
835 2167 1019 2204 ἀπορούμενα
1041 2170 1090 2197 τοῦ
1106 2180 1187 2198 τυπι-

413 2217 472 2244 κοῦ.
497 2214 547 2244 sol.
568 2225 632 2254 ¹90·

456 2265 551 2305 Incip.
571 2266 639 2303 Μὴν
662 2269 826 2308 σετττεβίκίρΔ
850 2266 886 2298 α’.
909 2270 973 2306 περὶ
990 2271 1037 2306 τῆς
1055 2271 1188 2300 ἰνδίκτου’

413 2317 523 2347 καὶτοῦ
547 2319 628 2348 ὁσίου
652 2318 760 2356 πατρὸς
784 2319 861 2356 ἡμῶν
877 2321 995 2357 Συμεὼν
1017 2323 1067 2350 τοῦ
1083 2322 1187 2351 ..πυλί-

412 2380 471 2403 του,
489 2369 610 2408 εἰτύχοι
634 2369 666 2399 ἐν
691 2369 817 2407 κυριακῇ.
841 2370 896 2410 χρὴ
920 2371 1074 2409 γινώσκειν
1097 2372 1141 2401 ὅτι
1165 2373 1189 2402 εἷ

412 2420 494 2458 τύχοι
510 2420 526 2457 ἡ
542 2421 646 2458 πρώτη.
1218 2421 1220 2441 ⁴

457 2470 609 2501 l'rmccdit
626 2471 733 2502 tabula
749 2472 952 2512 capitulorum
971 2484 1098 2503 numero
1111 2474 1186 2504 xciV.

434 2533 563 2562 quorum
579 2522 752 2563 quindecim
769 2523 873 2564 priora
889 2524 1116 2555 desiderantur.

457 2572 491 2602 ln
508 2573 601 2608 calce,
968 2572 973 2575 '

392 2626 564 2663 πρόσταγμα
579 2625 753 2663 πεπλήρωκα
769 2629 820 2656 τοῦ
835 2627 1025 2665 φιλουμένου,

393 2676 430 2704 σύ
446 2675 468 2704 δ’
486 2675 507 2705 ὦ
523 2678 666 2714 λατρευτὰ
682 2679 729 2713 τῆς
746 2678 916 2716 τριφεγκοὺς
932 2678 1044 2715 οὐσίας,

392 2726 463 2755 θύτα
480 2728 585 2765 καθαρὲ
603 2727 647 2756 καὶ
664 2730 743 2757 Θεοῦ
760 2728 941 2766 παραστάτα,

391 2775 521 2814 μέμνησο
537 2777 568 2807 δέ
583 2790 631 2814 μοι
647 2780 707 2809 ταῖς
723 2778 822 2818 εὐχαῖς
839 2791 893 2809 σου
909 2778 930 2809 ὦ
947 2782 1017 2817 θεῖε7

1339 259 1416 290 ὅπως
1430 259 1483 296 τὴν
1498 259 1610 298 δυπλὴν
1626 260 1728 299 ὑγείαν
1744 261 1775 291 εὖ
1791 261 1917 299 ἰδούμεν,

1341 310 1386 340 καὶ
1402 311 1497 350 χήραν
1514 312 1587 349 κύρι,
1603 311 1655 349 τὴν
1669 311 1770 351 ψυχὴν
1787 313 1832 342 καὶ
1847 313 1879 342 τὸ
1896 315 1987 351 σῶμα·

1338 362 1527 400 ἐτερματίσθη
1552 363 1583 392 δὲ
1609 363 1641 392 ἐν
1663 363 1731 400 μηνὶ
1753 362 1924 405 Ὀκτωβρίῳ
1948 364 1970 395 κ’
1987 366 2019 395 ἐν
2041 366 2136 407 χρόνῳ

1337 411 1429 453 ‘napy'
1446 415 1586 451 Χριστοῦ,
1603 413 1687 451 ἀμήν.

1274 468 1303 497 2.
1320 466 1463 497 Officium
1480 468 1511 498 S.
1528 472 1560 498 et
1576 468 1679 509 magni
1696 468 1836 499 sabbati.
1861 469 1911 499 fol.
1929 478 1999 509 279.

1379 519 1476 560 Ineip.
1494 519 1700 559 μεγαλύνομέν
1716 533 1751 549 σε
1767 519 1818 550 τὸν
1833 520 1897 550 υἱὸν
1912 523 1962 551 τοῦ
1978 523 2067 552 Θεοῦ.

1381 570 1418 600 In
1435 570 1527 605 calce,
1544 573 1634 601 ταῦτα
1650 571 1859 610 ἐγεγράφησαν
1875 573 1905 610 ἐξ
1921 573 1989 610 ἐμοῦ
2004 574 2134 612 ἀμαρτω-

1357 623 1413 650 λοῦ
1428 622 1524 660 χαρίτι
1541 621 1586 651 καὶ
1603 621 1678 661 τάχα
1700 621 1797 659 ἱερέως
1813 622 1859 652 καὶ
1873 623 2012 661 μεγίστου
2027 625 2140 654 οἰκονό-

1357 684 1412 709 μου
1427 672 1627 709 ἀμαθούντων,
1641 673 1686 702 καὶ
1711 673 1738 702 οἱ
1759 673 1987 713 ἐντυγχάνοντες
2012 675 2136 714 εὔχεσθέ

1357 735 1405 760 μοι
1421 724 1467 753 διὰ
1482 723 1533 753 τὸν
1551 724 1669 761 Κύριον,
1685 723 1769 761 ἁμήν.

1271 777 1300 806 3.
1319 776 1483 816 Expositio
1500 777 1530 807 in
1546 777 1628 807 istud
1646 778 1797 816 ἄνθρωπός
1818 791 1860 810 τις
1884 779 2057 817 κατέβαινεν
2079 781 2135 811 ἀπὸ

1334 827 1529 866 Ἵερουσαλὴμ
1546 830 1585 860 εἰς
1601 828 1723 869 Ἰεριχῶ.
1748 829 1799 859 sol.
1819 830 1888 869 289.

1379 878 1477 918 Incip.
1495 881 1509 909 ὁ
1527 881 1603 917 ἀδὰμ
1619 880 1722 919 ἕρχετο
1739 880 1795 910 ἀπὸ
1812 884 1862 910 τοῦ
1879 882 2067 920 παραδείσου.

1653 981 1740 1016 XX.

1250 1043 1370 1076 Codex
1400 1043 1693 1084 membranaceus,
1726 1045 1758 1078 in
1789 1045 1883 1085 folio,
1910 1045 2042 1087 ffi243‚
2068 1058 2134 1080 sec.

1274 1101 1387 1134 forsan
1417 1101 1462 1133 xi.
1492 1102 1662 1140 exeuntis
1699 1102 1788 1135 binis
1820 1102 1990 1137 columnis
2026 1104 2141 1138 nitide*

1273 1163 1458 1197 exaratus;
1486 1159 1619 1192 lnutil.:
1650 1159 1731 1193 olim
1755 1160 1929 1204 peculium
1951 1160 2142 1195 Michaelis*

1273 1217 1469 1251 sacerdotis.

1292 1278 1322 1308 S.
1334 1278 1476 1319 Gregorii
1495 1278 1692 1315 Nazianzeni‚
1710 1278 1784 1309 dicti
1801 1279 1961 1321 Theologi,
1979 1291 2139 1311 sermones

1312 1330 1374 1360 sive
1391 1329 1548 1360 orationes
1564 1329 1672 1371 viginti
1690 1335 1774 1365 tros;
1801 1331 1928 1368 scilicet,

1271 1382 1299 1411 1.
1318 1380 1354 1411 In
1371 1381 1401 1411 S.
1418 1381 1540 1411 Pascha
1563 1381 1641 1413 duan
1658 1381 1689 1410 in
1712 1392 1821 1412 novam
1845 1382 2039 1413 Dominicam
2063 1394 2134 1419 una,

1333 1436 1365 1462 et
1379 1432 1409 1462 in
1428 1432 1457 1462 S.
1473 1432 1682 1463 Pentecosten
1698 1443 1769 1463 una.
1793 1432 1844 1463 fol.
1859 1443 1884 1463 Ι.

1375 1482 1498 1513 Titulus
1519 1483 1646 1523 primus,
1663 1483 1714 1523 qui
1732 1493 1794 1513 una
1815 1494 1885 1513 cum
1908 1483 1996 1514 initio
2019 1495 2134 1515 sermo-

1353 1532 1400 1563 nis
1423 1543 1517 1563 manu
1533 1533 1696 1564 recentiori
1714 1533 1744 1563 in
1761 1533 1871 1564 charta
1893 1534 2053 1575 suppletus
2074 1540 2132 1572 est,

1354 1587 1404 1614 τοῦ
1421 1585 1452 1614 ἐν
1468 1585 1562 1623 ἁγίοις
1577 1585 1686 1623 πατρὸς
1702 1586 1781 1623 ἡμῶν
1798 1587 1958 1625 Γρηγορίου
1975 1587 2134 1617 ἐπισκόπου

1353 1641 1514 1675 Ναζιανζοῦ
1547 1642 1596 1669 τοῦ
1627 1641 1769 1679 θεολόγου
1800 1641 1891 1680 λόγος
1921 1642 1961 1672 εἷς
1986 1641 2019 1671 τὸ
2049 1642 2134 1681 ἅγιον

1353 1691 1464 1731 πάσχα.

1374 1742 1511 1773 Exstant
1529 1742 1666 1783 impress.
1682 1743 1763 1773 inter
1779 1754 1885 1784 opera,
1901 1744 2012 1774 edente
2028 1742 2135 1780 Billio,

1351 1798 1427 1824 tom.
1443 1794 1462 1824 i.
1479 1805 1530 1835 pp.
1544 1796 1617 1835 673,
1633 1805 1706 1835 seqq.

1266 1850 1295 1878 2.
1314 1848 1352 1879 In
1368 1848 1619 1880 Maccabzeorum
1636 1849 1768 1879 laudeni.
1792 1849 1842 1879 sol.
1860 1859 1874 1880 2
1877 1858 1908 1890 5.

1373 1900 1434 1932 Tit.
1453 1903 1493 1933 εἰς
1508 1902 1574 1933 τοὺς
1590 1902 1811 1939 Μακκαβαίους.

1371 1951 1451 1982 Ibid.
1470 1956 1545 1982 tom.
1562 1952 1581 1983 i.
1599 1963 1627 1993 p.
1640 1962 1712 1992 397.

1265 2004 1294 2033 3.
1312 2002 1349 2032 In
1366 2004 1396 2033 S.
1411 2003 1603 2044 Cyprianum
1619 2003 1802 2033 encomium.
1826 2002 1877 2032 fol.
1895 2012 1931 2042 31
1952 2002 1980 2032 b.

1372 2053 1434 2084 Tit.
1458 2055 1498 2086 εἷς
1520 2054 1688 2093 Κυπριανὸν
1711 2053 1745 2092 ἐξ
1768 2055 1858 2092 ἀγροῦ
1883 2053 2034 2091 ἐπανήκων
2056 2056 2130 2091 μετὰ

1349 2105 1419 2142 μίαν
1434 2107 1483 2142 τῆς
1498 2107 1599 2143 μνείας
1614 2105 1732 2144 ἡμέραν.

1373 2155 1453 2186 Ibid.
1470 2162 1545 2187 tom.
1562 2157 1581 2187 i.
1599 2168 1627 2198 p.
1644 2166 1712 2195 274.

1265 2211 1294 2239 4.
1313 2209 1350 2240 In
1366 2210 1385 2240 J
1388 2211 1525 2241 ulianutu
1541 2211 1730 2242 tributorum
1747 2215 1986 2252 excequatorem.
2011 2211 2030 2241 f.
2041 2221 2095 2252 39.

1371 2261 1434 2292 Tit.
1452 2264 1493 2295 εἰς
1508 2263 1572 2295 τοὺς
1588 2264 1696 2302 λόγους
1712 2263 1759 2293 καὶ
1775 2264 1814 2295 εἰς
1829 2263 1880 2293 τὸν
1902 2263 2040 2301 ἐξισωτὴν
2054 2261 2126 2293 Ἰου-

1347 2314 1462 2358 λιανόν.

1370 2364 1450 2394 Ibid.
1466 2368 1542 2395 tom.
1560 2364 1579 2394 i.
1596 2375 1625 2405 p.
1644 2374 1711 2404 149.

1264 2422 1291 2450 5.
1311 2419 1347 2450 In
1366 2420 1481 2451 Christi
1498 2420 1704 2451 nativitatem.
1729 2421 1778 2450 sol.
1791 2432 1842 2459 44.

1369 2470 1432 2502 Tit.
1461 2472 1501 2503 εἷς
1525 2471 1557 2501 τὸ
1580 2471 1725 2510 γενέθλον
1749 2471 1814 2512 [εἰσ]
1842 2474 1893 2502 τοῦ
1918 2473 2024 2510 Κυρίου
2048 2473 2128 2510 ἡμῶν

1346 2521 1444 2560 Ἰησοῦ
1461 2525 1597 2561 Χριστοῦ.

1370 2573 1451 2603 Ibid.
1469 2578 1542 2604 tom.
1560 2574 1579 2604 i.
1596 2585 1625 2614 p.
1641 2575 1711 2614 6¹3.

1262 2627 1290 2657 6.
1309 2627 1345 2657 In
1362 2628 1392 2658 S.
1409 2628 1556 2659 Basilium
1572 2629 1674 2659 oratio
1690 2629 1836 2659 funebris.
1860 2629 1912 2659 fol.
1928 2638 1970 2669 50
1986 2629 2014 2659 b.

1369 2679 1430 2709 Tit.
1448 2682 1498 2710 τοῦ
1514 2680 1600 2710 αὐτοῦ
1620 2680 1769 2719 ἐπιτάφιος
1786 2681 1825 2711 εἰς
1847 2681 1898 2710 τὸν
1919 2681 2013 2719 μέγαν
2037 2680 2124 2709 Βασί-

1346 2734 1436 2760 λειον.

1370 2781 1448 2812 Ibid.
1465 2786 1541 2812 tom.
1557 2782 1575 2812 i.
1593 2793 1622 2823 p.
1634 2784 1706 2823 316.
