2254 3117
668 156 907 192 COLLEGII
935 157 1309 196 MERTONENSIS.

428 255 606 290 CXXIX.

79 317 198 352 Codex
229 318 525 358 membranaceus,
549 319 584 351 in
614 318 705 358 folio,
732 318 767 352 ff.
785 321 865 359 149,
894 331 961 354 sec.

100 376 180 415 xiv„
199 375 291 410 haud
318 387 387 410 una
412 387 517 409 manu
542 375 631 408 binis
655 374 825 409 columnis
844 387 964 410 exara·
992 411 993 419 ἵ

100 439 176 474 tus;
208 446 252 469 ex
284 434 399 480 legato
434 433 580 467 Roberti
609 433 652 466 de
683 432 895 478 Gillynham,
927 435 961 468 in

99 503 194 526 sacra
220 493 345 538 pagina
371 492 544 537 quondam
572 491 771 536 professoris
790 496 826 525 et
845 492 961 526 vicarii
991 490 993 495 ‘

100 549 142 584 B.
161 549 257 584 Petri
276 550 310 583 in
330 550 463 583 oriente
483 548 597 582 Oxon.

117 614 146 644 l.
163 613 284 644 Tabula
299 624 392 655 super
403 613 498 643 libros
513 612 740 643 sententiarum
752 612 960 654 alphabetica.
991 621 992 662 J

181 664 233 695 fol.
248 674 276 694 2.

225 715 324 757 Incip.
353 715 566 751 “Abrahanu
600 715 703 754 Quare
730 715 874 748 Christus
900 728 961 748 non
990 722 992 730 ⁸

200 765 315 796 dicitur
330 765 503 796 decimatus
518 765 550 796 in
567 765 759 796 Abrahan1.”

115 823 143 852 2.
162 821 279 852 Tabula
295 821 502 863 originalium,
513 821 575 852 sive
588 821 771 863 Manipulus
783 822 903 860 florum,
916 835 961 854 se·
989 856 991 871 s

178 874 312 905 cundum
328 873 468 904 ordinem
484 873 645 915 alphabeti
668 878 813 906 extracta
835 886 852 906 e
874 875 961 906 libris

178 924 282 955 xxxvi.
299 928 474 962 auctorum,
492 925 548 956 SS.
568 927 699 956 Patruni
715 927 841 964 scilicet,
859 928 959 959 ethni·
988 919 990 952 l

177 987 355 1017 corumque,
376 980 503 1007 auctore
519 976 641 1007 Thoma
659 977 871 1019 [PalmeranQ
897 979 960 1009 sive

178 1026 423 1068 Palmerstono‚]
435 1027 473 1057 de
486 1026 640 1058 Hibernia
655 1027 738 1058 socio
754 1028 792 1058 de
807 1028 959 1067 Sorbona,

176 1089 246 1109 cum
260 1078 453 1120 praefatione.
478 1078 530 1109 fol.
545 1079 594 1110 26.

218 1130 317 1171 Incip.
333 1129 420 1171 praef.
438 1134 455 1147 ⁴⁶
469 1130 560 1161 Abiit
580 1130 612 1161 in
633 1141 754 1172 agrum,
771 1134 831 1162 etc.
870 1131 958 1163 Ruth

195 1181 385 1224 paupercula
409 1193 470 1212 non
497 1182 616 1213 habens
639 1193 771 1213 messem
798 1183 957 1225 propriam
987 1180 988 1189 ³

195 1234 236 1265 ad
252 1233 486 1275 colligendum.”

218 1285 315 1326 Incip.
335 1285 388 1316 lib.
415 1290 433 1302 “
450 1285 674 1321 Abstinencia3
701 1286 824 1317 Bonum
850 1290 899 1318 est
925 1287 957 1318 in

193 1337 272 1378 cybo
287 1336 461 1378 gratiarum
476 1336 599 1368 actione
615 1337 802 1378 percipere.”

216 1389 332 1420 Exstat
351 1389 491 1430 impress.
510 1389 558 1420 ed.
570 1388 686 1420 Venet.
705 1399 796 1431 1550,
819 1394 851 1421 et
873 1401 956 1432 saepe

193 1440 275 1472 alibi.

217 1492 254 1522 In
267 1492 361 1529 calce,
372 1496 392 1509 ‘⁴
403 1491 542 1534 Explicit
556 1491 734 1532 manipulus
749 1492 861 1523 florum
873 1504 955 1524 com-

194 1542 309 1584 pilatus
339 1554 358 1574 a
385 1543 536 1584 magistro
560 1543 682 1574 Thoma
713 1544 752 1574 de
780 1543 953 1585 Hybernia,

195 1594 352 1635 quondam
365 1593 447 1624 socio
459 1594 498 1624 (le
511 1593 670 1631 Serbona3
686 1598 718 1625 et
732 1595 849 1636 incepit
862 1606 955 1637 super

191 1645 215 1677 J
217 1645 348 1676 ohannis
358 1644 504 1676 Galensis
520 1645 637 1675 ordinis
646 1644 781 1676 fratrum
791 1645 953 1677 Minorum

191 1698 303 1729 doctor
317 1698 349 1729 in
365 1697 523 1739 theologia
535 1697 628 1728 istam
639 1697 781 1729 tabulam
793 1701 825 1729 et
840 1697 953 1739 magis-

193 1754 243 1781 ter
258 1749 397 1780 Thomas
413 1748 542 1780 finivit.⁹'

214 1802 253 1832 In
269 1801 329 1832 fine
344 1800 472 1837 tabulae,
490 1806 507 1817 ⁴⁴
521 1800 659 1842 Explicit
674 1800 783 1832 tabula
798 1802 927 1832 aurea.''

107 1862 137 1891 3.
154 1861 322 1902 Catalogus
351 1861 512 1898 librorum,
544 1861 606 1892 sive
636 1872 777 1902 operum,
807 1860 950 1902 Dionysii

170 1912 384 1954 Areopagitae,
402 1913 432 1943 S.
446 1912 628 1954 Augustini,
645 1912 689 1944 H.
706 1913 745 1944 de
765 1913 796 1944 S.
814 1913 950 1951 Victore,

169 1964 329 1995 Ciceronis
351 1964 552 2005 aliorumque,
578 1974 648 1995 cum
667 1964 818 2006 principio
841 1975 950 1995 eorun-

169 2016 240 2047 dem
265 2020 298 2047 et
322 2015 384 2046 fine
410 2016 535 2058 [eodem
559 2015 665 2047 forsan
689 2017 833 2057 auctore]
847 2028 855 2053 3
880 2027 951 2047 cum

168 2067 311 2109 prologo;
334 2068 438 2108 [manu
450 2067 631 2108 recentiora]
657 2067 708 2098 fol.
727 2078 785 2109 134
798 2067 828 2098 b.

210 2119 309 2162 Incip.
323 2124 341 2138 ‘⁵
354 2120 536 2151 Notandum
552 2120 635 2162 quod
651 2120 801 2150 librorum
817 2119 950 2162 origina—

189 2170 263 2202 lium
280 2170 492 2202 sanctorum.''

106 2232 135 2262 4.
151 2230 279 2262 Tabulae
295 2230 501 2272 alphabeticae
518 2242 611 2272 super
627 2230 775 2272 epistolas
788 2230 948 2268 Paulinas,

167 2283 269 2314 Actus
284 2283 520 2324 Apostolorum,
536 2286 569 2313 et
585 2282 753 2322 evangelia.
778 2281 830 2312 fol.
849 2290 916 2323 137.

210 2334 309 2375 Incip.
327 2338 346 2353 ‘³
359 2334 453 2365 Abba
468 2333 550 2364 idem
566 2337 614 2364 est
631 2333 713 2374 quod
730 2332 849 2374 pater.”

209 2385 323 2416 Deficit
338 2385 448 2416 tabula
469 2385 500 2416 in
515 2384 665 2426 Evangel.
682 2384 713 2414 in
728 2395 803 2415 voce
818 2383 948 2415 tribula-

187 2437 244 2475 tio,
260 2441 279 2455 “
295 2442 414 2478 quanta
429 2436 489 2468 erit
505 2436 536 2467 in
551 2436 612 2466 fine
628 2435 735 2466 mundi
825 2435 852 2465 .”

425 2546 585 2581 CXXX.

63 2609 362 2651 Membranaceus,
397 2609 433 2642 in
467 2608 561 2649 folio,
598 2607 632 2641 ff.
658 2609 741 2648 224,
776 2618 843 2641 sec.
865 2607 945 2647 xiV.‚

84 2668 172 2703 binis
203 2668 372 2704 columnis
401 2667 512 2701 nitide
543 2669 725 2705 exaratus3
751 2664 835 2699 olim
863 2664 944 2699 Joh.

85 2725 329 2772 Wyttenham,
345 2737 449 2770 quem
468 2724 554 2758 emit
573 2724 615 2758 de
633 2723 656 2757 J
659 2723 713 2757 oh.
730 2723 857 2757 Brown
875 2728 945 2758 sta-

83 2783 229 2819 tionario
251 2783 366 2819 Oxon.
385 2783 419 2818 A
443 2782 487 2818 D.
504 2784 609 2822 1403,
636 2781 672 2815 iu
699 2781 754 2815 die
779 2781 843 2816 SS.
862 2781 942 2816 Joh.

1853 172 1900 207 57

992 284 993 291 ,
1037 263 1074 293 et
1104 260 1218 302 Pauli,
1247 268 1367 307 postea
1395 264 1473 298 coll.
1501 264 1605 299 Mert.
1634 278 1677 300 ex
1709 267 1799 300 dono
1824 268 1900 302 Ric.

1040 315 1264 355 Fitz-James,
1283 322 1445 354 custodis.

1057 375 1200 408 Durandi
1224 391 1244 410 a
1268 381 1299 410 S.
1317 381 1468 412 Portiano
1494 382 1525 412 in
1552 383 1777 414 sententiarum
1804 384 1898 415 libros

1078 433 1213 469 quatuor
1228 433 1475 463 commentarius.

1122 477 1239 510 Exstat
1255 480 1394 521 impress.
1411 482 1441 512 in
1458 482 1507 512 fol.
1526 483 1640 515 Venet.
1660 495 1749 525 1571.

1122 530 1221 560 Libro
1242 532 1337 562 tertio
1356 533 1493 564 succedit
1510 539 1528 551 “
1542 535 1710 567 Tractatus
1730 538 1897 568 ostendens

1099 581 1130 611 in
1160 586 1230 612 toto
1256 583 1398 614 universo
1426 596 1518 615 unum
1546 591 1668 618 tantum
1695 600 1762 619 csse
1786 589 1897 630 princi-

1100 632 1227 673 pimus*
1250 633 1339 675 incip.
1366 640 1383 651 ‘⁶
1398 635 1503 665 Unum
1526 638 1737 669 universorum
1763 639 1897 670 existere

1099 684 1285 725 principium
1301 685 1434 716 fidenter
1449 687 1566 718 fatetur
1588 689 1809 720 catholicorum
1826 702 1895 721 con-

1099 735 1175 766 ci0.”

1122 786 1158 816 In
1176 786 1271 823 calce,
1287 786 1339 817 lib.
1352 787 1402 824 iv.,
1415 792 1433 804 ‘⁶
1447 788 1583 829 Explicit
1598 795 1727 830 quartus
1743 791 1848 829 liber‚”
1864 798 1895 824 et

1099 842 1219 878 postea,
1247 844 1264 854 ⁴·
1280 838 1373 869 Liber
1400 838 1446 869 M.
1478 839 1543 870 Ric.
1577 841 1646 872 Fitz
1673 842 1780 873 James
1810 854 1896 875 sacre

1097 887 1253 929 theologie
1275 888 1468 929 professoris,
1486 901 1576 930 quem
1599 892 1674 923 emit
1701 903 1736 923 12
1760 893 1809 924 dic
1832 894 1893 925 No-

1097 940 1231 971 vembris
1241 951 1323 971 anno
1334 939 1452 972 Christi
1469 943 1557 980 1482,
1566 944 1702 983 precium
1713 945 1776 976 vi.s.
1785 946 1897 977 viii.d.”

1119 991 1308 1033 Sequuntur,
1328 1003 1357 1023 a.
1376 994 1571 1025 Adversaria
1594 995 1776 1037 theologica,
1803 998 1894 1040 incip.

1099 1046 1116 1059 “
1131 1043 1250 1073 Utrum
1281 1042 1408 1084 diligere
1441 1043 1574 1074 amicum
1605 1045 1645 1076 sit
1674 1046 1896 1078 meritoflumf’

1096 1093 1128 1123 b.
1143 1093 1278 1124 Articuli
1294 1093 1334 1123 ab
1350 1093 1372 1123 J
1375 1093 1425 1124 oh.
1440 1094 1576 1135 archiep.
1590 1094 1739 1126 Cantuar.
1757 1096 1787 1126 in
1804 1097 1896 1128 eccle-

1097 1144 1144 1175 sia
1160 1144 1191 1175 S.
1205 1144 1318 1176 Mariae
1335 1145 1373 1176 de
1387 1146 1532 1176 Arcubus
1548 1157 1629 1177 anno
1651 1148 1729 1177 1286
1746 1148 1894 1179 damnati.

1120 1196 1363 1228 Praemittuntur
1378 1197 1488 1234 codici,

1073 1258 1103 1279 a.
1120 1247 1240 1278 Versus
1255 1248 1296 1278 ad
1313 1247 1461 1279 Carolum
1480 1248 1640 1290 Magnum.
1665 1249 1717 1279 sol.
1736 1260 1744 1279 1
1763 1250 1791 1281 b.

1162 1299 1261 1341 Incip.

1138 1355 1157 1367 ‘⁸
1170 1351 1196 1381 Ο
1210 1362 1265 1381 rex
1279 1351 1424 1392 Auguste
1440 1350 1608 1382 clarissime
1621 1351 1731 1393 dignus
1744 1352 1887 1383 honores*

1072 1406 1101 1437 b.
1119 1406 1315 1446 Quaestiones
1330 1406 1524 1448 theologicae.
1549 1407 1598 1438 fol.
1614 1416 1630 1437 2
1644 1407 1672 1437 b.

1160 1458 1256 1500 Incip.
1274 1463 1292 1475 “
1306 1458 1425 1490 Utrum
1447 1458 1590 1490 Christus
1621 1458 1651 1488 in
1675 1458 1779 1490 triduo
1803 1459 1896 1491 fuerit

1134 1510 1257 1541 hon10.”

1364 1604 1542 1639 CXXXI.

1007 1667 1129 1701 Codex
1160 1666 1455 1707 membranaceus,
1484 1668 1520 1701 in
1549 1667 1642 1707 folio,
1669 1667 1799 1705 st1231,
1827 1679 1892 1702 sec.

1031 1725 1112 1764 xiv.‚
1132 1725 1221 1759 binis
1248 1724 1420 1760 columnis
1446 1730 1629 1766 exaratu83
1654 1736 1699 1759 ex
1726 1725 1816 1758 dono
1839 1724 1892 1758 M.

1032 1783 1178 1817 Thomae
1197 1782 1382 1817 Bloxham.

1047 1843 1179 1875 Roberti
1204 1842 1413 1884 Kylwardeby
1436 1854 1529 1884 super
1552 1842 1776 1874 sententiarum
1798 1842 1892 1874 libros

1069 1899 1204 1937 quatuor
1220 1895 1382 1936 expositio.

1111 1946 1175 1979 Tit.
1194 1951 1214 1964 ‘⁶
1227 1946 1437 1987 Kylwardeby
1453 1957 1546 1988 super
1561 1945 1759 1977 sententias.''

1112 1997 1211 2039 Incip.
1240 1997 1437 2040 “Sapientia
1467 1997 1632 2034 edificavit,
1660 2001 1720 2028 etc.
1764 1996 1803 2028 In
1833 1996 1891 2027 hiis

1089 2049 1191 2080 verbis
1214 2049 1342 2080 accendi
1366 2052 1499 2090 possunt
1524 2052 1660 2090 quatuor
1682 2058 1773 2079 cause
1799 2047 1890 2090 hujus

1089 2101 1259 2133 doctrine.”

1111 2152 1292 2194 Sequuntur
1317 2152 1456 2193 ejusdem
1475 2151 1645 2183 solutiones
1664 2151 1827 2182 dubiorum
1851 2150 1889 2180 de

1087 2204 1303 2236 incarnatione
1329 2203 1400 2241 Dei,
1423 2208 1456 2235 et
1479 2204 1518 2235 de
1545 2202 1769 2237 relationibus;
1794 2201 1887 2242 incip.

1089 2260 1110 2274 “
1124 2255 1252 2297 Triplex
1269 2255 1391 2297 questio
1411 2255 1449 2286 de
1472 2254 1686 2286 incarnatione
1702 2252 1760 2284 Dei
1776 2262 1886 2294 propo-

1086 2307 1203 2339 nitur.”

1109 2358 1216 2390 Desin.
1245 2358 1432 2399 quaestiones
1459 2358 1497 2388 de
1523 2355 1736 2391 relationibus,
1761 2365 1829 2395 quae
1845 2363 1883 2393 37

1086 2414 1303 2447 numerantur,
1330 2413 1526 2440 “extentum
1550 2407 1712 2448 subjicitur
1735 2405 1829 2447 priori
1854 2409 1886 2435 et

1087 2461 1253 2502 posteriori
1274 2461 1305 2491 in
1322 2460 1464 2492 terminis
1486 2460 1567 2496 suis;
1591 2458 1638 2489 Sit
1655 2457 1722 2487 Deo
1737 2455 1885 2486 Trinitati

1085 2523 1204 2544 summe
1220 2512 1316 2545 laus.”

1346 2600 1544 2636 CXXXII.

999 2663 1302 2704 Membranaceus,
1325 2665 1361 2698 in
1387 2663 1481 2704 folio,
1499 2662 1532 2697 ff.
1550 2660 1630 2700 162,
1649 2671 1715 2694 sec.
1730 2659 1803 2693 xiii.
1822 2669 1883 2692 ex-

1022 2723 1147 2764 euntis,
1174 2723 1264 2757 binis
1295 2722 1464 2756 columnis
1490 2720 1600 2753 nitide
1630 2722 1810 2758 exaratus3
1836 2728 1881 2752 ex

1022 2782 1113 2816 dono
1126 2781 1271 2816 Thomae
1290 2779 1475 2815 Bloxham.

1145 2849 1157 2874 1
