<?xml version="1.0" encoding="UTF-8"?>
<!DOCTYPE html PUBLIC "-//W3C//DTD XHTML 1.0 Transitional//EN"
    "http://www.w3.org/TR/xhtml1/DTD/xhtml1-transitional.dtd">
<html xmlns="http://www.w3.org/1999/xhtml" xml:lang="en" lang="en">
 <head>
  <title>
</title>
<meta http-equiv="Content-Type" content="text/html;charset=utf-8" />
  <meta name='ocr-system' content='tesseract 3.04.00' />
  <meta name='ocr-capabilities' content='ocr_page ocr_carea ocr_par ocr_line ocrx_word'/>
</head>
<body>
  <div class='ocr_page' id='page_1' title='image "./cataloguscodicum01coxeuoft_0183.png"; bbox 0 0 2254 3117; ppageno 0'>
   <div class='ocr_carea' id='block_1_1' title="bbox 652 168 1299 211">
    <p class='ocr_par' dir='ltr' id='par_1_1' title="bbox 652 168 1299 211">
     <span class='ocr_line' id='line_1_1' title="bbox 652 168 1299 211; baseline 0.014 -9"><span class='ocrx_word' id='word_1_1' title='bbox 652 168 892 205; x_wconf 86' lang='lat' dir='ltr'>COLLEGII</span> <span class='ocrx_word' id='word_1_2' title='bbox 919 170 1299 211; x_wconf 84' lang='lat' dir='ltr'>BALLIOLENSIS.</span> 
     </span>
    </p>
   </div>
   <div class='ocr_carea' id='block_1_2' title="bbox 85 264 952 704">
    <p class='ocr_par' dir='ltr' id='par_1_2' title="bbox 169 264 951 359">
     <span class='ocr_line' id='line_1_2' title="bbox 190 264 951 306; baseline 0.007 -11"><span class='ocrx_word' id='word_1_3' title='bbox 190 264 229 296; x_wconf 90' lang='lat' dir='ltr'>In</span> <span class='ocrx_word' id='word_1_4' title='bbox 244 265 339 301; x_wconf 84' lang='lat' dir='ltr'>calce,</span> <span class='ocrx_word' id='word_1_5' title='bbox 354 269 371 282; x_wconf 78' lang='grc'>“</span> <span class='ocrx_word' id='word_1_6' title='bbox 383 265 520 306; x_wconf 86' lang='lat' dir='ltr'>Explicit</span> <span class='ocrx_word' id='word_1_7' title='bbox 536 267 695 298; x_wconf 79' lang='lat' dir='ltr'>sentencia</span> <span class='ocrx_word' id='word_1_8' title='bbox 710 268 816 299; x_wconf 80' lang='lat' dir='ltr'>fratris</span> <span class='ocrx_word' id='word_1_9' title='bbox 833 269 951 301; x_wconf 85' lang='lat' dir='ltr'>Thomo</span> 
     </span>
     <span class='ocr_line' id='line_1_3' title="bbox 169 316 912 359; baseline 0.007 -13"><span class='ocrx_word' id='word_1_10' title='bbox 169 316 208 346; x_wconf 85' lang='lat' dir='ltr'>de</span> <span class='ocrx_word' id='word_1_11' title='bbox 223 316 351 357; x_wconf 88' lang='lat' dir='ltr'>Aquino</span> <span class='ocrx_word' id='word_1_12' title='bbox 366 327 458 358; x_wconf 84' lang='lat' dir='ltr'>super</span> <span class='ocrx_word' id='word_1_13' title='bbox 473 316 586 348; x_wconf 89' lang='lat' dir='ltr'>librum</span> <span class='ocrx_word' id='word_1_14' title='bbox 602 317 912 359; x_wconf 76' lang='lat' dir='ltr'>Metaphisicorum.&#39;&#39;</span> 
     </span>
    </p>

    <p class='ocr_par' dir='ltr' id='par_1_3' title="bbox 85 367 949 449">
     <span class='ocr_line' id='line_1_4' title="bbox 85 367 949 409; baseline 0.007 -12"><span class='ocrx_word' id='word_1_15' title='bbox 85 369 114 398; x_wconf 92' lang='lat'>8.</span> <span class='ocrx_word' id='word_1_16' title='bbox 131 367 349 409; x_wconf 84' lang='lat' dir='ltr'>Mctaphysica</span> <span class='ocrx_word' id='word_1_17' title='bbox 362 367 646 409; x_wconf 79' lang='lat' dir='ltr'>Intelligentiarum</span> <span class='ocrx_word' id='word_1_18' title='bbox 658 369 743 401; x_wconf 83' lang='lat' dir='ltr'>facta</span> <span class='ocrx_word' id='word_1_19' title='bbox 754 371 794 401; x_wconf 90' lang='lat' dir='ltr'>ab</span> <span class='ocrx_word' id='word_1_20' title='bbox 808 372 949 403; x_wconf 72' lang='lat' dir='ltr'>Albcrto.</span> 
     </span>
     <span class='ocr_line' id='line_1_5' title="bbox 148 417 286 449; baseline -0.007 -1"><span class='ocrx_word' id='word_1_21' title='bbox 148 417 200 448; x_wconf 91' lang='lat' dir='ltr'>fol.</span> <span class='ocrx_word' id='word_1_22' title='bbox 215 419 286 449; x_wconf 82' lang='lat'>260.</span> 
     </span>
    </p>

    <p class='ocr_par' dir='ltr' id='par_1_4' title="bbox 191 468 950 511">
     <span class='ocr_line' id='line_1_6' title="bbox 191 468 950 511; baseline 0.007 -12"><span class='ocrx_word' id='word_1_23' title='bbox 191 469 290 511; x_wconf 89' lang='lat' dir='ltr'>Incip.</span> <span class='ocrx_word' id='word_1_24' title='bbox 307 473 325 486; x_wconf 87' lang='lat'>“</span> <span class='ocrx_word' id='word_1_25' title='bbox 339 468 466 500; x_wconf 87' lang='lat' dir='ltr'>Phisica</span> <span class='ocrx_word' id='word_1_26' title='bbox 481 470 612 501; x_wconf 85' lang='lat' dir='ltr'>scicntia</span> <span class='ocrx_word' id='word_1_27' title='bbox 627 471 776 503; x_wconf 85' lang='lat' dir='ltr'>dividitur</span> <span class='ocrx_word' id='word_1_28' title='bbox 791 473 822 503; x_wconf 94' lang='lat' dir='ltr'>in</span> <span class='ocrx_word' id='word_1_29' title='bbox 838 473 950 504; x_wconf 83' lang='lat' dir='ltr'>theori-</span> 
     </span>
    </p>

    <p class='ocr_par' dir='ltr' id='par_1_5' title="bbox 170 520 952 561">
     <span class='ocr_line' id='line_1_7' title="bbox 170 520 952 561; baseline 0.006 -10"><span class='ocrx_word' id='word_1_30' title='bbox 170 531 238 552; x_wconf 87' lang='lat' dir='ltr'>cam</span> <span class='ocrx_word' id='word_1_31' title='bbox 248 525 279 551; x_wconf 91' lang='lat' dir='ltr'>et</span> <span class='ocrx_word' id='word_1_32' title='bbox 291 520 463 561; x_wconf 76' lang='lat' dir='ltr'><strong>practicam</strong></span> <span class='ocrx_word' id='word_1_33' title='bbox 474 533 482 558; x_wconf 80' lang='lat'><em>3</em></span> <span class='ocrx_word' id='word_1_34' title='bbox 500 521 652 552; x_wconf 88' lang='lat' dir='ltr'>Theorica</span> <span class='ocrx_word' id='word_1_35' title='bbox 664 523 766 555; x_wconf 86' lang='lat' dir='ltr'>adhuc</span> <span class='ocrx_word' id='word_1_36' title='bbox 777 525 952 556; x_wconf 73' lang='lat' dir='ltr'>dividitur.”</span> 
     </span>
    </p>

    <p class='ocr_par' dir='ltr' id='par_1_6' title="bbox 192 571 952 614">
     <span class='ocr_line' id='line_1_8' title="bbox 192 571 952 614; baseline 0.008 -13"><span class='ocrx_word' id='word_1_37' title='bbox 192 571 341 612; x_wconf 76' lang='lat' dir='ltr'>Sequitur</span> <span class='ocrx_word' id='word_1_38' title='bbox 354 582 448 602; x_wconf 88' lang='lat' dir='ltr'>manu</span> <span class='ocrx_word' id='word_1_39' title='bbox 464 572 576 609; x_wconf 85' lang='lat' dir='ltr'>altera,</span> <span class='ocrx_word' id='word_1_40' title='bbox 587 573 720 614; x_wconf 74' lang='lat' dir='ltr'>quaestio</span> <span class='ocrx_word' id='word_1_41' title='bbox 733 575 771 606; x_wconf 85' lang='lat' dir='ltr'>de</span> <span class='ocrx_word' id='word_1_42' title='bbox 784 576 952 607; x_wconf 82' lang='lat' dir='ltr'>eternitate</span> 
     </span>
    </p>

    <p class='ocr_par' dir='ltr' id='par_1_7' title="bbox 168 621 951 704">
     <span class='ocr_line' id='line_1_9' title="bbox 168 621 951 664; baseline 0.008 -12"><span class='ocrx_word' id='word_1_43' title='bbox 168 621 281 653; x_wconf 82' lang='lat' dir='ltr'>divinae</span> <span class='ocrx_word' id='word_1_44' title='bbox 301 622 466 657; x_wconf 85' lang='lat' dir='ltr'>essentiae;</span> <span class='ocrx_word' id='word_1_45' title='bbox 494 623 586 664; x_wconf 85' lang='lat' dir='ltr'>incip.</span> <span class='ocrx_word' id='word_1_46' title='bbox 609 628 627 641; x_wconf 79' lang='grc'>“</span> <span class='ocrx_word' id='word_1_47' title='bbox 641 624 791 664; x_wconf 77' lang='lat' dir='ltr'>Queritur</span> <span class='ocrx_word' id='word_1_48' title='bbox 811 627 849 657; x_wconf 88' lang='lat' dir='ltr'>dc</span> <span class='ocrx_word' id='word_1_49' title='bbox 873 631 951 657; x_wconf 86' lang='lat' dir='ltr'>eter-</span> 
     </span>
     <span class='ocr_line' id='line_1_10' title="bbox 170 673 299 704; baseline 0 0"><span class='ocrx_word' id='word_1_50' title='bbox 170 673 299 704; x_wconf 71' lang='lat' dir='ltr'>nitate.”</span> 
     </span>
    </p>
   </div>
   <div class='ocr_carea' id='block_1_3' title="bbox 66 742 954 1083">
    <p class='ocr_par' dir='ltr' id='par_1_8' title="bbox 406 742 606 778">
     <span class='ocr_line' id='line_1_11' title="bbox 406 742 606 778; baseline 0.01 -2"><span class='ocrx_word' id='word_1_51' title='bbox 406 742 606 778; x_wconf 87' lang='lat' dir='ltr'>CCCXIV.</span> 
     </span>
    </p>

    <p class='ocr_par' dir='ltr' id='par_1_9' title="bbox 66 803 954 1083">
     <span class='ocr_line' id='line_1_12' title="bbox 66 803 952 847; baseline 0.003 -9"><span class='ocrx_word' id='word_1_52' title='bbox 66 803 186 838; x_wconf 83' lang='lat' dir='ltr'>Codex</span> <span class='ocrx_word' id='word_1_53' title='bbox 212 804 424 844; x_wconf 79' lang='lat' dir='ltr'>chartaceus,</span> <span class='ocrx_word' id='word_1_54' title='bbox 451 805 487 838; x_wconf 91' lang='lat' dir='ltr'>in</span> <span class='ocrx_word' id='word_1_55' title='bbox 512 807 585 845; x_wconf 80' lang='lat' dir='ltr'>4to,</span> <span class='ocrx_word' id='word_1_56' title='bbox 610 805 642 839; x_wconf 76' lang='lat' dir='ltr'>ff.</span> <span class='ocrx_word' id='word_1_57' title='bbox 663 805 747 847; x_wconf 88' lang='lat'>516,</span> <span class='ocrx_word' id='word_1_58' title='bbox 773 818 839 841; x_wconf 85' lang='lat' dir='ltr'>sec.</span> <span class='ocrx_word' id='word_1_59' title='bbox 860 808 952 845; x_wconf 65' lang='lat' dir='ltr'>xvii..</span> 
     </span>
     <span class='ocr_line' id='line_1_13' title="bbox 91 860 952 907; baseline 0.005 -13"><span class='ocrx_word' id='word_1_60' title='bbox 91 872 136 894; x_wconf 83' lang='lat' dir='ltr'>ex</span> <span class='ocrx_word' id='word_1_61' title='bbox 158 861 248 894; x_wconf 91' lang='lat' dir='ltr'>dono</span> <span class='ocrx_word' id='word_1_62' title='bbox 272 860 442 895; x_wconf 86' lang='lat' dir='ltr'>Johannis</span> <span class='ocrx_word' id='word_1_63' title='bbox 461 861 580 907; x_wconf 80' lang='lat' dir='ltr'>Bayly,</span> <span class='ocrx_word' id='word_1_64' title='bbox 601 862 636 896; x_wconf 82' lang='lat' dir='ltr'>S.</span> <span class='ocrx_word' id='word_1_65' title='bbox 651 863 772 897; x_wconf 89' lang='lat' dir='ltr'>Theol.</span> <span class='ocrx_word' id='word_1_66' title='bbox 793 865 952 904; x_wconf 86' lang='lat' dir='ltr'>doctoris,</span> 
     </span>
     <span class='ocr_line' id='line_1_14' title="bbox 89 918 954 958; baseline 0.005 -7"><span class='ocrx_word' id='word_1_67' title='bbox 89 918 136 952; x_wconf 90' lang='lat' dir='ltr'>fil.</span> <span class='ocrx_word' id='word_1_68' title='bbox 154 919 245 958; x_wconf 80' lang='lat' dir='ltr'>Rev,</span> <span class='ocrx_word' id='word_1_69' title='bbox 270 919 306 952; x_wconf 92' lang='lat' dir='ltr'>in</span> <span class='ocrx_word' id='word_1_70' title='bbox 332 919 471 954; x_wconf 88' lang='lat' dir='ltr'>Christo</span> <span class='ocrx_word' id='word_1_71' title='bbox 500 919 612 954; x_wconf 86' lang='lat' dir='ltr'>Patris</span> <span class='ocrx_word' id='word_1_72' title='bbox 639 921 811 956; x_wconf 89' lang='lat' dir='ltr'>Ludovici</span> <span class='ocrx_word' id='word_1_73' title='bbox 839 922 954 955; x_wconf 86' lang='lat' dir='ltr'>divina</span> 
     </span>
     <span class='ocr_line' id='line_1_15' title="bbox 91 977 953 1024; baseline 0.003 -14"><span class='ocrx_word' id='word_1_74' title='bbox 91 977 307 1022; x_wconf 88' lang='lat' dir='ltr'>providentia</span> <span class='ocrx_word' id='word_1_75' title='bbox 324 978 428 1023; x_wconf 84' lang='lat' dir='ltr'>episc.</span> <span class='ocrx_word' id='word_1_76' title='bbox 443 977 594 1024; x_wconf 81' lang='lat' dir='ltr'>Bangor.</span> <span class='ocrx_word' id='word_1_77' title='bbox 614 984 684 1013; x_wconf 85' lang='lat' dir='ltr'>nat..</span> <span class='ocrx_word' id='word_1_78' title='bbox 702 980 856 1017; x_wconf 75' lang='lat' dir='ltr'>maximi.</span> <span class='ocrx_word' id='word_1_79' title='bbox 876 980 953 1013; x_wconf 92' lang='lat' dir='ltr'>coll.</span> 
     </span>
     <span class='ocr_line' id='line_1_16' title="bbox 90 1033 873 1083; baseline 0.004 -15"><span class='ocrx_word' id='word_1_80' title='bbox 90 1033 202 1068; x_wconf 87' lang='lat' dir='ltr'>Exon.</span> <span class='ocrx_word' id='word_1_81' title='bbox 222 1034 305 1068; x_wconf 89' lang='lat' dir='ltr'>olim</span> <span class='ocrx_word' id='word_1_82' title='bbox 324 1036 427 1076; x_wconf 82' lang='lat' dir='ltr'>socii3</span> <span class='ocrx_word' id='word_1_83' title='bbox 456 1047 561 1069; x_wconf 87' lang='lat' dir='ltr'>manu</span> <span class='ocrx_word' id='word_1_84' title='bbox 581 1036 663 1070; x_wconf 89' lang='lat' dir='ltr'>Gul.</span> <span class='ocrx_word' id='word_1_85' title='bbox 683 1037 725 1071; x_wconf 91' lang='lat' dir='ltr'>de</span> <span class='ocrx_word' id='word_1_86' title='bbox 743 1037 792 1070; x_wconf 84' lang='lat' dir='ltr'>W</span> <span class='ocrx_word' id='word_1_87' title='bbox 794 1039 873 1083; x_wconf 83' lang='lat' dir='ltr'>ynd.</span> 
     </span>
    </p>
   </div>
   <div class='ocr_carea' id='block_1_4' title="bbox 108 1094 958 2368">
    <p class='ocr_par' dir='ltr' id='par_1_10' title="bbox 108 1094 954 1241">
     <span class='ocr_line' id='line_1_17' title="bbox 108 1094 954 1138; baseline 0.005 -13"><span class='ocrx_word' id='word_1_88' title='bbox 108 1094 335 1126; x_wconf 85' lang='lat' dir='ltr'>Gontroversiae</span> <span class='ocrx_word' id='word_1_89' title='bbox 361 1096 461 1126; x_wconf 89' lang='lat' dir='ltr'>nostri</span> <span class='ocrx_word' id='word_1_90' title='bbox 488 1096 639 1137; x_wconf 87' lang='lat' dir='ltr'>temporis</span> <span class='ocrx_word' id='word_1_91' title='bbox 668 1097 700 1127; x_wconf 88' lang='lat' dir='ltr'>in</span> <span class='ocrx_word' id='word_1_92' title='bbox 726 1098 883 1138; x_wconf 77' lang='lat' dir='ltr'>epitomen</span> <span class='ocrx_word' id='word_1_93' title='bbox 910 1109 954 1129; x_wconf 89' lang='lat' dir='ltr'>re-</span> 
     </span>
     <span class='ocr_line' id='line_1_18' title="bbox 129 1146 954 1187; baseline 0.005 -11"><span class='ocrx_word' id='word_1_94' title='bbox 129 1146 229 1177; x_wconf 88' lang='lat' dir='ltr'>dactae</span> <span class='ocrx_word' id='word_1_95' title='bbox 249 1157 306 1187; x_wconf 83' lang='lat' dir='ltr'>per</span> <span class='ocrx_word' id='word_1_96' title='bbox 320 1146 497 1178; x_wconf 83' lang='lat' dir='ltr'>Robertum</span> <span class='ocrx_word' id='word_1_97' title='bbox 514 1147 710 1185; x_wconf 86' lang='lat' dir='ltr'>Personium,</span> <span class='ocrx_word' id='word_1_98' title='bbox 727 1148 789 1179; x_wconf 84' lang='lat' dir='ltr'>sive</span> <span class='ocrx_word' id='word_1_99' title='bbox 806 1149 954 1185; x_wconf 83' lang='lat' dir='ltr'>Parsons,</span> 
     </span>
     <span class='ocr_line' id='line_1_19' title="bbox 130 1197 953 1241; baseline 0.004 -13"><span class='ocrx_word' id='word_1_100' title='bbox 130 1197 201 1228; x_wconf 94' lang='lat' dir='ltr'>olim</span> <span class='ocrx_word' id='word_1_101' title='bbox 218 1197 285 1228; x_wconf 89' lang='lat' dir='ltr'>coll.</span> <span class='ocrx_word' id='word_1_102' title='bbox 298 1197 379 1229; x_wconf 89' lang='lat' dir='ltr'>Ball.</span> <span class='ocrx_word' id='word_1_103' title='bbox 397 1198 526 1234; x_wconf 86' lang='lat' dir='ltr'>socium,</span> <span class='ocrx_word' id='word_1_104' title='bbox 538 1198 570 1229; x_wconf 93' lang='lat' dir='ltr'>in</span> <span class='ocrx_word' id='word_1_105' title='bbox 585 1202 649 1230; x_wconf 88' lang='lat' dir='ltr'>tres</span> <span class='ocrx_word' id='word_1_106' title='bbox 666 1204 772 1241; x_wconf 87' lang='lat' dir='ltr'>partes</span> <span class='ocrx_word' id='word_1_107' title='bbox 788 1200 953 1231; x_wconf 61' lang='lat' dir='ltr'>distinctae.</span> 
     </span>
    </p>

    <p class='ocr_par' dir='ltr' id='par_1_11' title="bbox 148 1249 955 1394">
     <span class='ocr_line' id='line_1_20' title="bbox 173 1249 955 1292; baseline 0.004 -12"><span class='ocrx_word' id='word_1_108' title='bbox 173 1249 268 1291; x_wconf 87' lang='lat' dir='ltr'>Incip.</span> <span class='ocrx_word' id='word_1_109' title='bbox 292 1261 365 1292; x_wconf 86' lang='lat' dir='ltr'>pars</span> <span class='ocrx_word' id='word_1_110' title='bbox 389 1250 408 1281; x_wconf 92' lang='lat' dir='ltr'>i.</span> <span class='ocrx_word' id='word_1_111' title='bbox 434 1256 452 1267; x_wconf 71' lang='lat'>‘⁶</span> <span class='ocrx_word' id='word_1_112' title='bbox 468 1251 584 1282; x_wconf 86' lang='lat' dir='ltr'>Omnes</span> <span class='ocrx_word' id='word_1_113' title='bbox 612 1252 829 1283; x_wconf 78' lang='lat' dir='ltr'>controversiae</span> <span class='ocrx_word' id='word_1_114' title='bbox 856 1253 955 1283; x_wconf 80' lang='lat' dir='ltr'>nostri</span> 
     </span>
     <span class='ocr_line' id='line_1_21' title="bbox 148 1301 955 1342; baseline 0.004 -11"><span class='ocrx_word' id='word_1_115' title='bbox 148 1301 299 1342; x_wconf 88' lang='lat' dir='ltr'>temporis</span> <span class='ocrx_word' id='word_1_116' title='bbox 332 1301 492 1342; x_wconf 78' lang='lat' dir='ltr'>pertinent</span> <span class='ocrx_word' id='word_1_117' title='bbox 522 1302 586 1333; x_wconf 86' lang='lat' dir='ltr'>fere</span> <span class='ocrx_word' id='word_1_118' title='bbox 616 1303 657 1333; x_wconf 90' lang='lat' dir='ltr'>ad</span> <span class='ocrx_word' id='word_1_119' title='bbox 688 1303 765 1333; x_wconf 85' lang='lat' dir='ltr'>duos</span> <span class='ocrx_word' id='word_1_120' title='bbox 797 1303 955 1341; x_wconf 78' lang='lat' dir='ltr'>articulos,</span> 
     </span>
     <span class='ocr_line' id='line_1_22' title="bbox 150 1352 819 1394; baseline 0.003 -12"><span class='ocrx_word' id='word_1_121' title='bbox 150 1352 280 1393; x_wconf 87' lang='lat' dir='ltr'>symboli</span> <span class='ocrx_word' id='word_1_122' title='bbox 296 1353 459 1394; x_wconf 88' lang='lat' dir='ltr'>apostolici</span> <span class='ocrx_word' id='word_1_123' title='bbox 476 1353 593 1384; x_wconf 88' lang='lat' dir='ltr'>scilicet</span> <span class='ocrx_word' id='word_1_124' title='bbox 608 1354 650 1384; x_wconf 89' lang='lat' dir='ltr'>ad</span> <span class='ocrx_word' id='word_1_125' title='bbox 666 1364 684 1394; x_wconf 90' lang='lat'>9</span> <span class='ocrx_word' id='word_1_126' title='bbox 701 1358 733 1385; x_wconf 89' lang='lat' dir='ltr'>et</span> <span class='ocrx_word' id='word_1_127' title='bbox 753 1354 819 1384; x_wconf 77' lang='lat'>10.”</span> 
     </span>
    </p>

    <p class='ocr_par' dir='ltr' id='par_1_12' title="bbox 151 1403 957 1539">
     <span class='ocr_line' id='line_1_23' title="bbox 174 1403 955 1446; baseline 0.004 -13"><span class='ocrx_word' id='word_1_128' title='bbox 174 1403 270 1445; x_wconf 89' lang='lat' dir='ltr'>Incip.</span> <span class='ocrx_word' id='word_1_129' title='bbox 287 1415 361 1445; x_wconf 88' lang='lat' dir='ltr'>pars</span> <span class='ocrx_word' id='word_1_130' title='bbox 375 1404 405 1434; x_wconf 94' lang='lat' dir='ltr'>ii.</span> <span class='ocrx_word' id='word_1_131' title='bbox 424 1404 490 1444; x_wconf 87' lang='lat' dir='ltr'>[fol.</span> <span class='ocrx_word' id='word_1_132' title='bbox 507 1405 595 1446; x_wconf 68' lang='lat'>263]⁵</span> <span class='ocrx_word' id='word_1_133' title='bbox 611 1409 629 1422; x_wconf 79' lang='grc'>“</span> <span class='ocrx_word' id='word_1_134' title='bbox 640 1404 783 1436; x_wconf 85' lang='lat' dir='ltr'>Secunda</span> <span class='ocrx_word' id='word_1_135' title='bbox 797 1416 870 1446; x_wconf 83' lang='lat' dir='ltr'>pars</span> <span class='ocrx_word' id='word_1_136' title='bbox 886 1417 955 1436; x_wconf 88' lang='lat' dir='ltr'>con-</span> 
     </span>
     <span class='ocr_line' id='line_1_24' title="bbox 151 1456 957 1498; baseline 0.002 -12"><span class='ocrx_word' id='word_1_137' title='bbox 151 1456 373 1487; x_wconf 88' lang='lat' dir='ltr'>troversiarum</span> <span class='ocrx_word' id='word_1_138' title='bbox 401 1457 500 1487; x_wconf 82' lang='lat' dir='ltr'>nostri</span> <span class='ocrx_word' id='word_1_139' title='bbox 528 1457 678 1498; x_wconf 86' lang='lat' dir='ltr'>temporis</span> <span class='ocrx_word' id='word_1_140' title='bbox 705 1462 740 1488; x_wconf 89' lang='lat' dir='ltr'>ut</span> <span class='ocrx_word' id='word_1_141' title='bbox 765 1457 899 1488; x_wconf 81' lang='lat' dir='ltr'>diximus</span> <span class='ocrx_word' id='word_1_142' title='bbox 926 1458 957 1488; x_wconf 91' lang='lat' dir='ltr'>in</span> 
     </span>
     <span class='ocr_line' id='line_1_25' title="bbox 152 1507 270 1539; baseline 0.008 -2"><span class='ocrx_word' id='word_1_143' title='bbox 152 1507 270 1539; x_wconf 72' lang='lat' dir='ltr'>initio.&#39;&#39;</span> 
     </span>
    </p>

    <p class='ocr_par' dir='ltr' id='par_1_13' title="bbox 150 1558 957 1641">
     <span class='ocr_line' id='line_1_26' title="bbox 172 1558 957 1601; baseline 0.004 -12"><span class='ocrx_word' id='word_1_144' title='bbox 172 1558 271 1600; x_wconf 89' lang='lat' dir='ltr'>Incip.</span> <span class='ocrx_word' id='word_1_145' title='bbox 297 1570 369 1600; x_wconf 89' lang='lat' dir='ltr'>pars</span> <span class='ocrx_word' id='word_1_146' title='bbox 389 1559 431 1589; x_wconf 91' lang='lat' dir='ltr'>iii.</span> <span class='ocrx_word' id='word_1_147' title='bbox 451 1559 517 1600; x_wconf 86' lang='lat' dir='ltr'>[fol.</span> <span class='ocrx_word' id='word_1_148' title='bbox 532 1560 622 1601; x_wconf 71' lang='lat'>453]⁷</span> <span class='ocrx_word' id='word_1_149' title='bbox 648 1564 664 1577; x_wconf 66' lang='lat'>&#39;⁸‘</span> <span class='ocrx_word' id='word_1_150' title='bbox 679 1560 759 1591; x_wconf 85' lang='lat' dir='ltr'>Pars</span> <span class='ocrx_word' id='word_1_151' title='bbox 782 1561 838 1592; x_wconf 89' lang='lat' dir='ltr'>hcc</span> <span class='ocrx_word' id='word_1_152' title='bbox 862 1561 957 1592; x_wconf 86' lang='lat' dir='ltr'>tertia</span> 
     </span>
     <span class='ocr_line' id='line_1_27' title="bbox 150 1609 519 1641; baseline 0.003 -1"><span class='ocrx_word' id='word_1_153' title='bbox 150 1614 185 1640; x_wconf 90' lang='lat' dir='ltr'>ut</span> <span class='ocrx_word' id='word_1_154' title='bbox 202 1609 337 1640; x_wconf 80' lang='lat' dir='ltr'>diximus</span> <span class='ocrx_word' id='word_1_155' title='bbox 352 1610 383 1640; x_wconf 90' lang='lat' dir='ltr'>in</span> <span class='ocrx_word' id='word_1_156' title='bbox 399 1610 519 1641; x_wconf 76' lang='lat' dir='ltr'>initio.”</span> 
     </span>
    </p>

    <p class='ocr_par' dir='ltr' id='par_1_14' title="bbox 150 1661 956 1743">
     <span class='ocr_line' id='line_1_28' title="bbox 173 1661 956 1703; baseline 0.003 -12"><span class='ocrx_word' id='word_1_157' title='bbox 173 1661 210 1691; x_wconf 90' lang='lat' dir='ltr'>In</span> <span class='ocrx_word' id='word_1_158' title='bbox 237 1661 320 1692; x_wconf 88' lang='lat' dir='ltr'>calce</span> <span class='ocrx_word' id='word_1_159' title='bbox 348 1661 472 1703; x_wconf 83' lang='lat' dir='ltr'>scripsit</span> <span class='ocrx_word' id='word_1_160' title='bbox 499 1673 610 1693; x_wconf 87' lang='lat' dir='ltr'>manus</span> <span class='ocrx_word' id='word_1_161' title='bbox 638 1663 791 1694; x_wconf 82' lang='lat' dir='ltr'>recentior</span> <span class='ocrx_word' id='word_1_162' title='bbox 818 1663 956 1694; x_wconf 85' lang='lat' dir='ltr'>tabulam</span> 
     </span>
     <span class='ocr_line' id='line_1_29' title="bbox 150 1716 380 1743; baseline -0.004 0"><span class='ocrx_word' id='word_1_163' title='bbox 150 1716 380 1743; x_wconf 88' lang='lat' dir='ltr'>contentorum.</span> 
     </span>
    </p>

    <p class='ocr_par' dir='ltr' id='par_1_15' title="bbox 152 1764 958 2368">
     <span class='ocr_line' id='line_1_30' title="bbox 173 1764 956 1802; baseline 0.003 -8"><span class='ocrx_word' id='word_1_164' title='bbox 173 1764 361 1795; x_wconf 86' lang='lat' dir='ltr'>Praecedunt</span> <span class='ocrx_word' id='word_1_165' title='bbox 378 1764 499 1796; x_wconf 76' lang='lat' dir='ltr'>notitiae</span> <span class='ocrx_word' id='word_1_166' title='bbox 519 1765 557 1796; x_wconf 82' lang='lat' dir='ltr'>de</span> <span class='ocrx_word' id='word_1_167' title='bbox 578 1765 657 1796; x_wconf 87' lang='lat' dir='ltr'>libro</span> <span class='ocrx_word' id='word_1_168' title='bbox 679 1770 711 1796; x_wconf 87' lang='lat' dir='ltr'>et</span> <span class='ocrx_word' id='word_1_169' title='bbox 731 1769 871 1802; x_wconf 84' lang='lat' dir='ltr'>auctore,</span> <span class='ocrx_word' id='word_1_170' title='bbox 892 1766 956 1797; x_wconf 90' lang='lat' dir='ltr'>scil.</span> 
     </span>
     <span class='ocr_line' id='line_1_31' title="bbox 155 1816 956 1855; baseline 0.001 -9"><span class='ocrx_word' id='word_1_171' title='bbox 155 1817 207 1855; x_wconf 92' lang='lat'>(1.)</span> <span class='ocrx_word' id='word_1_172' title='bbox 234 1816 271 1846; x_wconf 83' lang='lat' dir='ltr'>R.</span> <span class='ocrx_word' id='word_1_173' title='bbox 296 1816 431 1847; x_wconf 90' lang='lat' dir='ltr'>Persons</span> <span class='ocrx_word' id='word_1_174' title='bbox 461 1816 578 1847; x_wconf 83' lang='lat' dir='ltr'>electus</span> <span class='ocrx_word' id='word_1_175' title='bbox 608 1820 656 1848; x_wconf 87' lang='lat' dir='ltr'>est</span> <span class='ocrx_word' id='word_1_176' title='bbox 684 1817 714 1847; x_wconf 89' lang='lat' dir='ltr'>in</span> <span class='ocrx_word' id='word_1_177' title='bbox 745 1817 863 1847; x_wconf 89' lang='lat' dir='ltr'>socium</span> <span class='ocrx_word' id='word_1_178' title='bbox 890 1817 956 1848; x_wconf 81' lang='lat' dir='ltr'>coll.</span> 
     </span>
     <span class='ocr_line' id='line_1_32' title="bbox 153 1867 957 1910; baseline 0.002 -13"><span class='ocrx_word' id='word_1_179' title='bbox 153 1867 230 1898; x_wconf 82' lang='lat' dir='ltr'>Ball.</span> <span class='ocrx_word' id='word_1_180' title='bbox 253 1867 324 1898; x_wconf 86' lang='lat' dir='ltr'>Oct.</span> <span class='ocrx_word' id='word_1_181' title='bbox 345 1877 395 1905; x_wconf 83' lang='lat'>21,</span> <span class='ocrx_word' id='word_1_182' title='bbox 416 1868 506 1908; x_wconf 75' lang='lat'>1568,</span> <span class='ocrx_word' id='word_1_183' title='bbox 530 1871 562 1898; x_wconf 88' lang='lat' dir='ltr'>et</span> <span class='ocrx_word' id='word_1_184' title='bbox 588 1868 758 1910; x_wconf 81' lang='lat' dir='ltr'>resignavit</span> <span class='ocrx_word' id='word_1_185' title='bbox 785 1877 875 1909; x_wconf 75' lang='lat'>1573,</span> <span class='ocrx_word' id='word_1_186' title='bbox 901 1869 957 1899; x_wconf 82' lang='lat' dir='ltr'>snb</span> 
     </span>
     <span class='ocr_line' id='line_1_33' title="bbox 152 1918 958 1960; baseline 0.001 -12"><span class='ocrx_word' id='word_1_187' title='bbox 152 1918 210 1949; x_wconf 89' lang='lat' dir='ltr'>hac</span> <span class='ocrx_word' id='word_1_188' title='bbox 225 1918 326 1949; x_wconf 83' lang='lat' dir='ltr'>forma</span> <span class='ocrx_word' id='word_1_189' title='bbox 341 1918 516 1956; x_wconf 76' lang='lat' dir='ltr'>verborum,</span> <span class='ocrx_word' id='word_1_190' title='bbox 535 1922 553 1935; x_wconf 81' lang='grc'>“</span> <span class='ocrx_word' id='word_1_191' title='bbox 564 1919 634 1960; x_wconf 85' lang='lat' dir='ltr'>Ego</span> <span class='ocrx_word' id='word_1_192' title='bbox 650 1919 687 1950; x_wconf 89' lang='lat' dir='ltr'>R.</span> <span class='ocrx_word' id='word_1_193' title='bbox 702 1919 838 1949; x_wconf 85' lang='lat' dir='ltr'>Persons</span> <span class='ocrx_word' id='word_1_194' title='bbox 857 1919 958 1950; x_wconf 87' lang='lat' dir='ltr'>socius</span> 
     </span>
     <span class='ocr_line' id='line_1_34' title="bbox 154 1969 957 2012; baseline 0.001 -12"><span class='ocrx_word' id='word_1_195' title='bbox 154 1969 272 2011; x_wconf 85' lang='lat' dir='ltr'>collegii</span> <span class='ocrx_word' id='word_1_196' title='bbox 295 1970 333 2000; x_wconf 89' lang='grc'>(10</span> <span class='ocrx_word' id='word_1_197' title='bbox 356 1970 488 2001; x_wconf 83' lang='lat' dir='ltr'>Balliolo</span> <span class='ocrx_word' id='word_1_198' title='bbox 511 1970 634 2012; x_wconf 86' lang='lat' dir='ltr'>resigno</span> <span class='ocrx_word' id='word_1_199' title='bbox 657 1981 748 2001; x_wconf 86' lang='lat' dir='ltr'>omne</span> <span class='ocrx_word' id='word_1_200' title='bbox 773 1982 875 2001; x_wconf 84' lang='lat' dir='ltr'>meum</span> <span class='ocrx_word' id='word_1_201' title='bbox 895 1971 957 2012; x_wconf 87' lang='lat' dir='ltr'>jus,</span> 
     </span>
     <span class='ocr_line' id='line_1_35' title="bbox 152 2021 958 2063; baseline 0.001 -12"><span class='ocrx_word' id='word_1_202' title='bbox 152 2021 278 2052; x_wconf 82' lang='lat' dir='ltr'>titulum</span> <span class='ocrx_word' id='word_1_203' title='bbox 306 2025 338 2052; x_wconf 88' lang='lat' dir='ltr'>et</span> <span class='ocrx_word' id='word_1_204' title='bbox 365 2021 510 2059; x_wconf 88' lang='lat' dir='ltr'>clamum‚</span> <span class='ocrx_word' id='word_1_205' title='bbox 534 2022 618 2063; x_wconf 88' lang='lat' dir='ltr'>quod</span> <span class='ocrx_word' id='word_1_206' title='bbox 644 2022 745 2052; x_wconf 84' lang='lat' dir='ltr'>habeo</span> <span class='ocrx_word' id='word_1_207' title='bbox 769 2022 816 2052; x_wconf 88' lang='lat' dir='ltr'>vel</span> <span class='ocrx_word' id='word_1_208' title='bbox 843 2022 958 2052; x_wconf 90' lang='lat' dir='ltr'>habere</span> 
     </span>
     <span class='ocr_line' id='line_1_36' title="bbox 153 2072 958 2115; baseline 0.001 -13"><span class='ocrx_word' id='word_1_209' title='bbox 153 2076 275 2113; x_wconf 88' lang='lat' dir='ltr'>potero,</span> <span class='ocrx_word' id='word_1_210' title='bbox 294 2072 455 2104; x_wconf 86' lang='lat' dir='ltr'>societatis</span> <span class='ocrx_word' id='word_1_211' title='bbox 475 2084 553 2104; x_wconf 84' lang='lat' dir='ltr'>meae</span> <span class='ocrx_word' id='word_1_212' title='bbox 574 2073 605 2103; x_wconf 92' lang='lat' dir='ltr'>in</span> <span class='ocrx_word' id='word_1_213' title='bbox 621 2073 706 2105; x_wconf 90' lang='lat' dir='ltr'>dicto</span> <span class='ocrx_word' id='word_1_214' title='bbox 722 2073 858 2115; x_wconf 84' lang='lat' dir='ltr'>collegio,</span> <span class='ocrx_word' id='word_1_215' title='bbox 876 2073 958 2114; x_wconf 90' lang='lat' dir='ltr'>quod</span> 
     </span>
     <span class='ocr_line' id='line_1_37' title="bbox 153 2123 958 2165; baseline 0.001 -12"><span class='ocrx_word' id='word_1_216' title='bbox 153 2123 277 2163; x_wconf 90' lang='lat' dir='ltr'>quidem</span> <span class='ocrx_word' id='word_1_217' title='bbox 292 2123 372 2154; x_wconf 87' lang='lat' dir='ltr'>facio</span> <span class='ocrx_word' id='word_1_218' title='bbox 390 2128 502 2165; x_wconf 89' lang='lat' dir='ltr'>sponte</span> <span class='ocrx_word' id='word_1_219' title='bbox 518 2128 646 2154; x_wconf 88' lang='lat' dir='ltr'>coactus</span> <span class='ocrx_word' id='word_1_220' title='bbox 662 2124 711 2154; x_wconf 86' lang='lat' dir='ltr'>die</span> <span class='ocrx_word' id='word_1_221' title='bbox 727 2123 846 2154; x_wconf 88' lang='lat' dir='ltr'>decimo</span> <span class='ocrx_word' id='word_1_222' title='bbox 863 2123 958 2154; x_wconf 87' lang='lat' dir='ltr'>tertio</span> 
     </span>
     <span class='ocr_line' id='line_1_38' title="bbox 152 2174 956 2216; baseline 0.001 -13"><span class='ocrx_word' id='word_1_223' title='bbox 152 2174 265 2204; x_wconf 89' lang='lat' dir='ltr'>mensis</span> <span class='ocrx_word' id='word_1_224' title='bbox 288 2174 452 2205; x_wconf 80' lang='lat' dir='ltr'>Februarii</span> <span class='ocrx_word' id='word_1_225' title='bbox 475 2175 515 2205; x_wconf 78' lang='lat' dir='ltr'>A.</span> <span class='ocrx_word' id='word_1_226' title='bbox 530 2174 571 2205; x_wconf 90' lang='lat' dir='ltr'>D.</span> <span class='ocrx_word' id='word_1_227' title='bbox 591 2177 703 2216; x_wconf 76' lang='lat'>1573-”</span> <span class='ocrx_word' id='word_1_228' title='bbox 759 2177 813 2214; x_wconf 79' lang='lat'>(2.)</span> <span class='ocrx_word' id='word_1_229' title='bbox 837 2179 855 2191; x_wconf 57' lang='lat'>⁴³</span> <span class='ocrx_word' id='word_1_230' title='bbox 869 2175 956 2205; x_wconf 87' lang='lat' dir='ltr'>Com-</span> 
     </span>
     <span class='ocr_line' id='line_1_39' title="bbox 152 2224 956 2266; baseline 0.002 -12"><span class='ocrx_word' id='word_1_231' title='bbox 152 2224 267 2265; x_wconf 84' lang='lat' dir='ltr'>pilator</span> <span class='ocrx_word' id='word_1_232' title='bbox 293 2225 421 2266; x_wconf 85' lang='lat' dir='ltr'>hujusce</span> <span class='ocrx_word' id='word_1_233' title='bbox 447 2226 602 2266; x_wconf 86' lang='lat' dir='ltr'>epitomes</span> <span class='ocrx_word' id='word_1_234' title='bbox 628 2230 675 2256; x_wconf 88' lang='lat' dir='ltr'>est</span> <span class='ocrx_word' id='word_1_235' title='bbox 699 2225 856 2257; x_wconf 88' lang='lat' dir='ltr'>Robertus</span> <span class='ocrx_word' id='word_1_236' title='bbox 880 2225 956 2256; x_wconf 89' lang='lat' dir='ltr'>Par-</span> 
     </span>
     <span class='ocr_line' id='line_1_40' title="bbox 153 2276 957 2318; baseline 0.001 -12"><span class='ocrx_word' id='word_1_237' title='bbox 153 2276 267 2313; x_wconf 70' lang='lat' dir='ltr'>somus,</span> <span class='ocrx_word' id='word_1_238' title='bbox 298 2281 334 2307; x_wconf 91' lang='lat' dir='ltr'>ut</span> <span class='ocrx_word' id='word_1_239' title='bbox 365 2280 454 2318; x_wconf 88' lang='lat' dir='ltr'>patet</span> <span class='ocrx_word' id='word_1_240' title='bbox 489 2288 528 2307; x_wconf 81' lang='lat' dir='ltr'>ex</span> <span class='ocrx_word' id='word_1_241' title='bbox 558 2276 705 2308; x_wconf 81' lang='lat' dir='ltr'>Johanne</span> <span class='ocrx_word' id='word_1_242' title='bbox 734 2277 889 2307; x_wconf 85' lang='lat' dir='ltr'>Rainoldo</span> <span class='ocrx_word' id='word_1_243' title='bbox 926 2276 957 2307; x_wconf 91' lang='lat' dir='ltr'>in</span> 
     </span>
     <span class='ocr_line' id='line_1_41' title="bbox 153 2325 956 2368; baseline -0.001 -11"><span class='ocrx_word' id='word_1_244' title='bbox 153 2337 282 2357; x_wconf 84' lang='lat' dir='ltr'>censura</span> <span class='ocrx_word' id='word_1_245' title='bbox 302 2326 453 2357; x_wconf 85' lang='lat' dir='ltr'>librorum</span> <span class='ocrx_word' id='word_1_246' title='bbox 472 2327 744 2368; x_wconf 88' lang='lat' dir='ltr'>Apocryphorum‚</span> <span class='ocrx_word' id='word_1_247' title='bbox 760 2325 956 2368; x_wconf 85' lang='lat' dir='ltr'>praelectione</span> 
     </span>
    </p>
   </div>
   <div class='ocr_carea' id='block_1_5' title="bbox 152 2376 956 2518">
    <p class='ocr_par' dir='ltr' id='par_1_16' title="bbox 152 2376 956 2518">
     <span class='ocr_line' id='line_1_42' title="bbox 152 2376 956 2420; baseline -0.001 -12"><span class='ocrx_word' id='word_1_248' title='bbox 152 2378 296 2415; x_wconf 83' lang='lat' dir='ltr'>secunda,</span> <span class='ocrx_word' id='word_1_249' title='bbox 321 2389 392 2420; x_wconf 81' lang='lat' dir='ltr'>pag.</span> <span class='ocrx_word' id='word_1_250' title='bbox 408 2388 458 2415; x_wconf 83' lang='lat'>22,</span> <span class='ocrx_word' id='word_1_251' title='bbox 486 2378 571 2408; x_wconf 81' lang='lat' dir='ltr'>intra</span> <span class='ocrx_word' id='word_1_252' title='bbox 597 2377 719 2408; x_wconf 84' lang='lat' dir='ltr'>litteras</span> <span class='ocrx_word' id='word_1_253' title='bbox 742 2377 775 2408; x_wconf 84' lang='lat' dir='ltr'>G.</span> <span class='ocrx_word' id='word_1_254' title='bbox 800 2380 831 2407; x_wconf 86' lang='lat' dir='ltr'>et</span> <span class='ocrx_word' id='word_1_255' title='bbox 854 2376 893 2407; x_wconf 94' lang='lat' dir='ltr'>D.</span> <span class='ocrx_word' id='word_1_256' title='bbox 918 2387 956 2407; x_wconf 78' lang='lat' dir='ltr'>ex</span> 
     </span>
     <span class='ocr_line' id='line_1_43' title="bbox 153 2428 955 2471; baseline -0.002 -11"><span class='ocrx_word' id='word_1_257' title='bbox 153 2429 288 2460; x_wconf 83' lang='lat' dir='ltr'>editione</span> <span class='ocrx_word' id='word_1_258' title='bbox 313 2429 498 2471; x_wconf 85' lang='lat' dir='ltr'>Hieronymi</span> <span class='ocrx_word' id='word_1_259' title='bbox 521 2429 637 2460; x_wconf 84' lang='lat' dir='ltr'>Galleri</span> <span class='ocrx_word' id='word_1_260' title='bbox 660 2429 692 2459; x_wconf 91' lang='lat' dir='ltr'>in</span> <span class='ocrx_word' id='word_1_261' title='bbox 715 2428 810 2459; x_wconf 88' lang='lat' dir='ltr'>nobili</span> <span class='ocrx_word' id='word_1_262' title='bbox 832 2428 955 2469; x_wconf 85' lang='lat' dir='ltr'>Oppen-</span> 
     </span>
     <span class='ocr_line' id='line_1_44' title="bbox 152 2480 407 2518; baseline 0.008 -9"><span class='ocrx_word' id='word_1_263' title='bbox 152 2480 277 2518; x_wconf 84' lang='lat' dir='ltr'>heimio,</span> <span class='ocrx_word' id='word_1_264' title='bbox 295 2481 407 2511; x_wconf 82' lang='lat'>1611.”</span> 
     </span>
    </p>
   </div>
   <div class='ocr_carea' id='block_1_6' title="bbox 70 2550 953 2653">
    <p class='ocr_par' dir='ltr' id='par_1_17' title="bbox 70 2550 953 2653">
     <span class='ocr_line' id='line_1_45' title="bbox 421 2550 600 2585; baseline -0.006 0"><span class='ocrx_word' id='word_1_265' title='bbox 421 2550 600 2585; x_wconf 88' lang='lat' dir='ltr'>CCCXV.</span> 
     </span>
     <span class='ocr_line' id='line_1_46' title="bbox 70 2610 953 2653; baseline -0.001 -9"><span class='ocrx_word' id='word_1_266' title='bbox 70 2611 368 2653; x_wconf 88' lang='lat' dir='ltr'>Membranaceus,</span> <span class='ocrx_word' id='word_1_267' title='bbox 393 2614 429 2646; x_wconf 88' lang='lat' dir='ltr'>in</span> <span class='ocrx_word' id='word_1_268' title='bbox 454 2612 537 2646; x_wconf 90' lang='lat' dir='ltr'>folio</span> <span class='ocrx_word' id='word_1_269' title='bbox 564 2612 699 2649; x_wconf 80' lang='lat' dir='ltr'>minori,</span> <span class='ocrx_word' id='word_1_270' title='bbox 726 2610 759 2644; x_wconf 86' lang='lat' dir='ltr'>ff.</span> <span class='ocrx_word' id='word_1_271' title='bbox 780 2613 860 2650; x_wconf 75' lang='lat'><strong>147,</strong></span> <span class='ocrx_word' id='word_1_272' title='bbox 887 2622 953 2644; x_wconf 88' lang='lat' dir='ltr'>sec.</span> 
     </span>
    </p>
   </div>
   <div class='ocr_carea' id='block_1_7' title="bbox 93 2670 585 2714">
    <p class='ocr_par' dir='ltr' id='par_1_18' title="bbox 93 2670 585 2714">
     <span class='ocr_line' id='line_1_47' title="bbox 93 2670 585 2714; baseline 0 -11"><span class='ocrx_word' id='word_1_273' title='bbox 93 2681 169 2711; x_wconf 85' lang='lat' dir='ltr'>xv.;</span> <span class='ocrx_word' id='word_1_274' title='bbox 195 2682 240 2708; x_wconf 77' lang='lat' dir='ltr'>ex</span> <span class='ocrx_word' id='word_1_275' title='bbox 258 2672 349 2705; x_wconf 93' lang='lat' dir='ltr'>dono</span> <span class='ocrx_word' id='word_1_276' title='bbox 364 2670 465 2704; x_wconf 87' lang='lat' dir='ltr'>Will.</span> <span class='ocrx_word' id='word_1_277' title='bbox 480 2670 585 2714; x_wconf 87' lang='lat' dir='ltr'>Gray.</span> 
     </span>
    </p>
   </div>
   <div class='ocr_carea' id='block_1_8' title="bbox 111 2729 955 2821">
    <p class='ocr_par' dir='ltr' id='par_1_19' title="bbox 111 2729 955 2821">
     <span class='ocr_line' id='line_1_48' title="bbox 111 2729 955 2770; baseline -0.001 -9"><span class='ocrx_word' id='word_1_278' title='bbox 111 2732 138 2761; x_wconf 93' lang='lat'>1.</span> <span class='ocrx_word' id='word_1_279' title='bbox 156 2731 311 2763; x_wconf 86' lang='lat' dir='ltr'>Leonardi</span> <span class='ocrx_word' id='word_1_280' title='bbox 326 2730 424 2762; x_wconf 85' lang='lat' dir='ltr'>Bruni</span> <span class='ocrx_word' id='word_1_281' title='bbox 443 2729 568 2761; x_wconf 86' lang='lat' dir='ltr'>Aretini</span> <span class='ocrx_word' id='word_1_282' title='bbox 584 2729 748 2770; x_wconf 86' lang='lat' dir='ltr'>Isagogica</span> <span class='ocrx_word' id='word_1_283' title='bbox 769 2729 809 2760; x_wconf 87' lang='lat' dir='ltr'>ad</span> <span class='ocrx_word' id='word_1_284' title='bbox 829 2729 955 2760; x_wconf 85' lang='lat' dir='ltr'>Galeot-</span> 
     </span>
     <span class='ocr_line' id='line_1_49' title="bbox 173 2783 370 2821; baseline -0.01 -7"><span class='ocrx_word' id='word_1_285' title='bbox 173 2787 249 2814; x_wconf 89' lang='lat' dir='ltr'>tum.</span> <span class='ocrx_word' id='word_1_286' title='bbox 273 2783 324 2814; x_wconf 86' lang='lat' dir='ltr'>fol.</span> <span class='ocrx_word' id='word_1_287' title='bbox 340 2793 370 2821; x_wconf 88' lang='lat'>4.</span> 
     </span>
    </p>
   </div>
   <div class='ocr_carea' id='block_1_9' title="bbox 1812 185 1877 216">
    <p class='ocr_par' dir='ltr' id='par_1_20' title="bbox 1812 185 1877 216">
     <span class='ocr_line' id='line_1_50' title="bbox 1812 185 1877 216; baseline 0.031 -2"><span class='ocrx_word' id='word_1_288' title='bbox 1812 185 1877 216; x_wconf 85' lang='lat'>103</span> 
     </span>
    </p>
   </div>
   <div class='ocr_carea' id='block_1_10' title="bbox 1129 272 1717 367">
    <p class='ocr_par' dir='ltr' id='par_1_21' title="bbox 1129 272 1717 367">
     <span class='ocr_line' id='line_1_51' title="bbox 1130 272 1691 314; baseline 0.007 -12"><span class='ocrx_word' id='word_1_289' title='bbox 1130 272 1226 314; x_wconf 89' lang='lat' dir='ltr'>Incip.</span> <span class='ocrx_word' id='word_1_290' title='bbox 1245 280 1262 290; x_wconf 67' lang='lat'>*⁸</span> <span class='ocrx_word' id='word_1_291' title='bbox 1276 274 1318 310; x_wconf 77' lang='lat' dir='ltr'>Si,</span> <span class='ocrx_word' id='word_1_292' title='bbox 1336 280 1370 305; x_wconf 87' lang='lat' dir='ltr'>ut</span> <span class='ocrx_word' id='word_1_293' title='bbox 1387 275 1504 305; x_wconf 77' lang='lat' dir='ltr'>vivendi</span> <span class='ocrx_word' id='word_1_294' title='bbox 1521 275 1691 306; x_wconf 71' lang='lat' dir='ltr'>Galc‹)tte.“</span> 
     </span>
     <span class='ocr_line' id='line_1_52' title="bbox 1129 324 1717 367; baseline 0.005 -14"><span class='ocrx_word' id='word_1_295' title='bbox 1129 324 1235 355; x_wconf 83' lang='lat' dir='ltr'>Desin.</span> <span class='ocrx_word' id='word_1_296' title='bbox 1253 330 1270 341; x_wconf 70' lang='lat'>⁴⁴</span> <span class='ocrx_word' id='word_1_297' title='bbox 1284 325 1474 367; x_wconf 61' lang='lat' dir='ltr'>virtutesque</span> <span class='ocrx_word' id='word_1_298' title='bbox 1489 328 1717 357; x_wconf 76' lang='lat' dir='ltr'>ex‹·1&#39;ceaiiius.&#39;&#39;</span> 
     </span>
    </p>
   </div>
   <div class='ocr_carea' id='block_1_11' title="bbox 1026 377 1052 406">
    <p class='ocr_par' dir='ltr' id='par_1_22' title="bbox 1026 377 1052 406">
     <span class='ocr_line' id='line_1_53' title="bbox 1026 377 1052 406; textangle 90"><span class='ocrx_word' id='word_1_299' title='bbox 1026 377 1052 406; x_wconf 73' lang='lat'>30</span> 
     </span>
    </p>
   </div>
   <div class='ocr_carea' id='block_1_12' title="bbox 1012 376 1892 2821">
    <p class='ocr_par' dir='ltr' id='par_1_23' title="bbox 1074 376 1877 418">
     <span class='ocr_line' id='line_1_54' title="bbox 1074 376 1877 418; baseline 0.006 -11"><span class='ocrx_word' id='word_1_300' title='bbox 1074 376 1220 418; x_wconf 80' lang='lat' dir='ltr'>Ejusdem</span> <span class='ocrx_word' id='word_1_301' title='bbox 1247 380 1484 411; x_wconf 78' lang='lat' dir='ltr'>commentarius</span> <span class='ocrx_word' id='word_1_302' title='bbox 1510 392 1611 411; x_wconf 79' lang='lat' dir='ltr'>reruni</span> <span class='ocrx_word' id='word_1_303' title='bbox 1637 382 1815 412; x_wconf 74' lang='lat' dir='ltr'>Gra-carnin</span> <span class='ocrx_word' id='word_1_304' title='bbox 1839 383 1877 412; x_wconf 90' lang='lat' dir='ltr'>ad</span> 
     </span>
    </p>

    <p class='ocr_par' dir='ltr' id='par_1_24' title="bbox 1088 428 1654 470">
     <span class='ocr_line' id='line_1_55' title="bbox 1088 428 1654 470; baseline 0.009 -12"><span class='ocrx_word' id='word_1_305' title='bbox 1088 428 1240 469; x_wconf 69' lang='lat' dir='ltr'>Angelum</span> <span class='ocrx_word' id='word_1_306' title='bbox 1260 431 1483 470; x_wconf 54' lang='lat' dir='ltr'>[l&#39;olitianum‘l.</span> <span class='ocrx_word' id='word_1_307' title='bbox 1509 432 1558 462; x_wconf 85' lang='lat' dir='ltr'>fol.</span> <span class='ocrx_word' id='word_1_308' title='bbox 1577 443 1611 463; x_wconf 78' lang='grc'><strong>1.).</strong></span> <span class='ocrx_word' id='word_1_309' title='bbox 1625 432 1654 463; x_wconf 85' lang='lat' dir='ltr'>b.</span> 
     </span>
    </p>

    <p class='ocr_par' dir='ltr' id='par_1_25' title="bbox 1109 479 1877 570">
     <span class='ocr_line' id='line_1_56' title="bbox 1130 479 1877 524; baseline 0.005 -16"><span class='ocrx_word' id='word_1_310' title='bbox 1130 479 1226 520; x_wconf 82' lang='lat' dir='ltr'>Incip.</span> <span class='ocrx_word' id='word_1_311' title='bbox 1253 485 1269 496; x_wconf 60' lang='lat'>&#39;⁶</span> <span class='ocrx_word' id='word_1_312' title='bbox 1286 480 1499 513; x_wconf 74' lang='lat' dir='ltr'>Animadverti</span> <span class='ocrx_word' id='word_1_313' title='bbox 1523 494 1751 524; x_wconf 70' lang='lat' dir='ltr'>nonininquain,</span> <span class='ocrx_word' id='word_1_314' title='bbox 1773 495 1791 513; x_wconf 93' lang='lat' dir='ltr'>o</span> <span class='ocrx_word' id='word_1_315' title='bbox 1815 484 1877 513; x_wconf 86' lang='lat' dir='ltr'>An-</span> 
     </span>
     <span class='ocr_line' id='line_1_57' title="bbox 1109 529 1533 570; baseline 0.009 -11"><span class='ocrx_word' id='word_1_316' title='bbox 1109 529 1183 570; x_wconf 81' lang='lat' dir='ltr'>gcle‚</span> <span class='ocrx_word' id='word_1_317' title='bbox 1201 534 1232 561; x_wconf 89' lang='lat' dir='ltr'>te</span> <span class='ocrx_word' id='word_1_318' title='bbox 1247 532 1392 563; x_wconf 82' lang='lat' dir='ltr'>admirari</span> <span class='ocrx_word' id='word_1_319' title='bbox 1409 533 1533 563; x_wconf 56' lang='lat' dir='ltr'>solere.u</span> 
     </span>
    </p>

    <p class='ocr_par' dir='ltr' id='par_1_26' title="bbox 1026 578 1877 671">
     <span class='ocr_line' id='line_1_58' title="bbox 1026 578 1877 624; baseline 0.008 -17"><span class='ocrx_word' id='word_1_320' title='bbox 1026 580 1053 608; x_wconf 65' lang='lat'>53.</span> <span class='ocrx_word' id='word_1_321' title='bbox 1072 578 1200 610; x_wconf 82' lang='lat' dir='ltr'>Luciani</span> <span class='ocrx_word' id='word_1_322' title='bbox 1217 581 1254 611; x_wconf 84' lang='lat' dir='ltr'>do</span> <span class='ocrx_word' id='word_1_323' title='bbox 1269 582 1405 613; x_wconf 87' lang='lat' dir='ltr'>amicitia</span> <span class='ocrx_word' id='word_1_324' title='bbox 1418 583 1565 623; x_wconf 72' lang='lat' dir='ltr'>dialogus,</span> <span class='ocrx_word' id='word_1_325' title='bbox 1577 583 1744 624; x_wconf 65' lang='lat' dir='ltr'>interprete</span> <span class='ocrx_word' id='word_1_326' title='bbox 1761 584 1877 614; x_wconf 76' lang='lat' dir='ltr'>eodeni.</span> 
     </span>
     <span class='ocr_line' id='line_1_59' title="bbox 1090 630 1238 671; baseline 0.014 -12"><span class='ocrx_word' id='word_1_327' title='bbox 1090 630 1140 660; x_wconf 91' lang='lat' dir='ltr'>fol.</span> <span class='ocrx_word' id='word_1_328' title='bbox 1156 640 1197 671; x_wconf 82' lang='lat'>30</span> <span class='ocrx_word' id='word_1_329' title='bbox 1209 631 1238 661; x_wconf 90' lang='lat' dir='ltr'>b.</span> 
     </span>
    </p>

    <p class='ocr_par' dir='ltr' id='par_1_27' title="bbox 1134 682 1781 723">
     <span class='ocr_line' id='line_1_60' title="bbox 1134 682 1781 723; baseline 0.008 -12"><span class='ocrx_word' id='word_1_330' title='bbox 1134 682 1230 723; x_wconf 83' lang='lat' dir='ltr'>Incip.</span> <span class='ocrx_word' id='word_1_331' title='bbox 1247 684 1332 723; x_wconf 71' lang='lat' dir='ltr'>praef.</span> <span class='ocrx_word' id='word_1_332' title='bbox 1351 690 1367 700; x_wconf 66' lang='lat'>⁵·</span> <span class='ocrx_word' id='word_1_333' title='bbox 1382 684 1561 715; x_wconf 74' lang='lat' dir='ltr'>Amiciciam</span> <span class='ocrx_word' id='word_1_334' title='bbox 1577 686 1781 716; x_wconf 54' lang='lat' dir='ltr'>exhortantis*</span> 
     </span>
    </p>

    <p class='ocr_par' dir='ltr' id='par_1_28' title="bbox 1028 732 1880 875">
     <span class='ocr_line' id='line_1_61' title="bbox 1028 732 1880 775; baseline 0.005 -13"><span class='ocrx_word' id='word_1_335' title='bbox 1028 734 1055 762; x_wconf 70' lang='lat'>4.</span> <span class='ocrx_word' id='word_1_336' title='bbox 1073 732 1144 763; x_wconf 86' lang='lat' dir='ltr'>Joh.</span> <span class='ocrx_word' id='word_1_337' title='bbox 1163 734 1315 774; x_wconf 80' lang='lat' dir='ltr'>Aurispae,</span> <span class='ocrx_word' id='word_1_338' title='bbox 1340 735 1500 775; x_wconf 79' lang='lat' dir='ltr'>equestris,</span> <span class='ocrx_word' id='word_1_339' title='bbox 1524 736 1598 766; x_wconf 81' lang='lat' dir='ltr'>liber</span> <span class='ocrx_word' id='word_1_340' title='bbox 1621 737 1658 766; x_wconf 87' lang='grc'>(10</span> <span class='ocrx_word' id='word_1_341' title='bbox 1684 737 1880 767; x_wconf 74' lang='lat' dir='ltr'>contentione</span> 
     </span>
     <span class='ocr_line' id='line_1_62' title="bbox 1090 784 1880 827; baseline 0.003 -14"><span class='ocrx_word' id='word_1_342' title='bbox 1090 784 1296 824; x_wconf 74' lang='lat' dir='ltr'>praesidontiae</span> <span class='ocrx_word' id='word_1_343' title='bbox 1313 785 1494 821; x_wconf 84' lang='lat' dir='ltr'>Alexandri,</span> <span class='ocrx_word' id='word_1_344' title='bbox 1512 785 1704 819; x_wconf 83' lang='lat' dir='ltr'>Hannibalis.</span> <span class='ocrx_word' id='word_1_345' title='bbox 1720 790 1751 817; x_wconf 89' lang='lat' dir='ltr'>ct</span> <span class='ocrx_word' id='word_1_346' title='bbox 1767 786 1880 827; x_wconf 80' lang='lat' dir='ltr'>Scipio—</span> 
     </span>
     <span class='ocr_line' id='line_1_63' title="bbox 1091 833 1865 875; baseline 0.004 -12"><span class='ocrx_word' id='word_1_347' title='bbox 1091 833 1148 868; x_wconf 78' lang='lat' dir='ltr'>nis,</span> <span class='ocrx_word' id='word_1_348' title='bbox 1165 844 1269 864; x_wconf 89' lang='lat' dir='ltr'>coram</span> <span class='ocrx_word' id='word_1_349' title='bbox 1287 834 1413 875; x_wconf 85' lang='lat' dir='ltr'>Minoye</span> <span class='ocrx_word' id='word_1_350' title='bbox 1428 845 1499 875; x_wconf 78' lang='lat' dir='ltr'>rege</span> <span class='ocrx_word' id='word_1_351' title='bbox 1515 835 1697 866; x_wconf 86' lang='lat' dir='ltr'>Inferorum.</span> <span class='ocrx_word' id='word_1_352' title='bbox 1720 836 1771 866; x_wconf 86' lang='lat' dir='ltr'>sol.</span> <span class='ocrx_word' id='word_1_353' title='bbox 1784 847 1824 874; x_wconf 76' lang='lat'>44</span> <span class='ocrx_word' id='word_1_354' title='bbox 1838 837 1865 866; x_wconf 94' lang='lat' dir='ltr'>b.</span> 
     </span>
    </p>

    <p class='ocr_par' dir='ltr' id='par_1_29' title="bbox 1127 885 1672 927">
     <span class='ocr_line' id='line_1_64' title="bbox 1127 885 1672 927; baseline 0.004 -12"><span class='ocrx_word' id='word_1_355' title='bbox 1127 885 1231 927; x_wconf 69' lang='lat' dir='ltr'>Incip.</span> <span class='ocrx_word' id='word_1_356' title='bbox 1249 890 1268 902; x_wconf 84' lang='lat'><em>“</em></span> <span class='ocrx_word' id='word_1_357' title='bbox 1283 886 1359 917; x_wconf 84' lang='lat' dir='ltr'>Cum</span> <span class='ocrx_word' id='word_1_358' title='bbox 1376 886 1407 916; x_wconf 92' lang='lat' dir='ltr'>in</span> <span class='ocrx_word' id='word_1_359' title='bbox 1423 887 1514 916; x_wconf 88' lang='lat' dir='ltr'>rebus</span> <span class='ocrx_word' id='word_1_360' title='bbox 1530 887 1672 917; x_wconf 54' lang='lat' dir='ltr'>bellicis*</span> 
     </span>
    </p>

    <p class='ocr_par' dir='ltr' id='par_1_30' title="bbox 1028 936 1881 979">
     <span class='ocr_line' id='line_1_65' title="bbox 1028 936 1881 979; baseline 0.002 -13"><span class='ocrx_word' id='word_1_361' title='bbox 1028 938 1056 966; x_wconf 90' lang='lat'>5.</span> <span class='ocrx_word' id='word_1_362' title='bbox 1074 936 1183 967; x_wconf 80' lang='lat' dir='ltr'>Oratio</span> <span class='ocrx_word' id='word_1_363' title='bbox 1203 936 1235 966; x_wconf 90' lang='lat' dir='ltr'>in</span> <span class='ocrx_word' id='word_1_364' title='bbox 1255 937 1377 968; x_wconf 87' lang='lat' dir='ltr'>laudem</span> <span class='ocrx_word' id='word_1_365' title='bbox 1393 937 1595 967; x_wconf 82' lang='lat' dir='ltr'>Januensium</span> <span class='ocrx_word' id='word_1_366' title='bbox 1616 939 1760 968; x_wconf 80' lang='lat' dir='ltr'>adversus</span> <span class='ocrx_word' id='word_1_367' title='bbox 1781 949 1881 979; x_wconf 75' lang='lat' dir='ltr'>regem</span> 
     </span>
    </p>

    <p class='ocr_par' dir='ltr' id='par_1_31' title="bbox 1092 988 1698 1080">
     <span class='ocr_line' id='line_1_66' title="bbox 1092 988 1698 1029; baseline 0.003 -12"><span class='ocrx_word' id='word_1_368' title='bbox 1092 988 1277 1029; x_wconf 81' lang='lat' dir='ltr'>Aragonum</span> <span class='ocrx_word' id='word_1_369' title='bbox 1292 988 1559 1029; x_wconf 85' lang='lat' dir='ltr'>triumphantium.</span> <span class='ocrx_word' id='word_1_370' title='bbox 1582 989 1632 1018; x_wconf 84' lang='lat' dir='ltr'>fol.</span> <span class='ocrx_word' id='word_1_371' title='bbox 1649 999 1698 1027; x_wconf 85' lang='lat'>47.</span> 
     </span>
     <span class='ocr_line' id='line_1_67' title="bbox 1135 1038 1679 1080; baseline 0.002 -12"><span class='ocrx_word' id='word_1_372' title='bbox 1135 1038 1232 1080; x_wconf 86' lang='lat' dir='ltr'>Incip.</span> <span class='ocrx_word' id='word_1_373' title='bbox 1251 1043 1269 1055; x_wconf 67' lang='lat'>‘⁴</span> <span class='ocrx_word' id='word_1_374' title='bbox 1284 1039 1363 1069; x_wconf 87' lang='lat' dir='ltr'>Mihi</span> <span class='ocrx_word' id='word_1_375' title='bbox 1380 1039 1482 1080; x_wconf 78' lang='lat' dir='ltr'>sepius</span> <span class='ocrx_word' id='word_1_376' title='bbox 1499 1040 1679 1080; x_wconf 75' lang='lat' dir='ltr'>cogitanti.”</span> 
     </span>
    </p>

    <p class='ocr_par' dir='ltr' id='par_1_32' title="bbox 1028 1089 1884 1233">
     <span class='ocr_line' id='line_1_68' title="bbox 1028 1089 1884 1131; baseline 0 -11"><span class='ocrx_word' id='word_1_377' title='bbox 1028 1089 1056 1120; x_wconf 88' lang='grc'>6.</span> <span class='ocrx_word' id='word_1_378' title='bbox 1076 1089 1230 1120; x_wconf 86' lang='lat' dir='ltr'>Leonardi</span> <span class='ocrx_word' id='word_1_379' title='bbox 1248 1089 1344 1120; x_wconf 86' lang='lat' dir='ltr'>Bruni</span> <span class='ocrx_word' id='word_1_380' title='bbox 1364 1090 1401 1120; x_wconf 86' lang='lat' dir='ltr'>dc</span> <span class='ocrx_word' id='word_1_381' title='bbox 1423 1090 1540 1131; x_wconf 74' lang='lat' dir='ltr'>origine</span> <span class='ocrx_word' id='word_1_382' title='bbox 1560 1090 1642 1120; x_wconf 84' lang='lat' dir='ltr'>urbis</span> <span class='ocrx_word' id='word_1_383' title='bbox 1663 1091 1799 1120; x_wconf 74' lang='lat' dir='ltr'>Mantuae</span> <span class='ocrx_word' id='word_1_384' title='bbox 1818 1100 1884 1120; x_wconf 87' lang='lat' dir='ltr'>ora-</span> 
     </span>
     <span class='ocr_line' id='line_1_69' title="bbox 1093 1141 1884 1179; baseline -0.001 -7"><span class='ocrx_word' id='word_1_385' title='bbox 1093 1141 1138 1172; x_wconf 90' lang='lat' dir='ltr'>tio</span> <span class='ocrx_word' id='word_1_386' title='bbox 1152 1153 1159 1177; x_wconf 85' lang='lat'><em>3</em></span> <span class='ocrx_word' id='word_1_387' title='bbox 1197 1141 1261 1172; x_wconf 88' lang='lat' dir='ltr'>dat.</span> <span class='ocrx_word' id='word_1_388' title='bbox 1290 1141 1455 1172; x_wconf 77' lang='lat' dir='ltr'>Florentiae</span> <span class='ocrx_word' id='word_1_389' title='bbox 1486 1141 1525 1172; x_wconf 83' lang='lat' dir='ltr'>vi.</span> <span class='ocrx_word' id='word_1_390' title='bbox 1553 1141 1673 1172; x_wconf 84' lang='lat' dir='ltr'>kalend.</span> <span class='ocrx_word' id='word_1_391' title='bbox 1698 1142 1772 1172; x_wconf 87' lang='lat' dir='ltr'>Jun.</span> <span class='ocrx_word' id='word_1_392' title='bbox 1797 1142 1884 1179; x_wconf 78' lang='lat'>1418.</span> 
     </span>
     <span class='ocr_line' id='line_1_70' title="bbox 1094 1192 1242 1233; baseline 0.007 -11"><span class='ocrx_word' id='word_1_393' title='bbox 1094 1192 1145 1223; x_wconf 88' lang='lat' dir='ltr'>fol.</span> <span class='ocrx_word' id='word_1_394' title='bbox 1159 1202 1198 1233; x_wconf 80' lang='lat'>53</span> <span class='ocrx_word' id='word_1_395' title='bbox 1213 1193 1242 1223; x_wconf 93' lang='lat' dir='ltr'>b.</span> 
     </span>
    </p>

    <p class='ocr_par' dir='ltr' id='par_1_33' title="bbox 1031 1242 1852 1385">
     <span class='ocr_line' id='line_1_71' title="bbox 1138 1242 1610 1283; baseline 0.004 -12"><span class='ocrx_word' id='word_1_396' title='bbox 1138 1242 1235 1283; x_wconf 88' lang='lat' dir='ltr'>Incip.</span> <span class='ocrx_word' id='word_1_397' title='bbox 1252 1246 1271 1259; x_wconf 88' lang='lat'><strong>“</strong></span> <span class='ocrx_word' id='word_1_398' title='bbox 1286 1242 1360 1273; x_wconf 92' lang='lat' dir='ltr'>Non</span> <span class='ocrx_word' id='word_1_399' title='bbox 1376 1254 1443 1273; x_wconf 84' lang='lat' dir='ltr'>sum</span> <span class='ocrx_word' id='word_1_400' title='bbox 1460 1243 1610 1273; x_wconf 82' lang='lat' dir='ltr'>nescius.”</span> 
     </span>
     <span class='ocr_line' id='line_1_72' title="bbox 1031 1292 1852 1334; baseline -0.001 -10"><span class='ocrx_word' id='word_1_401' title='bbox 1031 1294 1058 1324; x_wconf 81' lang='lat'>7.</span> <span class='ocrx_word' id='word_1_402' title='bbox 1077 1292 1227 1333; x_wconf 87' lang='lat' dir='ltr'>Ejusdem</span> <span class='ocrx_word' id='word_1_403' title='bbox 1242 1293 1343 1323; x_wconf 89' lang='lat' dir='ltr'>oratio</span> <span class='ocrx_word' id='word_1_404' title='bbox 1359 1293 1389 1323; x_wconf 90' lang='lat' dir='ltr'>in</span> <span class='ocrx_word' id='word_1_405' title='bbox 1406 1293 1562 1324; x_wconf 87' lang='lat' dir='ltr'>orationes</span> <span class='ocrx_word' id='word_1_406' title='bbox 1578 1293 1718 1324; x_wconf 88' lang='lat' dir='ltr'>Homeri.</span> <span class='ocrx_word' id='word_1_407' title='bbox 1743 1293 1790 1323; x_wconf 86' lang='lat' dir='ltr'>sol.</span> <span class='ocrx_word' id='word_1_408' title='bbox 1805 1294 1852 1334; x_wconf 84' lang='lat'>58.</span> 
     </span>
     <span class='ocr_line' id='line_1_73' title="bbox 1138 1343 1803 1385; baseline -0.002 -11"><span class='ocrx_word' id='word_1_409' title='bbox 1138 1343 1235 1384; x_wconf 88' lang='lat' dir='ltr'>Incip.</span> <span class='ocrx_word' id='word_1_410' title='bbox 1254 1348 1271 1360; x_wconf 67' lang='lat'>‘⁶</span> <span class='ocrx_word' id='word_1_411' title='bbox 1284 1344 1442 1375; x_wconf 88' lang='lat' dir='ltr'>Admirari</span> <span class='ocrx_word' id='word_1_412' title='bbox 1459 1355 1678 1385; x_wconf 88' lang='lat' dir='ltr'>nonnunquam</span> <span class='ocrx_word' id='word_1_413' title='bbox 1694 1344 1803 1374; x_wconf 50' lang='lat' dir='ltr'>soleo*</span> 
     </span>
    </p>

    <p class='ocr_par' dir='ltr' id='par_1_34' title="bbox 1031 1394 1890 1537">
     <span class='ocr_line' id='line_1_74' title="bbox 1031 1394 1889 1436; baseline 0.001 -12"><span class='ocrx_word' id='word_1_414' title='bbox 1031 1395 1059 1424; x_wconf 81' lang='lat'>8.</span> <span class='ocrx_word' id='word_1_415' title='bbox 1079 1394 1219 1424; x_wconf 84' lang='lat' dir='ltr'>Platonis</span> <span class='ocrx_word' id='word_1_416' title='bbox 1236 1394 1390 1432; x_wconf 82' lang='lat' dir='ltr'>Socrates,</span> <span class='ocrx_word' id='word_1_417' title='bbox 1407 1395 1468 1425; x_wconf 83' lang='lat' dir='ltr'>sive</span> <span class='ocrx_word' id='word_1_418' title='bbox 1484 1395 1623 1436; x_wconf 82' lang='lat' dir='ltr'>dialogus</span> <span class='ocrx_word' id='word_1_419' title='bbox 1644 1396 1682 1426; x_wconf 89' lang='lat' dir='ltr'>de</span> <span class='ocrx_word' id='word_1_420' title='bbox 1702 1400 1800 1426; x_wconf 84' lang='lat' dir='ltr'>morte</span> <span class='ocrx_word' id='word_1_421' title='bbox 1821 1406 1889 1426; x_wconf 90' lang='lat' dir='ltr'>con-</span> 
     </span>
     <span class='ocr_line' id='line_1_75' title="bbox 1095 1446 1890 1487; baseline 0.001 -12"><span class='ocrx_word' id='word_1_422' title='bbox 1095 1446 1270 1483; x_wconf 77' lang='lat' dir='ltr'>temnenda,</span> <span class='ocrx_word' id='word_1_423' title='bbox 1292 1446 1462 1487; x_wconf 73' lang='lat' dir='ltr'>interprete</span> <span class='ocrx_word' id='word_1_424' title='bbox 1481 1446 1586 1478; x_wconf 84' lang='lat' dir='ltr'>Cincio</span> <span class='ocrx_word' id='word_1_425' title='bbox 1606 1447 1755 1482; x_wconf 65' lang='lat' dir='ltr'>Romano.</span> <span class='ocrx_word' id='word_1_426' title='bbox 1778 1447 1890 1487; x_wconf 66' lang='lat' dir='ltr'>praevia</span> 
     </span>
     <span class='ocr_line' id='line_1_76' title="bbox 1095 1496 1456 1537; baseline 0 -10"><span class='ocrx_word' id='word_1_427' title='bbox 1095 1496 1285 1537; x_wconf 77' lang='lat' dir='ltr'>praefatione.</span> <span class='ocrx_word' id='word_1_428' title='bbox 1309 1497 1359 1527; x_wconf 80' lang='lat' dir='ltr'>fol.</span> <span class='ocrx_word' id='word_1_429' title='bbox 1377 1499 1415 1529; x_wconf 75' lang='lat'>62</span> <span class='ocrx_word' id='word_1_430' title='bbox 1429 1497 1456 1527; x_wconf 90' lang='lat' dir='ltr'>b.</span> 
     </span>
    </p>

    <p class='ocr_par' dir='ltr' id='par_1_35' title="bbox 1012 1547 1892 2821">
     <span class='ocr_line' id='line_1_77' title="bbox 1138 1547 1856 1589; baseline 0 -12"><span class='ocrx_word' id='word_1_431' title='bbox 1138 1547 1234 1588; x_wconf 87' lang='lat' dir='ltr'>Incip.</span> <span class='ocrx_word' id='word_1_432' title='bbox 1252 1547 1336 1588; x_wconf 78' lang='lat' dir='ltr'>praef.</span> <span class='ocrx_word' id='word_1_433' title='bbox 1355 1552 1372 1564; x_wconf 76' lang='grc'>“</span> <span class='ocrx_word' id='word_1_434' title='bbox 1388 1547 1487 1578; x_wconf 87' lang='lat' dir='ltr'>Locus</span> <span class='ocrx_word' id='word_1_435' title='bbox 1503 1547 1636 1589; x_wconf 86' lang='lat' dir='ltr'>quidem,</span> <span class='ocrx_word' id='word_1_436' title='bbox 1654 1547 1856 1578; x_wconf 57' lang='lat' dir='ltr'>suavissimos*</span> 
     </span>
     <span class='ocr_line' id='line_1_78' title="bbox 1138 1598 1692 1640; baseline 0.002 -13"><span class='ocrx_word' id='word_1_437' title='bbox 1138 1598 1235 1640; x_wconf 87' lang='lat' dir='ltr'>Incip.</span> <span class='ocrx_word' id='word_1_438' title='bbox 1252 1603 1343 1629; x_wconf 86' lang='lat' dir='ltr'>tract.</span> <span class='ocrx_word' id='word_1_439' title='bbox 1361 1602 1380 1615; x_wconf 59' lang='lat'>‘⁴</span> <span class='ocrx_word' id='word_1_440' title='bbox 1394 1599 1512 1640; x_wconf 82' lang='lat' dir='ltr'>Magna</span> <span class='ocrx_word' id='word_1_441' title='bbox 1527 1598 1692 1639; x_wconf 52' lang='lat' dir='ltr'>profectos*</span> 
     </span>
     <span class='ocr_line' id='line_1_79' title="bbox 1032 1649 1891 1690; baseline 0 -11"><span class='ocrx_word' id='word_1_442' title='bbox 1032 1650 1059 1682; x_wconf 87' lang='lat'>9.</span> <span class='ocrx_word' id='word_1_443' title='bbox 1078 1649 1227 1690; x_wconf 87' lang='lat' dir='ltr'>Ejusdem</span> <span class='ocrx_word' id='word_1_444' title='bbox 1254 1649 1284 1679; x_wconf 91' lang='lat' dir='ltr'>in</span> <span class='ocrx_word' id='word_1_445' title='bbox 1310 1649 1471 1680; x_wconf 84' lang='lat' dir='ltr'>Plutarchi</span> <span class='ocrx_word' id='word_1_446' title='bbox 1498 1649 1631 1680; x_wconf 89' lang='lat' dir='ltr'>libellum</span> <span class='ocrx_word' id='word_1_447' title='bbox 1658 1650 1696 1680; x_wconf 86' lang='lat' dir='ltr'>de</span> <span class='ocrx_word' id='word_1_448' title='bbox 1721 1649 1835 1680; x_wconf 87' lang='lat' dir='ltr'>virtute</span> <span class='ocrx_word' id='word_1_449' title='bbox 1860 1655 1891 1679; x_wconf 85' lang='lat' dir='ltr'>et</span> 
     </span>
     <span class='ocr_line' id='line_1_80' title="bbox 1095 1699 1588 1742; baseline 0.004 -13"><span class='ocrx_word' id='word_1_450' title='bbox 1095 1699 1180 1737; x_wconf 87' lang='lat' dir='ltr'>vitio,</span> <span class='ocrx_word' id='word_1_451' title='bbox 1197 1711 1266 1730; x_wconf 83' lang='lat' dir='ltr'>cum</span> <span class='ocrx_word' id='word_1_452' title='bbox 1283 1700 1419 1742; x_wconf 81' lang='lat' dir='ltr'>prologo.</span> <span class='ocrx_word' id='word_1_453' title='bbox 1443 1701 1494 1731; x_wconf 88' lang='lat' dir='ltr'>fol.</span> <span class='ocrx_word' id='word_1_454' title='bbox 1508 1702 1544 1740; x_wconf 89' lang='lat'>67</span> <span class='ocrx_word' id='word_1_455' title='bbox 1560 1701 1588 1731; x_wconf 91' lang='lat' dir='ltr'>b.</span> 
     </span>
     <span class='ocr_line' id='line_1_81' title="bbox 1140 1751 1668 1793; baseline 0.002 -11"><span class='ocrx_word' id='word_1_456' title='bbox 1140 1751 1235 1793; x_wconf 88' lang='lat' dir='ltr'>Incip.</span> <span class='ocrx_word' id='word_1_457' title='bbox 1253 1752 1328 1793; x_wconf 85' lang='lat' dir='ltr'>prol.</span> <span class='ocrx_word' id='word_1_458' title='bbox 1347 1757 1364 1769; x_wconf 71' lang='lat'>‘⁶</span> <span class='ocrx_word' id='word_1_459' title='bbox 1376 1753 1428 1783; x_wconf 93' lang='lat' dir='ltr'>Ab</span> <span class='ocrx_word' id='word_1_460' title='bbox 1444 1753 1502 1783; x_wconf 85' lang='lat' dir='ltr'>hac</span> <span class='ocrx_word' id='word_1_461' title='bbox 1518 1752 1668 1783; x_wconf 58' lang='lat' dir='ltr'>tantulaff*</span> 
     </span>
     <span class='ocr_line' id='line_1_82' title="bbox 1140 1803 1709 1844; baseline 0 -11"><span class='ocrx_word' id='word_1_462' title='bbox 1140 1803 1237 1844; x_wconf 89' lang='lat' dir='ltr'>Incip.</span> <span class='ocrx_word' id='word_1_463' title='bbox 1253 1804 1304 1834; x_wconf 92' lang='lat' dir='ltr'>lib.</span> <span class='ocrx_word' id='word_1_464' title='bbox 1322 1808 1339 1820; x_wconf 68' lang='lat'>‘⁵</span> <span class='ocrx_word' id='word_1_465' title='bbox 1352 1803 1540 1834; x_wconf 86' lang='lat' dir='ltr'>Indumenta</span> <span class='ocrx_word' id='word_1_466' title='bbox 1556 1804 1709 1844; x_wconf 74' lang='lat' dir='ltr'>quidein.”</span> 
     </span>
     <span class='ocr_line' id='line_1_83' title="bbox 1013 1854 1888 1896; baseline -0.003 -11"><span class='ocrx_word' id='word_1_467' title='bbox 1013 1856 1059 1885; x_wconf 92' lang='lat'>10.</span> <span class='ocrx_word' id='word_1_468' title='bbox 1079 1855 1171 1885; x_wconf 91' lang='lat' dir='ltr'>Plinii</span> <span class='ocrx_word' id='word_1_469' title='bbox 1188 1855 1320 1886; x_wconf 87' lang='lat' dir='ltr'>Secundi</span> <span class='ocrx_word' id='word_1_470' title='bbox 1336 1855 1545 1896; x_wconf 76' lang='lat' dir='ltr'>Panegyricus</span> <span class='ocrx_word' id='word_1_471' title='bbox 1560 1855 1598 1885; x_wconf 88' lang='lat' dir='ltr'>ad</span> <span class='ocrx_word' id='word_1_472' title='bbox 1613 1854 1789 1894; x_wconf 86' lang='lat' dir='ltr'>Trajanum.</span> <span class='ocrx_word' id='word_1_473' title='bbox 1810 1854 1828 1883; x_wconf 83' lang='lat' dir='ltr'>f.</span> <span class='ocrx_word' id='word_1_474' title='bbox 1842 1856 1888 1893; x_wconf 84' lang='lat'>69.</span> 
     </span>
     <span class='ocr_line' id='line_1_84' title="bbox 1140 1904 1892 1947; baseline -0.004 -11"><span class='ocrx_word' id='word_1_475' title='bbox 1140 1906 1238 1947; x_wconf 87' lang='lat' dir='ltr'>Incip.</span> <span class='ocrx_word' id='word_1_476' title='bbox 1249 1910 1269 1923; x_wconf 86' lang='lat'><strong>“</strong></span> <span class='ocrx_word' id='word_1_477' title='bbox 1278 1905 1362 1936; x_wconf 88' lang='lat' dir='ltr'>Bene</span> <span class='ocrx_word' id='word_1_478' title='bbox 1374 1917 1410 1936; x_wconf 88' lang='lat' dir='ltr'>ac</span> <span class='ocrx_word' id='word_1_479' title='bbox 1422 1905 1586 1946; x_wconf 79' lang='lat' dir='ltr'>sapienter,</span> <span class='ocrx_word' id='word_1_480' title='bbox 1598 1905 1634 1934; x_wconf 93' lang='lat' dir='ltr'>P.</span> <span class='ocrx_word' id='word_1_481' title='bbox 1644 1904 1677 1936; x_wconf 86' lang='lat' dir='ltr'>C.</span> <span class='ocrx_word' id='word_1_482' title='bbox 1694 1904 1892 1935; x_wconf 77' lang='lat' dir='ltr'>instituerunt</span> 
     </span>
     <span class='ocr_line' id='line_1_85' title="bbox 1117 1957 1496 1997; baseline 0 -10"><span class='ocrx_word' id='word_1_483' title='bbox 1117 1957 1250 1997; x_wconf 85' lang='lat' dir='ltr'>majores</span> <span class='ocrx_word' id='word_1_484' title='bbox 1261 1957 1287 1993; x_wconf 73' lang='grc'>;”</span> <span class='ocrx_word' id='word_1_485' title='bbox 1310 1960 1345 1987; x_wconf 87' lang='lat' dir='ltr'>ut</span> <span class='ocrx_word' id='word_1_486' title='bbox 1361 1957 1392 1987; x_wconf 93' lang='lat' dir='ltr'>in</span> <span class='ocrx_word' id='word_1_487' title='bbox 1407 1957 1496 1987; x_wconf 86' lang='lat' dir='ltr'>editt.</span> 
     </span>
     <span class='ocr_line' id='line_1_86' title="bbox 1013 2009 1890 2052; baseline -0.006 -10"><span class='ocrx_word' id='word_1_488' title='bbox 1013 2012 1060 2042; x_wconf 89' lang='grc'>11.</span> <span class='ocrx_word' id='word_1_489' title='bbox 1080 2012 1185 2042; x_wconf 90' lang='lat' dir='ltr'>Latini</span> <span class='ocrx_word' id='word_1_490' title='bbox 1201 2011 1312 2042; x_wconf 88' lang='lat' dir='ltr'>Pacati</span> <span class='ocrx_word' id='word_1_491' title='bbox 1325 2011 1462 2052; x_wconf 84' lang='lat' dir='ltr'>Drepani</span> <span class='ocrx_word' id='word_1_492' title='bbox 1478 2011 1578 2042; x_wconf 86' lang='lat' dir='ltr'>oratio</span> <span class='ocrx_word' id='word_1_493' title='bbox 1592 2010 1762 2040; x_wconf 85' lang='lat' dir='ltr'>Theodosio</span> <span class='ocrx_word' id='word_1_494' title='bbox 1779 2009 1890 2039; x_wconf 76' lang='lat' dir='ltr'>«licata.</span> 
     </span>
     <span class='ocr_line' id='line_1_87' title="bbox 1096 2063 1213 2103; baseline 0 -10"><span class='ocrx_word' id='word_1_495' title='bbox 1096 2063 1147 2093; x_wconf 86' lang='lat' dir='ltr'>fol.</span> <span class='ocrx_word' id='word_1_496' title='bbox 1164 2071 1213 2103; x_wconf 82' lang='lat'>97.</span> 
     </span>
     <span class='ocr_line' id='line_1_88' title="bbox 1139 2112 1658 2154; baseline 0 -11"><span class='ocrx_word' id='word_1_497' title='bbox 1139 2113 1237 2154; x_wconf 89' lang='lat' dir='ltr'>Incip.</span> <span class='ocrx_word' id='word_1_498' title='bbox 1256 2118 1273 2130; x_wconf 73' lang='lat'>‘⁴</span> <span class='ocrx_word' id='word_1_499' title='bbox 1287 2112 1319 2143; x_wconf 84' lang='lat' dir='ltr'>Si</span> <span class='ocrx_word' id='word_1_500' title='bbox 1336 2113 1404 2154; x_wconf 86' lang='lat' dir='ltr'>quis</span> <span class='ocrx_word' id='word_1_501' title='bbox 1420 2124 1554 2153; x_wconf 87' lang='lat' dir='ltr'>unquam</span> <span class='ocrx_word' id='word_1_502' title='bbox 1570 2113 1658 2143; x_wconf 80' lang='lat' dir='ltr'>fuit.&#39;&#39;</span> 
     </span>
     <span class='ocr_line' id='line_1_89' title="bbox 1141 2161 1889 2205; baseline -0.004 -11"><span class='ocrx_word' id='word_1_503' title='bbox 1141 2164 1179 2194; x_wconf 92' lang='lat' dir='ltr'>In</span> <span class='ocrx_word' id='word_1_504' title='bbox 1195 2164 1289 2201; x_wconf 86' lang='lat' dir='ltr'>calce,</span> <span class='ocrx_word' id='word_1_505' title='bbox 1307 2168 1324 2181; x_wconf 65' lang='lat'>⁴⁶</span> <span class='ocrx_word' id='word_1_506' title='bbox 1339 2164 1425 2194; x_wconf 84' lang='lat' dir='ltr'>Finit</span> <span class='ocrx_word' id='word_1_507' title='bbox 1445 2164 1645 2205; x_wconf 82' lang='lat' dir='ltr'>panegyricus</span> <span class='ocrx_word' id='word_1_508' title='bbox 1664 2162 1763 2193; x_wconf 88' lang='lat' dir='ltr'>Latini</span> <span class='ocrx_word' id='word_1_509' title='bbox 1782 2161 1889 2192; x_wconf 85' lang='lat' dir='ltr'>Pacati</span> 
     </span>
     <span class='ocr_line' id='line_1_90' title="bbox 1119 2214 1594 2256; baseline -0.004 -11"><span class='ocrx_word' id='word_1_510' title='bbox 1119 2215 1257 2256; x_wconf 82' lang='lat' dir='ltr'>Drepani</span> <span class='ocrx_word' id='word_1_511' title='bbox 1273 2215 1375 2246; x_wconf 85' lang='lat' dir='ltr'>dictus</span> <span class='ocrx_word' id='word_1_512' title='bbox 1392 2214 1594 2245; x_wconf 52' lang='lat' dir='ltr'>Theodosios*</span> 
     </span>
     <span class='ocr_line' id='line_1_91' title="bbox 1012 2267 1814 2312; baseline -0.005 -11"><span class='ocrx_word' id='word_1_513' title='bbox 1012 2273 1060 2301; x_wconf 74' lang='lat'>12.</span> <span class='ocrx_word' id='word_1_514' title='bbox 1080 2276 1097 2288; x_wconf 65' lang='lat'>·‘</span> <span class='ocrx_word' id='word_1_515' title='bbox 1112 2271 1294 2312; x_wconf 81' lang='lat' dir='ltr'>Panegyrici</span> <span class='ocrx_word' id='word_1_516' title='bbox 1310 2271 1499 2301; x_wconf 74' lang='lat' dir='ltr'>diversorum</span> <span class='ocrx_word' id='word_1_517' title='bbox 1515 2274 1632 2310; x_wconf 83' lang='lat' dir='ltr'>septem</span> <span class='ocrx_word' id='word_1_518' title='bbox 1643 2269 1669 2302; x_wconf 51' lang='grc' dir='ltr'><em>Γ</em></span> <span class='ocrx_word' id='word_1_519' title='bbox 1693 2267 1814 2303; x_wconf 82' lang='lat' dir='ltr'>seilicet,</span> 
     </span>
     <span class='ocr_line' id='line_1_92' title="bbox 1054 2316 1873 2361; baseline -0.009 -9"><span class='ocrx_word' id='word_1_520' title='bbox 1054 2334 1081 2352; x_wconf 86' lang='lat' dir='ltr'>a.</span> <span class='ocrx_word' id='word_1_521' title='bbox 1099 2321 1280 2352; x_wconf 84' lang='lat' dir='ltr'>Gratiarum</span> <span class='ocrx_word' id='word_1_522' title='bbox 1296 2322 1378 2352; x_wconf 82' lang='lat' dir='ltr'>actio</span> <span class='ocrx_word' id='word_1_523' title='bbox 1395 2321 1434 2352; x_wconf 85' lang='lat' dir='ltr'>ad</span> <span class='ocrx_word' id='word_1_524' title='bbox 1453 2321 1682 2361; x_wconf 86' lang='lat' dir='ltr'>Imperatorem.</span> <span class='ocrx_word' id='word_1_525' title='bbox 1706 2318 1755 2348; x_wconf 75' lang='lat' dir='ltr'>sol.</span> <span class='ocrx_word' id='word_1_526' title='bbox 1775 2326 1829 2347; x_wconf 86' lang='lat'>110</span> <span class='ocrx_word' id='word_1_527' title='bbox 1844 2316 1873 2345; x_wconf 91' lang='lat' dir='ltr'>b.</span> 
     </span>
     <span class='ocr_line' id='line_1_93' title="bbox 1160 2371 1685 2413; baseline -0.006 -11"><span class='ocrx_word' id='word_1_528' title='bbox 1160 2372 1256 2413; x_wconf 88' lang='lat' dir='ltr'>Incip.</span> <span class='ocrx_word' id='word_1_529' title='bbox 1275 2376 1293 2389; x_wconf 82' lang='lat'><strong>“</strong></span> <span class='ocrx_word' id='word_1_530' title='bbox 1308 2372 1341 2402; x_wconf 87' lang='lat' dir='ltr'>Si</span> <span class='ocrx_word' id='word_1_531' title='bbox 1356 2372 1480 2402; x_wconf 84' lang='lat' dir='ltr'>flamma</span> <span class='ocrx_word' id='word_1_532' title='bbox 1497 2371 1685 2401; x_wconf 69' lang='lat' dir='ltr'>Eduorum.”</span> 
     </span>
     <span class='ocr_line' id='line_1_94' title="bbox 1053 2418 1877 2465; baseline -0.011 -10"><span class='ocrx_word' id='word_1_533' title='bbox 1053 2424 1082 2454; x_wconf 86' lang='lat' dir='ltr'>b.</span> <span class='ocrx_word' id='word_1_534' title='bbox 1103 2423 1313 2465; x_wconf 85' lang='lat' dir='ltr'>Panegyricus</span> <span class='ocrx_word' id='word_1_535' title='bbox 1340 2422 1543 2454; x_wconf 84' lang='lat' dir='ltr'>Constantino</span> <span class='ocrx_word' id='word_1_536' title='bbox 1571 2419 1752 2461; x_wconf 84' lang='lat' dir='ltr'>Imperatori</span> <span class='ocrx_word' id='word_1_537' title='bbox 1778 2418 1877 2447; x_wconf 85' lang='lat' dir='ltr'>dictus</span> 
     </span>
     <span class='ocr_line' id='line_1_95' title="bbox 1115 2474 1283 2513; baseline 0 -9"><span class='ocrx_word' id='word_1_538' title='bbox 1115 2474 1166 2505; x_wconf 89' lang='lat' dir='ltr'>fol.</span> <span class='ocrx_word' id='word_1_539' title='bbox 1183 2485 1194 2504; x_wconf 92' lang='lat'>1</span> <span class='ocrx_word' id='word_1_540' title='bbox 1206 2485 1243 2513; x_wconf 77' lang='lat'>14</span> <span class='ocrx_word' id='word_1_541' title='bbox 1254 2475 1283 2505; x_wconf 95' lang='lat' dir='ltr'>b.</span> 
     </span>
     <span class='ocr_line' id='line_1_96' title="bbox 1161 2520 1888 2567; baseline -0.01 -11"><span class='ocrx_word' id='word_1_542' title='bbox 1161 2525 1259 2567; x_wconf 88' lang='lat' dir='ltr'>Incip.</span> <span class='ocrx_word' id='word_1_543' title='bbox 1276 2530 1294 2542; x_wconf 57' lang='lat'>⁴4</span> <span class='ocrx_word' id='word_1_544' title='bbox 1307 2525 1456 2556; x_wconf 86' lang='lat' dir='ltr'>Facerem</span> <span class='ocrx_word' id='word_1_545' title='bbox 1475 2522 1678 2554; x_wconf 85' lang='lat' dir='ltr'>sacratissime</span> <span class='ocrx_word' id='word_1_546' title='bbox 1692 2520 1888 2562; x_wconf 43' lang='lat' dir='ltr'>imperator?</span> 
     </span>
     <span class='ocr_line' id='line_1_97' title="bbox 1054 2571 1886 2618; baseline -0.01 -10"><span class='ocrx_word' id='word_1_547' title='bbox 1054 2589 1079 2608; x_wconf 87' lang='grc'>0.</span> <span class='ocrx_word' id='word_1_548' title='bbox 1098 2577 1309 2618; x_wconf 79' lang='lat' dir='ltr'>Panegyricus</span> <span class='ocrx_word' id='word_1_549' title='bbox 1319 2575 1522 2607; x_wconf 83' lang='lat' dir='ltr'>Constantino</span> <span class='ocrx_word' id='word_1_550' title='bbox 1535 2578 1565 2604; x_wconf 83' lang='lat' dir='ltr'>et</span> <span class='ocrx_word' id='word_1_551' title='bbox 1578 2572 1768 2603; x_wconf 84' lang='lat' dir='ltr'>Maximiano</span> <span class='ocrx_word' id='word_1_552' title='bbox 1778 2571 1886 2601; x_wconf 87' lang='lat' dir='ltr'>dictus.</span> 
     </span>
     <span class='ocr_line' id='line_1_98' title="bbox 1120 2628 1288 2660; baseline 0 -2"><span class='ocrx_word' id='word_1_553' title='bbox 1120 2628 1171 2658; x_wconf 85' lang='lat' dir='ltr'>fol.</span> <span class='ocrx_word' id='word_1_554' title='bbox 1187 2638 1197 2657; x_wconf 89' lang='lat'>1</span> <span class='ocrx_word' id='word_1_555' title='bbox 1208 2638 1246 2660; x_wconf 80' lang='lat'>20</span> <span class='ocrx_word' id='word_1_556' title='bbox 1259 2628 1288 2658; x_wconf 93' lang='lat' dir='ltr'>b.</span> 
     </span>
     <span class='ocr_line' id='line_1_99' title="bbox 1163 2673 1720 2719; baseline -0.011 -10"><span class='ocrx_word' id='word_1_557' title='bbox 1163 2679 1258 2719; x_wconf 87' lang='lat' dir='ltr'>Incip.</span> <span class='ocrx_word' id='word_1_558' title='bbox 1276 2682 1297 2695; x_wconf 85' lang='lat'><strong>“</strong></span> <span class='ocrx_word' id='word_1_559' title='bbox 1309 2677 1466 2708; x_wconf 82' lang='lat' dir='ltr'>Dixerunt</span> <span class='ocrx_word' id='word_1_560' title='bbox 1483 2675 1553 2705; x_wconf 85' lang='lat' dir='ltr'>licet</span> <span class='ocrx_word' id='word_1_561' title='bbox 1570 2673 1720 2715; x_wconf 53' lang='lat' dir='ltr'>plurimi.qq</span> 
     </span>
     <span class='ocr_line' id='line_1_100' title="bbox 1055 2723 1890 2771; baseline -0.008 -9"><span class='ocrx_word' id='word_1_562' title='bbox 1055 2731 1083 2762; x_wconf 91' lang='lat' dir='ltr'>d.</span> <span class='ocrx_word' id='word_1_563' title='bbox 1099 2730 1309 2771; x_wconf 81' lang='lat' dir='ltr'>Panegyricus</span> <span class='ocrx_word' id='word_1_564' title='bbox 1319 2727 1503 2760; x_wconf 82' lang='lat' dir='ltr'>Constantio</span> <span class='ocrx_word' id='word_1_565' title='bbox 1515 2725 1629 2757; x_wconf 71' lang='lat' dir='ltr'>Caesari</span> <span class='ocrx_word' id='word_1_566' title='bbox 1642 2725 1749 2755; x_wconf 85' lang='lat' dir='ltr'>dictus.</span> <span class='ocrx_word' id='word_1_567' title='bbox 1767 2724 1787 2754; x_wconf 81' lang='lat' dir='ltr'>f.</span> <span class='ocrx_word' id='word_1_568' title='bbox 1798 2734 1807 2753; x_wconf 88' lang='lat'>1</span> <span class='ocrx_word' id='word_1_569' title='bbox 1818 2732 1855 2761; x_wconf 77' lang='lat'>24</span> <span class='ocrx_word' id='word_1_570' title='bbox 1862 2723 1890 2755; x_wconf 94' lang='lat' dir='ltr'>b.</span> 
     </span>
     <span class='ocr_line' id='line_1_101' title="bbox 1164 2776 1701 2821; baseline -0.011 -10"><span class='ocrx_word' id='word_1_571' title='bbox 1164 2780 1260 2821; x_wconf 90' lang='lat' dir='ltr'>Incip.</span> <span class='ocrx_word' id='word_1_572' title='bbox 1279 2784 1296 2797; x_wconf 53' lang='lat'>⁴4</span> <span class='ocrx_word' id='word_1_573' title='bbox 1310 2779 1342 2810; x_wconf 85' lang='lat' dir='ltr'>Si</span> <span class='ocrx_word' id='word_1_574' title='bbox 1360 2777 1435 2809; x_wconf 88' lang='lat' dir='ltr'>mihi</span> <span class='ocrx_word' id='word_1_575' title='bbox 1451 2778 1544 2808; x_wconf 81' lang='lat' dir='ltr'>Cesar</span> <span class='ocrx_word' id='word_1_576' title='bbox 1560 2776 1701 2806; x_wconf 56' lang='lat' dir='ltr'>invictef’</span> 
     </span>
    </p>
   </div>
  </div>
 </body>
</html>
