2254 3117
328 168 372 198 10
882 159 1182 195 CATALOGUS
1208 160 1441 196 CODICUM
1471 161 1579 196 MSS.

411 261 580 291 millesimo.
597 270 665 290 cccc
681 269 741 288 mo.
759 258 835 298 viij.“
852 259 932 298 regis
954 258 1081 289 Henrici
1102 259 1205 300 quarti

410 312 451 341 ix.
469 316 501 341 et
517 322 570 341 sue
586 308 828 340 consecracionis
844 309 903 338 xi.''

434 366 469 395 In
497 364 634 405 margine
661 364 798 404 ejusdem
822 363 885 393 folii
912 364 1057 399 inferiori,
1080 364 1206 395 “Liber

411 417 547 447 custodis
563 421 594 446 et
617 415 769 445 sociorum
793 415 911 456 collegii
935 416 1025 446 beate
1047 416 1149 446 Marie
1168 417 1206 446 de

412 469 564 508 VVynton.
581 467 612 496 in
627 466 728 496 Oxon.
746 477 783 496 ex
800 466 881 496 dono
902 467 1084 497 venerabilis
1107 467 1205 508 patris

411 519 528 548 Thome
544 517 654 548 Cranle
670 517 891 558 archiepiscopi
909 517 1034 548 Dublin.
1049 519 1204 559 quondam

409 569 535 600 scolaris
557 569 667 598 deinde
691 569 763 599 socii
787 580 823 599 ac
846 569 969 599 demum
990 569 1126 599 custodis
1145 569 1204 599 col-

409 621 478 661 legii
490 620 631 661 predicti,
645 620 695 660 qui
707 620 864 650 humiliter
876 621 955 661 petit
971 620 1123 661 suffragiis
1136 632 1202 661 pre-

410 672 563 702 dictorum
587 671 723 701 custodis
746 671 898 701 sociorum
923 675 954 702 et
976 671 1107 702 aliorum
1130 672 1204 702 inibi

409 724 512 754 divina
549 722 773 753 celebrancium
804 722 942 761 adjuvari
973 723 1055 763 apud
1087 723 1202 753 miseri-

409 775 622 806 cordissimum
639 774 771 805 Deum.''

652 892 878 926 XXXVIII.

325 957 443 989 Codex
464 955 755 993 membranaceus,
774 954 808 987 in
828 954 910 987 folio
926 955 1055 998 majori,
1074 954 1107 988 ff.
1124 958 1204 993 247,

350 1025 416 1047 sec.
454 1014 533 1052 xiv..
569 1013 657 1046 binis
692 1012 861 1045 columnis
896 1017 1079 1051 exaratus;
1122 1012 1203 1046 olim

349 1070 493 1104 Thomae
512 1070 668 1115 Cranley,
687 1069 834 1114 archiep.
856 1069 999 1103 Dublin.

369 1140 399 1169 S.
411 1139 555 1180 Gregorii
569 1149 657 1179 papae
671 1138 694 1168 l.
709 1138 819 1179 Magni
831 1138 993 1168 moralium
1004 1144 1106 1169 tomus
1115 1138 1204 1174 alter,

388 1191 481 1220 libros
497 1190 569 1220 xvii.
586 1190 626 1220 ad
642 1189 734 1220 finem
750 1189 1021 1231 comprehendens.

432 1241 493 1271 Tit.
521 1247 538 1255 “
552 1240 688 1281 Explicit
710 1241 787 1271 liber
810 1241 936 1282 quintus
958 1242 1104 1271 decimus.
1152 1241 1203 1271 In-

410 1293 485 1333 cipit
500 1292 578 1323 liber
590 1292 650 1323 xvi.
669 1292 784 1323 scilicet
801 1303 873 1333 pars
888 1293 1022 1322 secunda
1038 1292 1203 1322 secundum

410 1343 588 1384 quosdam.”

433 1396 470 1425 In
500 1395 637 1436 margine
664 1395 714 1425 fol.
743 1405 768 1425 1.
794 1395 956 1435 descriptae
983 1399 1055 1424 sunt
1085 1394 1204 1425 notitiae

411 1446 489 1482 istae,
518 1457 594 1486 quas
619 1450 722 1481 antea,
751 1446 781 1476 in
809 1446 923 1476 codicis
950 1445 1065 1476 scilicet
1092 1457 1204 1486 prrece-

410 1497 512 1527 dentis
527 1497 742 1538 descriptione.
760 1497 984 1538 exscripsimus.

326 1678 627 1718 Membranaceus,
646 1679 679 1711 in
699 1678 791 1718 folio,
806 1679 839 1712 ff.
856 1682 936 1719 240,
956 1691 1022 1713 sec.
1037 1681 1105 1713 xiv.
1124 1692 1205 1714 exe-

350 1737 452 1775 untis,
480 1736 568 1769 binis
595 1735 764 1768 columnis
795 1742 980 1777 exaratus;
1011 1737 1093 1770 olim
1123 1737 1204 1771 Gul.

351 1793 427 1838 Say,
449 1793 482 1826 S.
495 1793 533 1826 T.
548 1793 586 1826 P.

368 1862 509 1902 Gregorii
526 1873 614 1902 papae
632 1862 655 1891 I.
677 1868 880 1903 cognomento
898 1863 1016 1904 Magni,
1035 1863 1202 1893 Moralium

389 1913 419 1943 in
436 1913 497 1943 Job
514 1913 582 1944 libri
600 1913 796 1943 xvii—xxxv.
811 1914 964 1944 inclusive.

433 1968 568 1998 Exstant
598 1968 735 2008 impress.
763 1968 844 1999 inter
873 1979 976 2009 opera,
1004 1969 1078 1999 edit.
1108 1969 1203 1999 Bene-

411 2019 483 2050 dict.
502 2024 576 2050 tom.
594 2020 612 2049 i.
630 2020 683 2050 col.
700 2029 772 2060 534.

432 2071 471 2100 In
485 2071 624 2111 margine
640 2070 690 2100 fol.
710 2081 725 2101 2
745 2071 892 2107 inferiori,
917 2078 934 2086 “
948 2071 994 2101 De
1017 2072 1098 2101 dono
1118 2083 1204 2102 vene-

410 2121 515 2152 rabilis
531 2121 585 2151 viri
603 2122 743 2163 magistri
760 2121 909 2152 Willelmi
926 2124 998 2163 Say,
1016 2134 1100 2153 sacre
1117 2123 1203 2153 theo-

409 2172 488 2212 logie
513 2172 704 2213 professoris,
728 2173 802 2203 socii
828 2173 919 2214 hujus
942 2173 1071 2214 collegii,
1096 2174 1203 2204 decani

410 2223 535 2254 ecclesie
567 2223 666 2254 sancti
697 2223 784 2253 Pauli
820 2223 1031 2259 Londinensis,
1063 2225 1203 2266 magistri
1233 2238 1234 2247 ¹

410 2276 519 2305 domus
544 2275 643 2305 sancti
670 2275 810 2311 Antonii,
839 2276 946 2305 decani
976 2276 1091 2316 capelle
1121 2277 1203 2317 regie

412 2326 540 2356 Henrici
558 2326 673 2356 Sextis*

328 2492 626 2532 Membranaceus,
653 2494 687 2526 in
715 2493 797 2527 folio
823 2495 955 2533 minori,
980 2494 1014 2527 ff.
1034 2497 1114 2534 287,
1133 2507 1200 2528 sec.

350 2551 443 2589 xiii.;
463 2552 551 2585 binis
569 2551 738 2585 columnis
756 2552 865 2585 nitide
883 2558 1054 2586 exaratus.

370 2620 397 2648 1.
415 2619 566 2653 Gaurrici,
594 2630 646 2649 scu
674 2619 811 2650 Guaricii
838 2619 893 2661 [an
916 2621 954 2651 de
979 2621 1008 2651 S.
1027 2621 1200 2663 Quintino]

433 2669 499 2699 ord.
526 2669 781 2707 P1·aedicato1·um,
807 2683 899 2713 super
925 2672 1039 2703 Isaiam
1068 2673 1202 2714 Prophe-

432 2720 508 2750 tiam
524 2721 773 2756 commentarius,
790 2733 859 2752 cum
876 2722 1012 2763 prologo.
1035 2722 1085 2752 fol.
1100 2733 1127 2754 2.

476 2775 571 2816 Incip.
585 2776 660 2816 prol.
674 2783 691 2792 ¹¹
705 2777 822 2818 Spiritu
834 2789 946 2819 niagno
960 2777 1037 2808 vidit
1050 2777 1158 2809 ultima
1171 2784 1202 2809 ct

1384 259 1560 290 consolatus
1573 263 1631 294 est,
1645 264 1703 290 etc.
1734 259 1854 290 Ecclus.
1872 260 1964 301 xlviij.
1982 260 2137 293 Dicuntur

1384 311 1439 340 hec
1455 311 1494 341 ad
1511 310 1633 340 laudem
1651 310 1787 341 Ysaiae.”

1407 359 1513 390 Desin.
1543 359 1619 400 prol.
1649 360 1815 391 “dicentes
1841 372 1896 391 nos
1919 362 2035 392 nescire
2063 364 2136 394 veri-

1386 416 1482 441 tatem
1499 414 1530 440 et
1546 410 1660 441 habere
1676 416 1823 452 corrupta
1838 412 2026 454 exemplaria
2037 413 2053 423 '⁸

1408 462 1505 502 Incip.
1523 466 1685 493 comment.
1711 468 1728 477 ‘¹
1741 463 1825 493 Visio
1843 464 1940 494 Ysaie
1956 464 2008 494 filii
2027 465 2135 501 Amos,

1384 522 1442 544 etc.
1491 513 1583 543 Liber
1610 513 1668 544 iste
1694 513 1842 544 dividitur
1864 515 1895 544 iu
1918 515 1995 545 duas
2021 521 2136 556 partes,

1386 564 1512 599 scilicet,
1533 564 1564 594 in
1585 564 1708 594 titulum
1727 564 1778 605 qui
1801 568 1849 595 est
1872 564 1958 605 quasi
1982 565 2135 605 quoddam

1385 615 1554 656 proemium
1572 615 1610 645 ad
1630 615 1770 645 libruan

1407 665 1513 696 Desin.
1553 671 1573 683 ⁴⁴
1591 665 1707 696 sanctis
1743 665 1793 706 qui
1829 670 1901 696 sunt
1933 665 2002 696 finis
2039 667 2137 697 omnis

1387 717 1498 753 carnis,
1516 717 1587 757 quia
1604 717 1707 747 onmia
1723 720 1851 758 propter
1867 717 2010 747 electos.”

1406 769 1442 799 In
1481 769 1574 806 calce,
1611 774 1629 786 “
1644 769 1780 810 Explicit
1819 769 1933 799 Ysaias
1970 771 2136 802 secundum

1385 821 1567 861 magistrum
1584 821 1768 851 Gaurricum
1791 820 1829 850 de
1851 820 1959 851 ordine
1983 821 2133 853 Praedica-

1385 877 1498 908 torum,
1516 872 1586 902 Deo
1601 872 1722 912 gracias
1736 884 1743 908 3
1760 882 1841 902 anno
1857 882 1936 902 mcc
1955 872 2029 903 xlix.
2046 884 2072 902 v.
2089 885 2135 904 ex.

1387 923 1518 953 Octub.”

1300 980 1328 1008 2.
1348 978 1495 1019 Ejusdem
1523 978 1660 1009 Guarieii
1685 979 1714 1009 in
1744 979 1911 1009 Hieremiae
1942 979 2136 1021 prophetiam

1362 1030 1612 1067 commentarius,
1630 1041 1699 1060 cum
1716 1030 1852 1071 prologo.
1878 1030 1928 1060 fol.
1945 1040 2009 1072 154.

1408 1082 1504 1122 Incip.
1523 1082 1599 1122 prol.
1624 1088 1640 1096 ‘¹
1654 1081 1779 1112 Direxit
1798 1092 1892 1122 opera
1908 1092 2013 1112 eorum
2030 1082 2060 1112 in
2076 1093 2137 1113 ma·

1385 1132 1473 1162 nibus
1498 1133 1648 1173 prophete
1673 1132 1794 1167 sancti;
1821 1132 1922 1162 Verba
1941 1132 2002 1163 ista
2022 1133 2136 1174 scripta

1386 1189 1457 1214 sunt
1475 1184 1632 1224 Sapientic
1650 1195 1678 1213 x.
1703 1188 1734 1214 et
1749 1184 1833 1214 dicta
1854 1188 1926 1214 sunt
1946 1184 1986 1215 ad
2002 1184 2137 1216 litteram

1386 1235 1423 1264 de
1442 1235 1583 1275 Moysef’

1407 1286 1514 1316 Des-in.
1532 1286 1608 1327 prol.
1626 1292 1643 1301 ¹‘
1658 1287 1827 1317 (letrahunt
1844 1287 1933 1318 multi
1952 1288 2032 1318 unde
2048 1288 2136 1319 debe-

1386 1344 1454 1369 rent
1471 1338 1514 1369 eis
1528 1338 1648 1379 gratias
1664 1338 1822 1369 redderesq

1407 1389 1504 1430 Incip.
1537 1394 1701 1420 comment.
1734 1394 1752 1406 “
1769 1389 1873 1420 Verba
1903 1389 2046 1425 Jeremie,
2077 1396 2135 1421 etc.

1388 1440 1448 1471 Hic
1472 1441 1578 1482 incipit
1602 1441 1679 1471 liber
1695 1441 1841 1477 Jeremie,
1865 1441 1916 1482 qui
1937 1441 2085 1472 dividitur
2107 1442 2136 1472 in

1385 1493 1461 1523 duas
1488 1496 1603 1533 partes,
1632 1493 1661 1522 in
1684 1493 1886 1534 prohemium,
1914 1492 1944 1522 in
1966 1496 2137 1524 tractatum

1385 1544 1435 1584 qui
1452 1544 1559 1585 incipit
1576 1544 1699 1585 proprie
1716 1544 1746 1584 ij.
1763 1544 1927 1585 capitulos*

1408 1595 1515 1625 Desin.
1540 1596 1599 1625 “in
1627 1607 1749 1626 carcere
1773 1596 1854 1637 quod
1880 1596 1977 1636 magis
1999 1602 2087 1636 patet
2107 1595 2136 1625 in

1384 1646 1545 1677 historia-³*

1301 1702 1329 1731 3.
1348 1700 1497 1741 Ejusdem
1524 1701 1554 1731 in
1583 1701 1838 1732 Lamentationes
1863 1701 2031 1733 Hieremiae
2057 1713 2136 1732 com—

1364 1751 1545 1788 mentarius,
1561 1762 1630 1782 cum
1645 1751 1782 1793 prologo.
1806 1752 1856 1782 fol.
1873 1753 1940 1793 256.

1409 1803 1505 1844 Incip.
1520 1802 1597 1844 prol.
1613 1809 1630 1818 “
1642 1803 1717 1842 Quis
1730 1803 1817 1834 dabit
1828 1803 1922 1844 capiti
1935 1814 2003 1834 meo
2013 1815 2134 1844 aquam,

1385 1858 1443 1884 etc.
1500 1855 1537 1884 In
1562 1854 1662 1884 verbis
1685 1855 1752 1885 istis
1775 1855 1897 1896 scriptis
1919 1855 1986 1886 Jer.
2004 1856 2045 1886 ix.
2069 1860 2135 1886 tan-

1383 1905 1468 1946 gitur
1484 1905 1675 1946 quadruplex
1692 1917 1786 1936 causa
1802 1906 1892 1947 hujus
1908 1906 2042 1947 operis.’'

1407 1956 1512 1986 Dcsin.
1537 1961 1557 1973 “
1570 1956 1612 1987 Et
1633 1957 1748 1987 factum
1770 1961 1817 1988 est
1840 1963 2004 1998 postquam
2020 1958 2051 1988 in
2067 1968 2135 1998 cap—

1384 2008 1550 2043 tivitatem,
1576 2013 1633 2038 etc.
1655 2008 1833 2049 anteposita
1857 2008 2011 2039 invenitur
2033 2014 2135 2040 tamen

1385 2059 1414 2089 in
1431 2059 1568 2100 antiquis
1582 2059 1667 2089 libris
1684 2070 1744 2090 non
1761 2063 1807 2090 est
1823 2060 1861 2089 de
1876 2060 1996 2090 textu.''

1407 2110 1504 2151 Incip.
1536 2115 1700 2141 comment.
1733 2116 1751 2125 “
1764 2111 1806 2141 Et
1831 2111 1947 2141 factum
1977 2116 2024 2142 est
2054 2116 2134 2152 post-

1384 2172 1497 2202 quam3
1520 2167 1579 2192 etc.
1625 2162 1711 2192 Sicut
1730 2162 1847 2192 dictum
1863 2162 1921 2193 fuit
1942 2162 1971 2193 in
1988 2163 2134 2204 principio

1383 2212 1400 2242 .]
1408 2212 1547 2243 er‹>111ie.”

1405 2263 1513 2294 Desin.
1539 2265 1599 2294 “in
1622 2265 1732 2295 ultimo
1755 2265 1847 2295 verbo
1871 2265 2019 2295 orationis
2042 2270 2073 2295 et
2094 2265 2133 2295 la-

1383 2316 1583 2347 mentationis
1598 2328 1669 2351 suc;
1689 2316 1758 2347 Deo
1773 2317 1926 2358 gracias.'⁷

1300 2372 1334 2399 4:
1348 2370 1496 2410 Ejusdem
1514 2371 1544 2400 in
1561 2371 1682 2401 Baruch
1700 2372 1948 2402 commentarius.
1972 2371 2022 2402 sol.
2035 2373 2092 2410 276
2105 2371 2133 2401 b.

1406 2426 1502 2467 Incip.
1522 2432 1539 2442 ⁰
1553 2426 1629 2457 Post
1641 2426 1889 2457 lacrimacionem
1902 2431 1933 2457 et
1946 2426 2064 2463 fletum,
2076 2431 2132 2457 etc.

1385 2477 1486 2507 Verba
1501 2477 1561 2508 ista
1577 2477 1694 2518 scripta
1709 2482 1781 2508 sunt
1799 2477 1923 2508 'robios'

1404 2528 1510 2559 Dcsin.
1551 2529 1663 2569 “quod
1700 2528 1758 2559 fuit
1796 2529 1953 2560 inventum
1991 2530 2021 2559 in
2056 2529 2133 2559 lecto

1382 2579 1518 2610 David.’'

1407 2630 1443 2659 In
1461 2629 1554 2666 calce,

1319 2686 1335 2695 ‘¹
1350 2680 1448 2711 Parce
1465 2680 1562 2710 Jhesu
1576 2680 1699 2711 Christe
1715 2680 1792 2711 liber
1803 2692 1822 2711 a
1835 2693 1895 2722 quo
1908 2682 2050 2712 conditus
2065 2681 2130 2715 iste,

1349 2732 1482 2762 Exstitit
1513 2737 1547 2762 ut
1578 2732 1641 2762 viso
1677 2736 1707 2762 te
1742 2733 1879 2772 gaudeat
1910 2733 1940 2763 in
1974 2732 2130 2763 Paradiso.

1382 2783 1514 2813 A1ueu.”
