2254 3117
630 176 869 211 COLLEGII
898 177 1272 215 MERTONENSIS.
1808 191 1852 222 35

55 276 83 306 2.
102 274 250 316 Ejusdem
267 284 359 315 super
379 273 502 305 cantica
519 273 653 304 Deborae
670 273 776 304 uxoris
793 273 918 305 Barueh

117 332 335 357 commentum.
361 324 411 355 fol.
428 335 454 356 2.

160 376 282 417 Incip.“
290 376 395 406 Barak
402 376 456 412 vir,
466 375 612 406 Debbora
619 375 786 417 prophetes
792 375 885 407 fuisse
892 376 918 413 3*

138 427 212 458 ibid.
229 432 304 458 torn.
319 427 360 458 iii.
377 427 434 458 col.
449 436 520 467 745.

51 485 80 514 8.
98 483 136 514 In
153 483 321 514 Hieremiae
334 481 588 513 Lamentationes
605 482 855 520 commentarius,
867 494 916 514 co-

115 535 184 566 dem
200 539 338 565 auctore.
363 534 413 564 fol.
426 543 456 574 5.

158 585 256 627 Ineip.
276 591 293 602 ‘⁴
307 585 350 616 Et
380 585 496 616 factum
527 588 575 615 est
605 586 815 626 postquam;”
838 585 913 617 ibid.

137 641 212 667 tom.
226 637 263 668 iv.
281 636 335 668 col.
352 637 421 677 835.

51 695 79 723 4.
97 693 214 731 Albini,
237 693 299 724 sive
320 692 445 723 Alcuini
470 691 574 723 Flacci
600 692 813 731 Quaestionum
836 692 915 724 liber

114 755 206 785 super
220 744 332 774 librum
350 743 518 781 Geneseos,
530 743 646 784 praevia
661 743 792 784 epistola
808 744 849 774 ad
865 744 913 774 Si-

113 795 230 837 gulfum
246 795 470 837 presbyterum.
495 794 545 825 fol.
561 805 587 835 9.

155 846 272 877 Exstat
287 846 425 887 impress.
443 846 525 876 inter
540 856 646 887 opera,
663 846 755 884 1617,
771 856 800 886 p.
816 855 840 875 1.

155 897 193 927 In
218 897 309 934 ealce,
328 902 345 914 ‘⁴
359 896 495 938 Explicit
522 896 599 927 liber
626 896 823 938 questionum
849 908 912 929 ma-

131 948 221 990 gistri
237 948 345 979 Albini
360 949 400 979 ad
410 947 570 990 Siguffum
591 948 799 989 presbiterum
821 960 913 991 super

132 1000 242 1030 librum
261 1000 445 1031 (1611656οεῖἾ

49 1058 75 1087 5.
94 1055 126 1087 S.
143 1054 327 1096 Hieronymi
349 1055 534 1096 quaestiones
557 1055 620 1086 sive
642 1055 830 1086 traditiones
847 1056 911 1086 He·

111 1107 223 1138 braicae
239 1106 270 1137 in
287 1107 432 1138 Genesin.
456 1107 505 1137 fol.
519 1117 570 1148 30.

153 1158 290 1189 Exstant
314 1158 395 1189 inter
418 1169 522 1200 opera,
545 1159 593 1189 ed.
616 1158 748 1189 Vallars.
775 1162 848 1190 toni.
868 1159 909 1190 iii.

131 1208 188 1239 col.
200 1218 272 1249 30¹·

151 1260 191 1290 In
214 1260 308 1296 calce,
331 1266 348 1276 ⁵*
362 1260 498 1301 Explicit
523 1260 601 1290 liber
624 1259 821 1302 questionum
848 1260 910 1291 He-

129 1309 304 1340 braicarum
322 1309 428 1341 Sancti
446 1310 463 1340 J
468 1310 596 1340 eronimi
612 1310 643 1340 111
659 1309 827 1341 661163111.”

45 1364 74 1395 6.
92 1364 239 1406 Ejusdem
261 1364 340 1395 liber
362 1365 400 1395 de
423 1364 635 1395 mansionibus
658 1364 791 1395 filiorum
811 1365 909 1396 Israel

106 1415 146 1446 ad
164 1415 335 1446 Fabiolam.
359 1415 411 1446 fol.
425 1426 477 1455 49.

150 1466 267 1497 Exstat
283 1466 356 1496 ibid.
374 1472 450 1497 tom.
464 1467 484 1497 i.
502 1467 558 1498 col.
571 1468 644 1508 463.

149 1517 187 1548 In
202 1518 297 1555 calce,
307 1523 325 1535 “
340 1518 476 1559 Explicit
492 1519 530 1549 de
546 1518 759 1550 mansionibus
775 1519 907 1550 filiorum

127 1568 254 1600 Israel.”

45 1626 72 1656 7.
90 1624 236 1665 Ejusdem
253 1624 448 1664 Quaestiones
473 1625 504 1655 in
528 1625 623 1656 libros
644 1626 764 1667 Regum
787 1626 906 1668 priores

105 1676 192 1707 duos.
215 1676 267 1706 fol.
280 1686 321 1717 59
335 1676 363 1706 b.

148 1727 226 1758 Ibid.
244 1731 319 1758 tom.
333 1727 373 1758 iii.
392 1739 422 1768 p.
437 1736 507 1769 755.

146 1778 184 1809 In
214 1779 308 1816 calce,
334 1784 351 1796 ⁴⁴
364 1779 504 1820 Explicit
533 1779 612 1810 liber
643 1780 727 1810 beati
750 1780 903 1811 Jeronimi

124 1830 288 1871 presbiteri
304 1830 342 1861 de
358 1830 571 1871 questionibus
588 1830 740 1872 Reg11m.”

42 1887 70 1915 8.
88 1885 236 1926 Ejusdem
266 1889 274 1902 ‘
292 1886 330 1916 de
365 1885 589 1926 quaestionibus
620 1886 902 1928 Paralipomenon.’

103 1936 155 1968 fol.
169 1945 209 1977 74
220 1937 250 1967 b.

145 1987 225 2018 Ibid.
242 1992 318 2019 tom.
331 1988 372 2019 iii.
389 1988 444 2019 col.
460 1988 531 2028 789.

143 2039 182 2070 In
197 2039 289 2077 calce,
308 2044 324 2056 ⁴⁴
339 2039 477 2081 Explicit
497 2040 576 2071 liber
596 2040 681 2071 beati
698 2040 718 2071 J
721 2041 849 2072 eronimi
865 2042 903 2073 de

123 2091 338 2132 questionibus
358 2092 649 2134 Paralipomenon.”

42 2143 70 2174 9.
87 2141 235 2183 Ejusdem
254 2143 492 2175 commentarius
512 2143 543 2174 in
559 2143 591 2174 S.
610 2143 757 2175 Matthaei
773 2155 902 2185 evange-

104 2193 188 2224 lium.
213 2194 264 2225 fol.
278 2204 318 2235 90
331 2194 359 2224 b.

146 2245 228 2276 Ibid.
246 2248 321 2276 tom.
335 2245 385 2276 vii.
401 2245 457 2276 col.
472 2257 497 2276 1.

27 2297 69 2326 10.
87 2296 250 2329 Sententia
269 2297 408 2338 ejusdem
431 2297 469 2328 de
493 2297 626 2328 essentia
642 2301 673 2328 et
690 2297 901 2328 invisibilitate

103 2352 135 2378 et
157 2348 365 2379 immensitate
381 2347 451 2385 Dei,
469 2348 531 2379 sive
555 2349 593 2379 de
616 2348 664 2379 his
688 2359 756 2389 quae
777 2349 846 2379 Deo
869 2348 900 2379 in

102 2399 263 2441 scripturis
279 2400 471 2431 tribuuntur.
496 2399 546 2429 fol.
565 2409 619 2439 174
636 2400 666 2430 b.

145 2449 242 2492 Incip.
255 2451 485 2491 “Omnipotens
502 2450 598 2487 Deus,
611 2450 708 2481 Pater
723 2454 755 2481 et
772 2450 900 2480 Filius.''

20 2500 68 2530 11.
85 2500 252 2532 Tractatus
276 2502 308 2532 S.
330 2500 491 2542 Cypriani,
514 2501 650 2542 episcopi
674 2501 899 2542 Carthaginen-

101 2552 150 2589 sis.
168 2553 206 2584 de
222 2553 363 2584 oratione
379 2552 556 2583 Dominica.
580 2552 633 2583 fol.
652 2554 706 2590 178
720 2553 749 2583 b.

143 2604 259 2635 Exstat
275 2604 357 2635 inter
371 2614 475 2645 opera,
494 2603 595 2634 Paris.
613 2605 703 2644 1726,
719 2615 749 2645 p.
762 2613 833 2641 204.

19 2653 66 2684 12.
83 2655 113 2685 S.
125 2655 293 2696 Augustini
317 2665 429 2691 sermo,
447 2654 588 2694 Qualiter
610 2654 703 2685 homo
726 2655 827 2686 factus
851 2659 899 2686 est

99 2707 139 2737 ad
156 2707 320 2748 imaginem
337 2710 369 2737 et
385 2705 619 2736 similitudinem
635 2706 705 2736 Dei.
728 2705 780 2736 fol.
797 2707 854 2745 187
867 2707 897 2737 b.

142 2757 239 2799 Incip.
267 2762 285 2774 ‘-
297 2757 402 2788 Tanta
428 2757 565 2798 dignitas
595 2757 772 2792 humane;”
801 2760 837 2788 ut
866 2757 897 2788 in

119 2809 193 2840 edit.
209 2814 285 2840 tom.
302 2808 340 2839 vi.
357 2808 440 2849 App.
458 2807 513 2838 col.
530 2818 600 2849 293.

973 276 1022 306 13.
1039 276 1070 306 S.
1089 277 1205 315 Basilii,
1222 290 1268 319 ep.
1286 278 1494 314 Caesariensis.
1513 280 1639 323 Regula.
1664 282 1714 313 fol.
1733 284 1799 324 189.

1101 328 1198 369 Incip.
1211 330 1326 367 “Audi‚
1340 330 1391 367 fili,
1403 331 1648 363 admonicionem
1664 334 1762 374 patris
1778 335 1853 371 tuis*

1077 382 1111 409 ut
1128 379 1209 409 inter
1226 381 1379 412 Paraenet.
1399 381 1472 413 Vct.
1491 383 1643 421 Goldasti‚
1660 396 1688 426 p.
1707 388 1773 417 181.

1099 429 1135 459 In
1152 431 1245 469 calce,
1262 438 1280 449 ‘⁵
1294 432 1430 473 Explicit
1451 434 1593 465 doctrina
1610 435 1716 467 Sancti
1733 436 1851 474 Basilii,

1055 480 1189 522 episcopi
1205 482 1408 523 Capadocie.”

970 544 1019 574 14.
1036 543 1234 576 Venerabilis
1260 545 1355 577 Bedae
1386 547 1504 579 libellus
1533 550 1571 580 de
1601 551 1789 592 ponderibus
1819 557 1851 583 et

1053 597 1214 626 mensuris.
1239 597 1291 627 fol.
1310 598 1366 638 198
1381 598 1409 628 b.

1096 647 1194 689 Incip.
1214 654 1231 665 ⁴⁸
1245 649 1332 679 Beda
1348 650 1386 680 (le
1402 651 1588 691 ponderibus
1604 657 1635 684 et
1651 655 1830 685 mensurisf*

969 709 1017 740 15.
1035 708 1204 740 Tractatus
1229 710 1267 741 de
1291 710 1527 745 immortalitate
1550 716 1658 746 animae
1678 717 1847 749 rationalis.

1051 761 1102 792 fol.
1118 771 1187 792 201.

1095 812 1192 854 Ineip.
1211 821 1228 829 ⁸·
1242 812 1338 843 Posse
1354 814 1448 845 (lebes
1469 826 1506 845 ex
1528 816 1595 847 aliis
1616 820 1697 859 quod
1717 824 1851 860 quatuor

1071 864 1171 894 modis
1186 863 1331 895 humanis
1353 865 1524 897 consulitur
1540 869 1724 900 erroribus.’'

1093 915 1201 947 Desin.
1214 921 1232 933 ⁴⁸
1245 920 1276 946 et
1291 916 1508 948 affeccionibus
1524 919 1665 951 totaliter
1680 922 1849 954 consistit*

966 976 1015 1008 16.
1036 978 1196 1019 [Gulielmi
1209 979 1247 1009 de
1260 979 1442 1021 S.Amore‚]
1458 981 1640 1013 Parisiensis
1652 983 1729 1014 liber
1741 990 1849 1016 contra

1050 1035 1220 1072 exemptos,
1245 1030 1276 1061 in
1299 1032 1437 1073 capitula
1461 1033 1568 1074 viginti
1595 1045 1648 1064 sex
1675 1035 1848 1068 distinctus.

1050 1081 1100 1111 fol.
1116 1091 1188 1122 213.

1093 1133 1154 1164 Tit.
1181 1138 1200 1152 “
1215 1134 1330 1176 Incipit
1354 1134 1431 1165 liber
1456 1135 1641 1167 Parisiensis
1666 1142 1774 1168 contra
1798 1150 1848 1168 ex-

1071 1185 1223 1226 emptos.”

1092 1235 1153 1266 Tit.
1170 1247 1237 1278 cap.
1254 1237 1273 1267 i.
1294 1241 1314 1254 “
1329 1237 1419 1276 Quod
1436 1238 1595 1280 exempcio
1611 1240 1778 1270 secundum
1794 1240 1847 1271 hu-

1071 1297 1180 1318 manos
1206 1294 1295 1319 actus
1321 1289 1517 1321 contradicat
1547 1290 1649 1321 cursui
1681 1291 1847 1322 secundum

1070 1339 1228 1370 naturales
1243 1341 1375 1370 motus.”

1091 1389 1187 1432 Incip.
1201 1396 1218 1408 ‘⁶
1229 1392 1425 1432 Augustinus
1441 1392 1573 1433 septimo
1590 1393 1627 1423 de
1644 1393 1770 1424 civitate
1787 1394 1845 1425 Dei

1069 1442 1205 1483 capitulo
1222 1443 1378 1474 tricesimo
1394 1444 1470 1475 ait.”

1090 1493 1198 1524 Desin.
1212 1494 1377 1525 “habetur
1389 1495 1471 1536 quod
1488 1495 1623 1537 exempti
1640 1495 1845 1537 delinquendo

1069 1545 1225 1585 quoddam
1241 1546 1282 1576 ad
1298 1557 1345 1584 ea,
1361 1546 1439 1577 etc.''

1370 1655 1433 1688 LI.

960 1715 1080 1749 Codex
1108 1716 1402 1757 membranaceus,
1430 1718 1465 1750 in
1492 1717 1586 1757 folio,
1614 1718 1646 1752 ff.
1669 1722 1749 1759 120,
1777 1731 1842 1753 sec.

983 1774 1052 1813 xii„
1073 1774 1161 1807 binis
1179 1775 1348 1809 columnis
1367 1776 1456 1809 bene
1475 1782 1646 1810 exaratus.

1001 1834 1031 1864 S.
1048 1834 1241 1876 Hieronymi⁷
1274 1835 1456 1877 presbyteri,
1488 1847 1583 1877 opera
1610 1838 1703 1868 varia.
1730 1842 1762 1868 ut
1796 1849 1841 1868 se-

1021 1890 1167 1927 quuntur.

1001 1942 1027 1971 1.
1046 1941 1140 1972 Liber
1162 1941 1200 1971 de
1224 1941 1391 1972 Hebraicis
1418 1943 1651 1983 quaestionibus‚
1674 1954 1743 1974 cum
1771 1954 1840 1984 pro-

1063 1993 1142 2034 logo.
1166 1993 1218 2023 fol.
1239 2003 1263 2023 1.

1106 2044 1168 2075 Tit.
1197 2044 1345 2086 “Incipit
1375 2044 1520 2086 prologus
1552 2045 1659 2076 Sancti
1687 2045 1839 2075 Jeronimi

1084 2095 1247 2136 presbiteri
1278 2096 1309 2126 in
1339 2095 1418 2127 libro
1448 2096 1643 2138 questionum
1670 2095 1839 2126 Hebraica-

1084 2157 1161 2177 rum.

1106 2197 1223 2229 Exstat
1249 2198 1386 2239 impress.
1411 2198 1493 2229 inter
1514 2209 1618 2239 opera,
1639 2198 1685 2228 ed.
1703 2197 1836 2228 Vallars.

1082 2255 1155 2279 tom.
1169 2249 1210 2280 iii.
1228 2250 1283 2281 col.
1296 2260 1370 2291 30²·

998 2314 1026 2342 2.
1045 2312 1093 2343 De
1108 2313 1320 2344 mansionibus
1334 2314 1467 2344 filiorum
1485 2313 1589 2344 Israel.
1614 2313 1664 2343 fol.
1681 2322 1728 2350 24.

1104 2364 1221 2396 Exstat
1236 2365 1309 2396 ibid.
1325 2369 1401 2397 tom.
1415 2365 1436 2396 i.
1454 2365 1509 2396 col.
1521 2366 1591 2406 463.

997 2430 1025 2458 3.
1044 2428 1093 2459 De
1109 2429 1331 2470 quaestionibus
1347 2428 1476 2470 Regum.
1502 2428 1551 2458 fol.
1565 2438 1605 2469 34
1618 2428 1645 2457 b.

1104 2479 1184 2510 Ibid.
1200 2485 1275 2510 tom.
1288 2479 1330 2509 iii.
1347 2479 1402 2509 col.
1420 2488 1489 2520 755.

1102 2530 1140 2561 In
1164 2530 1258 2567 ealce,
1281 2530 1448 2572 “Explicit
1474 2529 1551 2559 liber
1577 2528 1659 2559 beati
1685 2527 1833 2558 Jeronimi

1080 2582 1243 2622 presbiteri
1260 2582 1298 2612 de
1314 2580 1526 2622 questionibus
1543 2578 1675 2619 regumJ'

995 2645 1023 2674 4.
1042 2643 1089 2674 De
1106 2645 1329 2685 quaestionibus
1346 2644 1612 2684 Paralipomenon.
1638 2641 1687 2671 fol.
1702 2652 1742 2681 50
1756 2642 1783 2671 b.

1102 2695 1184 2725 Ibid.
1200 2700 1275 2726 tom.
1288 2696 1328 2726 iii.
1346 2695 1401 2726 eol.
1417 2696 1487 2733 789.

993 2759 1023 2788 5.
1042 2757 1168 2788 Eusebii
1186 2758 1339 2800 Pamphili
1364 2758 1402 2788 de
1427 2757 1487 2787 situ
1511 2760 1542 2787 et
1566 2755 1737 2786 nominibus
1753 2756 1831 2786 loco-

1055 2819 1123 2839 rum
1140 2809 1367 2840 Hebraieorum
1389 2808 1418 2838 in
1439 2807 1525 2838 libris
1541 2807 1572 2837 S.
1590 2806 1770 2848 Scripturae,
1787 2807 1830 2837 111-

1128 2863 1148 2886 F
1167 2856 1188 2886 2
