2254 3117
365 264 489 305 Philipp
512 266 614 294 rector
629 265 661 292 et
676 260 749 291 socii
764 259 882 301 collegii
898 259 1028 301 predicti
1046 259 1161 300 obliga-

364 319 437 346 runt
452 326 484 345 se
499 318 531 345 et
555 323 744 344 successores
767 322 848 349 suos,
863 315 1000 342 rectores
1016 315 1048 342 et
1063 310 1162 341 socios

366 367 502 408 ejusdem
520 364 638 406 collegii
654 363 776 404 prefati,
799 362 948 404 magistro
964 362 1087 403 Rogero
1103 361 1161 392 vir-

366 421 433 449 tute
444 415 612 458 juramenti
633 414 766 456 prestiti,
781 414 863 455 quod
880 414 1078 455 solempniter
1093 424 1163 444 eum

364 472 447 505 nota,
459 471 622 508 postquam
636 466 716 496 idem
732 465 881 507 magister
892 465 1033 506 Rogerus
1048 465 1088 495 ab
1104 465 1162 495 hac

364 520 430 550 luce
451 517 638 558 migraverit,
652 517 682 547 in
705 520 889 558 perpetuum
912 515 1005 546 semel
1028 515 1058 546 in
1081 527 1162 546 anno

363 568 515 600 tenebunt
537 567 657 598 obitum
681 579 771 598 suum
786 571 818 598 et
838 567 1071 598 benefactorum
1092 577 1161 597 suo—

364 631 431 651 rum
456 630 525 650 cum
551 619 687 659 exequiis
714 622 745 649 et
770 618 863 649 missa
887 618 918 648 in
945 617 1091 653 crastino,
1108 628 1163 658 per

365 674 518 702 rectorem
537 670 650 700 ibidem
672 681 729 711 pro
752 673 891 711 tempore
914 670 1100 700 existentem
1117 669 1162 699 vel

365 732 458 752 unum
471 722 508 752 de
525 721 614 752 sociis
627 721 745 763 collegii
761 721 891 762 predicti
910 721 938 751 in
956 721 1073 762 capella
1084 721 1162 762 ejus-

364 774 433 804 dem
464 773 658 803 celebranda.
713 772 745 802 Si
776 772 844 813 quis
870 776 976 803 autem
1007 772 1162 813 prefatum

364 825 475 855 librum
491 835 510 855 a
526 824 653 865 collegio
677 823 817 865 predicto
841 823 1033 860 alienaverit,
1056 822 1101 852 vel
1125 823 1163 852 de

365 875 491 906 libraria
507 875 647 916 predicta
668 874 733 905 sine
755 874 880 905 licentia
904 875 1032 904 rectoris
1050 877 1081 903 et
1097 884 1161 902 oni-
1191 872 1193 877 '

365 927 449 957 nium
477 927 628 957 sociorum
659 926 776 967 collegii
807 926 937 967 predicti
963 929 1029 956 tam
1055 925 1162 955 abson-
1191 930 1193 959 ξ

365 978 445 1009 cium
462 989 554 1019 quam
579 977 770 1018 presencium
793 988 849 1018 pro
873 980 1012 1017 tempore
1029 977 1161 1007 existen-

367 1030 446 1060 cium
457 1029 629 1063 abstulerit.
637 1029 817 1059 alienaverit
829 1028 875 1058 vel
886 1032 977 1058 extra
989 1026 1161 1062 cariaverit,

366 1082 424 1112 nisi
440 1092 535 1112 causa
547 1080 758 1117 correccionis‚
772 1080 980 1121 reparaeionis
997 1079 1041 1109 vel
1058 1078 1160 1119 ligaei⁶
1192 1086 1193 1091 ¹
1542 1105 1548 1111 ,
1615 1104 1621 1111 ,
1655 1104 1661 1111 ,
1773 1104 1779 1110 .
1824 1104 1830 1110 ,

1192 1134 1193 1138 ,
1216 1105 1516 1144 membranaceus,
1542 1116 1575 1137 in
1605 1103 1686 1137 folio
1713 1115 1844 1148 majori,
1872 1103 1904 1136 ff.
1922 1106 2001 1144 190,
2028 1115 2093 1137 sec.

368 1132 444 1169 onis,
461 1143 516 1173 per
528 1131 700 1172 predictum
717 1134 868 1161 rectorem
890 1134 921 1160 et
937 1140 1042 1160 omnes
1065 1129 1163 1159 socios

368 1182 523 1224 predictos
553 1182 639 1223 prius
664 1181 867 1222 approbanda
889 1181 1078 1211 auctoritato
1103 1180 1162 1210 Dei

370 1234 476 1265 Patris
486 1233 709 1275 omnipotentis
722 1237 754 1264 et
767 1233 928 1263 beatorum
941 1231 1163 1273 Apostolorum
1192 1215 1194 1260 i

370 1286 457 1317 Petri
473 1289 505 1316 et
522 1285 611 1316 Pauli
630 1296 666 1315 ac
688 1284 846 1315 reverendi
870 1283 900 1313 in
921 1283 1044 1314 Christo
1066 1282 1164 1322 patris
1193 1295 1194 1302 ¹

369 1341 401 1368 et
417 1337 533 1367 domini
553 1336 667 1366 domini
683 1335 838 1366 ,Iohannis
858 1334 917 1365 Dei
941 1334 1047 1375 gracia,
1063 1334 1162 1364 Exon.

371 1388 504 1430 episcopi
520 1387 780 1419 anatematizatus
795 1387 844 1422 sit,
861 1386 926 1427 ipso
942 1386 1053 1417 factos*

678 1469 776 1503 LIV.

289 1533 408 1566 Codex
426 1532 717 1571 membranaceus,
732 1532 766 1564 in
786 1531 866 1564 folio
884 1532 1012 1575 majori,
1039 1531 1070 1563 ff.
1084 1533 1164 1570 293,

313 1599 380 1622 sec.
395 1600 463 1628 xv„
482 1588 628 1632 scriptus
651 1592 691 1621 ut
716 1599 836 1632 supra3
863 1588 1002 1622 madore
1028 1600 1166 1633 corrup—

314 1651 369 1680 tus
387 1651 422 1680 et
440 1647 538 1679 initio
557 1650 592 1679 et
609 1646 677 1679 fine
695 1646 848 1679 mutilus.

333 1705 477 1747 Hugonis
494 1706 531 1736 de
548 1705 578 1736 S.
592 1706 682 1743 Caro,
696 1706 757 1737 sive
775 1707 944 1737 Alexandri
963 1706 1117 1743 Halensis,
1135 1707 1165 1737 in

353 1757 487 1798 psalmos
502 1756 719 1787 lxix—cxlviii.
736 1756 880 1787 inclusive
896 1757 1056 1798 expositio.

398 1808 496 1849 Incip.
521 1808 551 1837 in
574 1808 684 1844 verbis,
712 1807 945 1839 “Intraverunt
969 1810 1080 1849 aque‚”
1107 1814 1165 1838 etc.

377 1864 394 1876 ‘²
406 1860 580 1890 universum
597 1859 743 1889 mundum
759 1859 922 1890 luc1·etur.”

398 1910 496 1941 Defic.
514 1915 530 1926 “
543 1914 575 1940 et
596 1921 700 1940 omnes
720 1910 832 1948 abissi3
857 1911 1013 1941 nubilosus
1029 1911 1068 1941 ad
1085 1911 1165 1941 abis-

377 1972 443 1992 sum
459 1961 593 2002 pertinet
609 1962 660 1991 et”

693 2042 770 2076 LV.

296 2106 594 2146 Membranaceus,
623 2106 657 2138 in
684 2105 764 2139 folio
788 2108 919 2151 majori,
945 2107 976 2140 ff.
997 2109 1076 2142 223.
1104 2118 1169 2140 sec.

320 2176 387 2203 xv„
406 2164 552 2208 scriptus
569 2168 608 2197 ut
627 2175 735 2209 supra.

338 2225 482 2266 Hugonis
505 2225 543 2255 de
567 2224 597 2255 S.
611 2225 690 2255 Caro
711 2225 862 2265 expositio
886 2236 977 2266 super
1002 2225 1169 2256 Ecclesias-

359 2281 433 2312 tem,
451 2275 620 2306 Proverbia
635 2280 666 2306 ct
682 2276 811 2307 Cantica
827 2276 1035 2307 Ganticorum.

402 2328 440 2357 In
463 2327 546 2357 calce
570 2327 659 2357 l'rov.
678 2330 695 2344 “
710 2327 845 2367 Explicit
870 2327 1005 2358 notabile
1029 2339 1106 2368 opus
1130 2328 1172 2358 fa-

381 2379 457 2409 mosi
474 2378 609 2409 doctoris
626 2378 768 2419 Hugonis
785 2379 822 2408 (le
841 2378 962 2409 Vienna
986 2390 1078 2419 super
1098 2379 1173 2409 Pro-

381 2430 485 2460 verbia
507 2429 678 2460 Salomonis
694 2429 767 2470 xvij.
784 2430 833 2459 die
849 2430 867 2459 J
871 2430 923 2460 ulii
946 2441 1027 2461 anno
1048 2430 1174 2460 Domini

380 2482 540 2512 millesimo
555 2493 631 2512 cccc.
648 2480 870 2522 sexagesimo.”

404 2533 472 2563 Lib.
486 2533 569 2563 Eccl.
585 2542 711 2562 mancus
723 2535 770 2562 est
782 2531 812 2561 in
826 2531 924 2568 initio,
936 2531 1026 2573 incip.
1044 2535 1062 2549 ‘⁴
1075 2535 1174 2563 trans-

383 2584 500 2615 lacione
516 2584 607 2624 hujus
623 2582 719 2613 libri?

689 2653 787 2687 LVI.

303 2716 598 2755 Membrmmceus,
623 2716 656 2748 in
682 2714 764 2748 folio
792 2714 921 2758 majori,
949 2713 982 2747 ff.
1004 2715 1082 2752 171,
1109 2725 1174 2747 sec.

326 2785 392 2813 xv.‚
411 2775 556 2818 scriptus
574 2780 613 2806 ut
631 2784 743 2817 supra.

827 160 1128 197 CATALOGUS
1153 160 1387 196 CODICUM
1416 160 1523 194 MSS.

1257 258 1401 299 Hugonis
1425 258 1463 288 de
1486 258 1517 288 S.
1534 257 1614 288 Caro
1639 256 1791 298 expositio
1815 257 1845 287 in
1870 257 2038 299 Sapientiae
2063 262 2094 289 et

1278 308 1487 340 Ecclesiastici
1502 309 1606 339 libros.

1320 360 1498 401 Praefigitur
1521 359 1635 390 notitia
1650 359 1688 389 de
1713 359 1881 390 donatione
1903 359 1985 397 libri,
2001 371 2093 401 quam

1299 414 1393 441 antea
1409 410 1634 451 exscripsimus.

1597 503 1717 537 LVII.

1215 567 1334 600 Codex
1354 566 1646 604 membranaceus,
1660 566 1695 598 in
1714 565 1795 599 folio
1814 566 1945 610 majori,
1963 566 1997 600 ff.
2013 569 2094 607 292,

1239 636 1305 658 sec.
1320 637 1387 664 XV„
1407 625 1554 669 scriptus
1572 628 1611 657 ut
1629 635 1740 668 supra.

1258 693 1402 735 Hugonis
1429 693 1466 723 de
1495 693 1526 723 S.
1543 693 1623 724 Caro
1649 692 1801 733 expositio
1826 692 1858 722 in
1884 692 1999 724 Isaiam
2025 704 2094 734 pro-

1278 745 1416 786 phetam.

1321 796 1357 825 In
1374 795 1465 832 calce,
1483 800 1500 811 ⁴⁸
1515 794 1651 835 Explicit
1665 793 1779 824 Ysaias
1795 794 1827 824 in
1841 793 1944 835 vigilia
1960 794 1990 824 S.
2003 793 2092 824 Nico-

1298 846 1338 876 lai
1366 856 1447 876 anno
1472 844 1597 875 Domini
1618 843 1778 874 millesimo
1801 855 1876 874 cccc.
1901 843 2091 885 sexagesimo

1299 898 1444 933 secunde,
1462 897 1609 937 regnique
1633 896 1714 937 regis
1730 895 1876 926 Edwardi
1897 895 2001 936 quarti
2025 900 2095 936 post

1300 952 1500 989 conquestum
1517 947 1680 978 secundo.”

1590 1041 1728 1075 LVIII.

1241 1175 1308 1200 xv„
1327 1163 1474 1207 scriptus
1492 1168 1530 1195 ut
1549 1173 1660 1207 supra.

1260 1224 1402 1264 Hugonis
1418 1224 1455 1253 de
1476 1223 1506 1253 S.
1523 1223 1603 1254 Caro
1624 1222 1776 1264 expositio
1799 1233 1889 1263 super
1906 1222 2095 1253 Hieremiam

1280 1274 1463 1315 prophetam
1481 1274 1678 1314 ejusdemque
1694 1273 1842 1303 Thronos.

1323 1324 1500 1365 I'raefigitur
1515 1324 1628 1355 notitia
1644 1325 1682 1354 de
1698 1324 1851 1365 legatione
1867 1324 1988 1354 codicis.

1322 1376 1503 1406 Abscissum
1519 1380 1567 1406 est
1583 1375 1687 1405 solium
1703 1375 1845 1416 primum,
1863 1376 1945 1416 quod
1960 1375 2096 1406 contine-

1301 1429 1356 1458 bat
1373 1427 1476 1457 omnia
1492 1427 1532 1457 ab
1549 1427 1637 1457 initio
1653 1427 1692 1457 ad
1709 1431 1716 1444 ‘
1735 1426 1804 1457 Sint
1820 1426 1914 1457 lumbi
1931 1427 2043 1458 vestri?

1324 1479 1361 1509 In
1377 1478 1470 1514 ealce,
1488 1482 1505 1494 ‘⁶
1520 1478 1614 1508 Liber
1629 1477 1769 1519 magistri
1786 1477 1899 1518 Rogeri
1918 1477 2003 1519 Keys
2024 1478 2096 1509 scri-

1302 1534 1374 1570 ptus
1394 1540 1475 1559 anno
1495 1528 1619 1558 Domini
1642 1527 1802 1558 millesimo
1817 1539 1893 1558 cccc.
1910 1527 2097 1569 quinquage-

1302 1581 1390 1617 simo,
1422 1576 1556 1610 secundo
1583 1579 1683 1610 Oxou.
1714 1589 1769 1620 per
1797 1589 1922 1610 manum
1949 1578 2097 1610 Willelmi

1303 1631 1499 1662 Salonionis”

1612 1712 1711 1746 LIX.

1222 1775 1519 1813 Membranaceus,
1550 1775 1585 1807 in
1608 1774 1690 1807 folio
1720 1775 1849 1819 majori,
1878 1774 1912 1807 ff.
1933 1776 2012 1814 199,
2031 1785 2097 1808 see.

1244 1845 1310 1869 XV..
1328 1833 1474 1877 scriptus
1493 1838 1532 1865 ut
1550 1843 1660 1876 supra.

1264 1892 1406 1933 Hugonis
1422 1892 1459 1922 de
1476 1892 1506 1922 S.
1519 1892 1600 1922 Caro
1616 1891 1768 1932 expositio
1784 1891 1814 1921 in
1828 1891 2018 1922 Ezechielem
2030 1902 2099 1931 pro-

1284 1944 1420 1985 phetam.

1624 2012 1703 2046 LX.

1224 2076 1524 2114 Membranaceus,
1553 2076 1588 2108 in
1615 2074 1697 2108 folio
1727 2075 1858 2119 majori,
1884 2073 2013 2116 ff.265‚
2032 2085 2098 2108 see.

1247 2145 1314 2171 xv„
1333 2134 1479 2178 scriptus
1496 2138 1536 2166 nt
1554 2144 1664 2177 supra.

1267 2194 1410 2235 Hugonis
1433 2194 1471 2224 de
1494 2193 1524 2223 S.
1542 2192 1622 2223 Caro
1643 2192 1794 2233 expositio
1818 2203 1910 2233 super
1935 2192 2102 2233 prophetas

1287 2245 1448 2276 duodecim
1465 2244 1606 2275 minores.

1615 2339 1714 2373 LXI.

1228 2402 1526 2442 Membranaceus,
1553 2403 1586 2435 in
1615 2401 1698 2435 folio
1728 2401 1858 2445 majori,
1887 2400 2018 2440 fl1217,
2037 2411 2101 2434 sec.

1251 2472 1317 2499 xv„
1336 2461 1483 2505 scriptus
1500 2465 1540 2494 ut
1559 2471 1670 2504 supra.

1270 2522 1298 2550 1.
1317 2520 1462 2562 Hugonis
1484 2521 1522 2551 de
1547 2520 1579 2551 S.
1597 2520 1678 2551 Caro
1705 2519 1856 2561 expositio
1888 2519 1918 2549 in
1945 2518 2103 2549 Danielem

1333 2573 1536 2613 prophetam;
1561 2572 1650 2602 initio
1665 2571 1763 2602 mutil.
1787 2570 1837 2601 fol.
1854 2580 1879 2600 1.

1377 2624 1473 2665 Incip.
1497 2624 1528 2654 in
1549 2623 1649 2654 verbis
1673 2622 1758 2664 praef.
1776 2626 1793 2638 “
1806 2621 1951 2657 Estimat,
1968 2621 2026 2651 scit
2040 2630 2103 2650 ver-

1311 2680 1313 2682 ’
1354 2675 1482 2706 sucias.”

1378 2726 1555 2767 Praefigitur
1570 2725 1683 2756 notitia
1698 2725 1736 2755 de
1751 2724 1916 2755 donatione
1930 2722 2052 2753 codicis.

1272 2778 1300 2807 2.
1319 2776 1466 2818 Ejusdem
1482 2776 1637 2818 expositio
1652 2787 1744 2817 super
1758 2775 1780 2806 J
1783 2775 1831 2806 ob.
1854 2774 1905 2805 fol.
1919 2774 1968 2804 68.
