2254 3117
755 143 993 177 COLLEGII
1024 144 1165 179 Novi.

168 238 204 268 In
220 238 313 274 calce,
339 243 356 254 ‘¹
371 237 552 279 Expliciunt
576 239 684 269 omelic
706 239 867 274 Johannis,
889 252 942 281 pa-

143 289 277 320 triarche
296 289 644 330 Constantinopolitani,
662 301 754 332 super
777 291 940 321 Mathcum

142 341 179 371 de
196 351 287 381 opere
301 340 515 381 i1np01·l'cct0.’'

162 390 318 432 Sequitur,
345 396 363 405 ‘¹
378 390 491 432 Incipit
515 402 660 421 numerus
691 395 723 421 ct
753 392 829 421 ordo
859 403 939 422 omo-

141 442 249 473 liarum
267 441 448 472 Crisostomi
466 442 568 482 operis
591 442 762 483 imperfecti
785 454 853 473 cuin
870 455 936 474 sen-

141 493 245 523 tentiis
261 492 451 523 notabilibus
468 493 497 523 in
515 493 558 524 cis
575 494 759 524 contentis-,³³

163 544 291 579 Deinde,
310 544 340 574 in
356 544 416 575 fine
433 545 557 579 tabulae,
576 546 652 575 ordo
669 545 873 576 homiliarum.

163 604 410 639 Praemittuntur,
428 616 521 635 manu
537 605 637 635 altera
654 610 684 635 ct
701 606 876 642 recentiori,

98 668 126 687 a.
145 656 282 687 Homilia
299 657 329 686 in
351 657 456 687 decem
478 661 644 698 praecepta,
663 656 692 686 in
710 656 804 692 istud,
825 663 831 672 ‘
846 658 939 688 Scitis

161 719 218 748 que
239 715 395 749 praecepta
416 708 554 738 dederim
571 708 657 738 vobis
669 708 686 745 ;'
709 708 728 738 i.
746 708 786 738 ad
800 708 938 739 Thessal.

159 759 208 789 fol.
232 770 253 789 1.

203 809 299 850 Incip.
324 814 342 827 “
358 809 405 840 Ut
422 810 556 841 habetur
572 810 601 840 in
620 810 789 851 Evangelio
807 811 937 848 Matth„

180 860 296 901 quinto,
315 860 458 892 Christus
480 862 609 903 precipit
631 862 746 893 homini
769 864 937 904 peccatori,

160 902 161 905 Ἴ
181 916 215 941 ut
232 911 271 941 sit
287 912 486 943 consenciens
501 913 712 944 adversari0.”

98 972 127 1001 b.
144 971 191 1001 De
220 971 325 1001 decem
356 972 521 1013 praeceptis
552 976 583 1003 ct
614 972 723 1014 plagis,
755 985 793 1004 ex
825 974 934 1005 S.Au-

157 1023 290 1064 gustino.
316 1023 368 1053 fol.
384 1025 401 1053 6
415 1023 444 1053 b.

96 1095 120 1114 c.
138 1083 277 1114 Homilia
289 1084 319 1113 in
336 1084 420 1114 istud
434 1084 597 1115 ‘Mortuus
611 1085 692 1115 vivet
705 1085 723 1120 ς’
734 1085 787 1116 Jo.
801 1086 832 1126 ij.
849 1086 900 1116 sol.
910 1096 936 1126 7.

202 1135 300 1176 Incip.
327 1141 345 1150 “
357 1135 529 1166 Reverendi
551 1136 610 1166 mei
629 1137 797 1167 secundum
814 1142 936 1168 senten-

178 1186 252 1216 tiam
270 1186 354 1216 beati
370 1186 510 1217 Anselmi
528 1187 609 1218 inter
628 1188 731 1219 onmia
747 1199 839 1229 opere
855 1189 937 1220 circa

179 1241 318 1268 mortuos
334 1237 507 1268 facienda.”

97 1296 126 1326 d.
144 1295 281 1327 Homilia
303 1297 333 1326 in
352 1296 447 1332 istud,
471 1302 477 1312 ‘
490 1297 633 1328 Christus
654 1309 764 1339 passus
786 1303 834 1329 cst
851 1298 937 1329 vobis

157 1347 331 1388 relinquens
347 1348 542 1389 cxemplum,’
558 1352 617 1379 etc.
640 1358 645 1378 1
671 1349 741 1379 Pet.
758 1349 787 1379 ii.
813 1349 863 1380 fol.
877 1361 905 1390 9.

201 1398 298 1439 Incip.
318 1405 335 1414 ‘¹
348 1399 494 1438 Quamvis
508 1399 563 1430 hec
577 1400 671 1430 verba
684 1399 829 1431 dicantur
844 1411 935 1442 gene-

177 1449 284 1480 raliter
299 1450 442 1481 omnibus
459 1450 677 1482 Christianis”

201 1502 239 1532 In
255 1502 315 1532 fine
332 1502 388 1532 col.
406 1502 435 1532 ii.
453 1507 620 1533 occurrunt
637 1513 751 1538 versus,

220 1553 291 1587 vite,
309 1564 401 1594 quam
418 1553 519 1590 duxit,
535 1565 573 1594 yc
589 1554 635 1595 lyf
646 1559 681 1595 yt
697 1554 735 1584 he
751 1554 851 1590 ladde,

219 1615 296 1645 pene
312 1615 405 1646 quam
423 1605 542 1642 habuit,
554 1616 592 1646 ye
605 1617 703 1646 peyne
718 1611 753 1646 yt
768 1606 807 1636 he
823 1606 933 1643 hadde,
965 1606 966 1610 ’

218 1656 333 1686 amoris
349 1667 441 1697 quem
457 1656 608 1698 precepit,
622 1668 660 1697 ye
676 1656 743 1687 love
758 1662 793 1698 yt
809 1657 847 1687 he
863 1657 934 1694 bad,
965 1667 966 1672 ¹

219 1707 359 1738 doctrine
377 1718 469 1748 quam
486 1708 571 1749 legit,
584 1719 621 1749 ye
634 1707 697 1738 lore
709 1713 744 1749 yt
761 1708 798 1739 he
809 1709 935 1739 radde.”

965 1481 967 1496 l

65 1603 174 1634 ΕΜ-
190 1566 203 1638 5

74 1654 156 1695 plum
178 1639 204 1731 ἶ

94 1777 118 1796 e.
136 1765 274 1797 Homilia
285 1767 316 1797 in
326 1767 420 1804 istud,
436 1773 442 1782 ‘
456 1767 514 1806 Qui
525 1767 737 1808 episcopatum
749 1768 907 1799 desiderat
918 1769 934 1804 3'

155 1822 212 1848 etc.
237 1818 288 1848 fol.
304 1828 339 1859 13
350 1819 378 1849 b.

198 1869 296 1910 Incip.
323 1876 340 1884 ¹·
354 1869 535 1900 Notandum
549 1871 630 1911 quod
648 1881 703 1911 pro
720 1871 777 1901 hoc
794 1875 934 1912 tempore

176 1919 348 1957 dicebatur,
365 1920 397 1951 Si
414 1921 511 1962 quis.”

96 1970 116 2000 f.
134 1970 163 2001 S.
178 1972 318 2002 Anselmi
340 1972 466 2003 homilia
487 1973 518 2003 in
534 1973 628 2007 istud,
647 1979 654 1988 ⁵
667 1973 803 2003 Intravit
819 1973 933 2004 Jhesus

154 2022 183 2052 in
201 2024 356 2063 quoddam
373 2024 554 2055 castellum.’
578 2024 628 2054 sol.
646 2034 681 2064 15
697 2024 725 2054 b.

197 2074 292 2116 Incip.
319 2081 336 2090 ‘'
351 2075 430 2114 Quid
454 2076 493 2106 ad
511 2076 678 2117 gloriosam
700 2075 848 2116 virginem
875 2076 932 2107 Dei
962 2102 964 2108 ,

173 2125 386 2166 genitricen1.”

198 2176 234 2206 In
264 2177 347 2208 calce
377 2178 500 2211 codicis,
534 2184 552 2192 ‘¹
569 2178 661 2208 Liber
691 2178 810 2219 collegii
842 2180 932 2209 beate
962 2183 963 2218 l

176 2227 277 2258 Marie
295 2228 448 2270 WVynton.
466 2229 495 2258 in
513 2229 614 2260 Oxon.
635 2240 673 2258 ex
692 2229 773 2259 dono
789 2229 931 2270 magistri
961 2220 963 2231 ¹

173 2277 328 2309 Johannis
346 2280 461 2310 Monks
477 2280 517 2310 ad
534 2290 622 2310 usum
639 2279 729 2309 unius
745 2279 910 2321 theologi.‘'

454 2376 533 2410 LII.
960 2381 962 2413 l

51 2434 167 2469 Codex
193 2439 486 2477 membranaceus,
512 2439 546 2471 in
574 2438 667 2476 folio,
692 2438 726 2471 ff.
757 2442 836 2478 139,
863 2451 929 2473 sec.
959 2429 961 2490 l

73 2494 150 2533 xiv.⁷
174 2495 263 2529 binis
290 2496 459 2530 columnis
478 2502 660 2536 exaratus;
687 2496 769 2530 olim
789 2496 930 2530 Thomae
959 2491 961 2537 l

75 2550 228 2597 Cranley,
247 2554 396 2599 archiep.
417 2554 653 2587 Dnblinensis.
958 2551 961 2567 ¹

91 2609 120 2641 S.
132 2612 286 2644 Johannis
299 2614 522 2655 Chrysostomi,
536 2614 681 2645 Homiliae
698 2614 728 2644 in
742 2614 928 2646 S.Matthaei
958 2573 960 2652 l

112 2665 301 2705 evangelium
318 2666 544 2707 quinquaginta
560 2670 688 2706 septem,
706 2677 775 2695 cum
791 2666 928 2706 prologo.

154 2714 360 2748 Consentiunt
381 2729 450 2748 cum
476 2717 544 2748 istis
572 2717 601 2746 in
625 2717 783 2747 codicibus
807 2717 929 2747 duobus

132 2767 376 2805 praecedentibus
392 2768 557 2799 contentis.

1833 153 1873 183 15

1103 242 1137 272 ln
1149 254 1203 273 ora
1218 243 1268 273 sol.
1281 244 1297 274 i.
1312 246 1471 285 superiori.
1488 254 1504 261 ‘⁴
1521 246 1612 277 Liber
1623 247 1741 277 'l'homc
1754 249 1874 280 (Ji-aule.

1078 294 1299 336 archiepiscopi
1325 296 1532 332 Dublinensis,
1558 309 1647 338 quem
1671 299 1745 328 omit
1769 299 1806 327 ‹h-
1829 299 1873 329 M.

1080 345 1207 375 Nicolao
1232 347 1355 387 Schyts,
1379 359 1461 378 anno
1488 349 1610 379 Domini
1641 350 1814 390 m.cccc.iij.
1843 357 1874 380 et

1080 396 1205 427 llcnrici
1223 398 1326 438 quarti
1349 404 1469 439 quarto,
1487 404 1519 430 et
1539 412 1620 430 anno
1636 402 1874 431 consecrationis

1078 448 1189 487 profati
1206 449 1428 491 archiepiscopi
1445 452 1564 481 sexto.”

1102 499 1142 529 lsst
1166 500 1195 529 in
1220 500 1353 531 inferiori
1376 503 1521 543 margine,
1546 510 1563 518 ‘¹
1581 503 1671 533 Liber
1689 504 1826 534 custodis
1842 511 1873 533 (ει

1078 550 1229 581 sociorum
1255 552 1372 593 collegii
1398 554 1488 584 beate
1515 555 1615 585 Mario
1638 555 1676 585 ‹lc
1703 555 1873 596 lVyntonia

1078 601 1107 630 in
1125 602 1247 632 Oxonia
1268 615 1303 632 ex
1325 604 1405 634 ‹lono
1429 607 1609 636 venerabilis
1633 607 1731 648 patris
1755 607 1872 637 Thome

1078 652 1199 689 Urale
1226 654 1446 696 archicpiscopi
1476 658 1683 693 Dnblinvnsis,
1716 660 1871 699 quondam

1075 704 1202 734 scolaris
1219 706 1329 736 deinde
1353 708 1425 737 socii
1447 720 1482 738 ac
1506 710 1627 739 demum
1650 711 1786 740 custodis
1809 712 1868 741 col-

1079 755 1148 796 logii
1177 756 1320 795 predicti,
1349 758 1399 798 qui
1425 759 1582 790 humiliter
1612 761 1690 801 petit
1720 762 1871 799 suffragiis

1077 807 1286 847 predictorum
1300 810 1436 840 custodis
1449 811 1598 842 sociorum
1612 818 1643 843 vt
1656 813 1783 843 aliorum
1798 814 1870 844 inihi

1077 858 1181 888 divina
1201 859 1424 890 celcbrancium
1444 863 1582 902 adjuvari
1603 865 1683 903 apud
1702 865 1871 895 misericor-

1077 909 1235 939 dissimum
1254 910 1383 941 Deuni.”

1381 1007 1482 1042 LIII.

992 1065 1112 1099 Codex
1148 1067 1440 1107 membranaceus,
1469 1071 1503 1103 in
1531 1071 1621 1110 folio,
1646 1073 1777 1111 st1239.
1806 1087 1870 1108 sec.

1015 1125 1094 1164 xiv„
1117 1125 1205 1159 binis
1224 1127 1393 1161 columnis
1412 1129 1520 1162 nitide
1539 1137 1707 1164 exaratus.

1034 1193 1155 1224 Nicolai
1175 1195 1320 1232 Gorrani,
1337 1197 1399 1227 sive
1415 1197 1453 1227 (le
1470 1197 1619 1233 Gorham,
1638 1200 1701 1230 ord.
1720 1201 1872 1232 Przedica-

1052 1250 1165 1281 torum,
1184 1245 1214 1276 in
1238 1246 1271 1277 S.
1287 1247 1379 1278 Lucae
1397 1247 1599 1289 Evangelium
1623 1254 1871 1283 commentarius.

1053 1308 1123 1327 cum
1139 1297 1278 1339 prologo.

1097 1347 1212 1379 Exstat
1230 1349 1368 1390 impress.
1386 1350 1416 1380 in
1433 1350 1484 1380 fol.
1504 1351 1600 1392 Lugd.
1625 1354 1714 1393 1693,
1731 1365 1870 1384 unacum

1074 1401 1303 1431 commentariis
1320 1413 1412 1442 super
1428 1402 1545 1444 reliqua
1563 1403 1740 1445 Evangelia.

1098 1443 1133 1472 In
1150 1443 1241 1476 calce.

1053 1505 1080 1523 a.
1098 1493 1153 1524 SS.
1167 1494 1407 1535 Evangeliorum
1425 1500 1559 1536 quatuor
1574 1497 1744 1528 harmonia.

1052 1553 1081 1583 b.
1100 1553 1220 1584 Tabula
1246 1565 1348 1584 rerum
1378 1555 1408 1584 in
1438 1566 1529 1595 opere
1560 1556 1739 1596 supradicto
1766 1558 1870 1598 alpha·

1116 1604 1225 1635 betica.

990 1735 1289 1771 Mcmbranaceus.
1315 1738 1348 1770 in
1370 1740 1440 1775 4to,
1461 1738 1493 1771 ff.
1514 1738 1571 1778 68,
1591 1751 1658 1773 sec.
1680 1741 1789 1773 forsan
1811 1742 1867 1773 xii.

1012 1796 1192 1833 excuntis;
1225 1795 1305 1828 olim
1343 1796 1516 1840 peculium
1559 1798 1697 1831 Roberti
1735 1800 1869 1842 preshy-

964 1862 965 1866 ’
1012 1853 1088 1892 teri,
1117 1859 1235 1897 postea
1263 1853 1361 1887 Will.
1395 1854 1596 1891 IVickhanl,
1625 1868 1677 1900 ep.
1711 1856 1866 1889 winton.

1011 1915 1047 1943 et
1065 1910 1143 1943 coll.
1164 1911 1255 1944 Nov.
1276 1911 1476 1945 fundatoris.

1030 1971 1228 2001 S.J011a1111is
1252 1971 1466 2012 Evangelium,
1488 1972 1519 2002 S.
1533 1972 1714 2014 Hieronymi
1732 1974 1865 2015 prologo.

1049 2022 1219 2064 glossisque
1249 2023 1439 2054 interlineari
1473 2030 1567 2064 atque
1600 2025 1754 2054 ordinaria
1785 2026 1864 2055 illus·-

1049 2078 1176 2104 tratum.

1095 2125 1132 2154 In
1149 2125 1241 2161 calce,
1267 2132 1337 2166 post
1360 2125 1510 2167 glossulas
1533 2126 1609 2156 alias
1628 2138 1795 2167 perpaucas
1819 2139 1862 2156 se-

1070 2176 1176 2216 quitur
1210 2177 1324 2207 notitia
1358 2177 1396 2207 de
1432 2177 1624 2218 temporibus
1659 2177 1802 2217 locisque.
1836 2178 1863 2206 in

1071 2227 1181 2268 quibus
1197 2228 1314 2269 scripta
1330 2234 1402 2259 sunt
1418 2228 1576 2269 evangelia
1592 2236 1732 2268 quatuor.

1093 2278 1310 2316 praemittitur,
1330 2286 1347 2295 ‘¹
1360 2280 1454 2310 Liber
1469 2280 1598 2321 collegii,
1611 2291 1647 2309 ex
1664 2280 1744 2309 dono
1757 2281 1864 2310 sunda-

1070 2330 1147 2360 toris
1174 2335 1205 2361 et
1231 2331 1366 2361 habetur
1392 2331 1422 2361 in
1451 2331 1614 2370 Registro3
1642 2330 1752 2360 Glossa
1781 2342 1862 2360 com-

1070 2381 1170 2411 munis
1193 2393 1285 2422 super
1307 2382 1526 2415 J0l1a11ncm;”
1553 2386 1584 2411 ct
1611 2381 1640 2410 in
1663 2381 1712 2410 fol
1734 2391 1748 2410 ι
1766 2392 1861 2421 marg.

1069 2442 1183 2472 super,
1216 2439 1234 2447 “
1256 2433 1348 2464 Liber
1378 2433 1508 2463 Roberti
1540 2432 1725 2473 presbiteri:
1765 2433 1863 2462 Evan-

1068 2482 1181 2523 gelium
1197 2483 1371 2519 Johannis3
1390 2484 1481 2525 precii
1500 2484 1560 2523 xiij.
1574 2495 1596 2512 s.
1611 2483 1660 2521 iiij.
1674 2483 1721 2512 df*

1384 2585 1459 2619 LV.

986 2648 1285 2685 Membranaccus.
1304 2650 1337 2682 in
1357 2652 1428 2687 4to,
1449 2648 1480 2681 ff.
1503 2651 1580 2683 138.
1600 2660 1665 2681 sec.
1682 2650 1760 2684 xii.:
1779 2649 1860 2682 olim

1006 2706 1147 2741 Thomae
1177 2707 1317 2745 Trillek,
1349 2707 1498 2751 episcopi
1533 2706 1710 2741 Roffensis,
1744 2714 1862 2751 postea

1007 2764 1171 2797 Gulielmi
1194 2764 1300 2801 Reed,
1319 2764 1421 2807 episc.
1442 2763 1673 2796 Cicestrensis.
