2254 3117
635 158 873 193 COLLEGII
903 158 1277 194 MERTONENSIS.
1841 166 1861 194 :3

39 259 68 289 3.
86 257 231 288 Homiliae
247 261 372 288 centum
388 256 520 298 triginta
535 260 680 298 quatuor.
704 255 755 286 fol.
771 254 838 287 168.

124 313 186 344 Tit.
199 312 219 343 i.
239 318 257 330 ·⁴
270 312 379 344 Sermo
397 311 567 353 Augustini
583 311 621 341 de
637 310 772 341 secundo
788 310 925 340 adventu

105 363 264 395 Domini.”

126 418 224 460 Incip.
242 418 366 449 “Diem
390 417 589 448 novissimum
614 416 727 447 scimus
750 420 924 453 venturum,

103 470 225 501 utiliter
240 474 346 501 autem
363 469 476 500 scimus
491 468 683 499 venturuni.”

126 525 193 556 Ult.
205 529 263 563 est,
276 525 315 555 de
331 523 536 555 consonantia
552 523 606 554 SS.
623 523 770 554 Matthaei
787 527 819 554 et
833 523 926 554 Lucae

104 576 135 607 in
157 576 410 618 generationibus
434 575 586 611 Domini;
615 575 707 616 incip.
731 579 751 593 “
769 575 927 616 Expecta—

103 628 220 659 tionem
236 632 373 658 vestram
388 630 421 658 et
437 631 539 659 vestre
555 627 699 658 caritatis
709 628 738 662 ;”
761 628 833 658 ibid.
849 632 924 659 tom.

104 691 132 711 v.
148 679 204 711 001.
221 680 293 711 282.

126 735 164 766 In
189 735 282 771 calce,
312 737 332 752 ‘⁴
350 733 489 776 Explicit
520 735 616 767 tertia
646 746 719 776 pars
749 745 926 766 sermonum

104 786 225 818 Aurelii
241 786 440 827 Augustini.”

132 842 209 873 Post
233 842 401 873 secundam
424 841 583 872 homiliam
607 841 726 872 inserta
747 844 796 872 est
819 841 928 872 tabula

104 893 307 933 materiarum
337 893 559 934 alphabetica3
595 897 627 924 et
652 893 683 923 in
710 892 793 923 calce
819 892 928 923 tabula

104 945 301 976 homiliarum
318 944 466 975 omnium.

125 1000 335 1031 Praemittitur
356 999 502 1031 Psalterii
525 999 737 1041 fragmentum
760 1010 798 1030 ex
821 998 926 1030 codice

104 1050 239 1091 quodam
255 1050 464 1081 ecclesiastico
480 1049 628 1080 evulsum.

438 1181 525 1216 VII.

41 1239 161 1274 Codex
172 1240 470 1279 membranaceus,
483 1240 517 1274 in
530 1240 623 1279 folio,
636 1240 670 1274 ff.
681 1243 762 1280 370,
774 1252 842 1274 sec.
856 1241 927 1274 xiii.

65 1298 237 1336 exeuntis,
253 1298 341 1332 binis
360 1298 530 1333 columnis
548 1299 660 1333 nitide
679 1304 864 1339 exaratus3
883 1310 927 1332 ex

66 1357 156 1390 dono
180 1356 534 1395 JohAVarkeworth,
562 1357 645 1391 socii
673 1357 750 1391 coll.
772 1357 927 1391 Mel-ton.

65 1419 100 1449 et
118 1420 238 1460 postea
255 1415 412 1461 magistri
432 1415 509 1449 coll.
530 1415 565 1450 S.
583 1415 677 1449 Petri
697 1416 898 1462 Cantabrig.

82 1478 187 1510 Biblia
216 1479 314 1510 Sacra
345 1479 512 1517 Universa,
543 1492 583 1511 ex
615 1481 757 1511 versione
790 1481 928 1522 vulgata,

104 1529 135 1561 S.
154 1530 338 1572 Hieronymi
362 1531 499 1573 prologis
522 1532 728 1574 glossulisque
751 1533 927 1574 marginali-

106 1581 164 1612 bus
179 1581 229 1613 hie
245 1582 305 1612 illic
322 1582 486 1614 instructa.

147 1641 185 1672 In
202 1642 286 1673 calce
302 1646 350 1673 est
366 1643 577 1674 tetrastichon
593 1655 736 1685 sequens,

93 1696 113 1710 “
128 1692 197 1723 Hec
213 1697 270 1729 est,
288 1705 306 1724 o
322 1693 431 1731 lector,
449 1694 548 1725 nostri
564 1706 637 1736 pars
653 1695 754 1736 prima
769 1696 894 1733 laboris,

125 1743 238 1776 Cetera
254 1745 416 1786 Scripture
431 1746 575 1777 fortassis
591 1750 683 1778 erunt
700 1747 855 1781 melioris;

125 1795 181 1826 Me
196 1796 234 1826 de
250 1797 344 1827 corde
360 1797 442 1827 bono
458 1808 579 1828 summo
596 1798 757 1829 committe
773 1803 916 1840 patrono,

127 1846 175 1878 Ut
187 1847 303 1889 jungar
318 1848 445 1879 Christo
457 1849 524 1890 jam
540 1860 670 1891 corpore
686 1849 764 1880 liber
778 1850 819 1880 ab
834 1850 927 1881 isto.”

148 1909 296 1951 Sequitur
320 1910 548 1952 Interpretatio
572 1913 731 1943 nominum
756 1913 928 1944 Hebraico-

126 1972 194 1992 rum
211 1963 380 1993 secundum
398 1962 574 2005 Remigium
592 1965 905 1997 Autissiodorensem.

148 2013 358 2045 Praemittitur
382 2015 480 2046 codici
505 2016 629 2053 notitia,
655 2022 675 2034 “
693 2017 787 2048 Liber
808 2018 928 2059 collegii

125 2065 163 2095 de
182 2065 331 2096 Mertona
353 2066 384 2096 in
409 2067 513 2097 Oxon.
537 2079 575 2098 ex
599 2068 682 2098 dono
705 2069 847 2110 magistri
871 2069 927 2100 Jo-

126 2115 237 2146 hannis
253 2116 489 2154 Warkeworth,
507 2130 606 2160 nuper
622 2120 696 2150 socii
713 2120 851 2161 ejusdem
868 2121 928 2151 col-

127 2166 207 2208 legii,
224 2172 256 2198 et
279 2174 389 2209 postea
413 2175 481 2201 erat
504 2171 656 2212 magister
679 2171 799 2213 collegii
820 2172 927 2203 Sancti

126 2217 213 2249 Petri
235 2219 267 2249 in
290 2220 506 2263 Cantabrigia,
532 2222 589 2252 sub
613 2233 694 2264 pena
716 2223 929 2256 anathematis

125 2269 301 2301 nullatenus
316 2271 528 2303 alienandus.”

425 2389 533 2423 VIII.

47 2442 346 2487 Membranaceus,
366 2447 400 2480 in
420 2447 514 2486 folio,
534 2449 568 2482 ff.
587 2452 667 2490 192,
687 2462 752 2485 sec.
771 2453 843 2486 xiii.
871 2465 930 2487 ex-

69 2503 193 2543 euntis,
220 2504 330 2538 nitide
357 2511 539 2547 exaratus3
573 2519 617 2541 ex
645 2509 736 2543 dono
756 2509 929 2545 willelmi

69 2558 177 2601 Reed,
196 2562 347 2608 episcopi
367 2563 603 2599 Cicestrensis.

88 2623 175 2655 Petri
200 2626 239 2656 de
263 2626 345 2668 Riga
370 2627 448 2658 liber
472 2628 524 2668 qui
548 2629 664 2660 dicitur
680 2631 814 2668 Aurora,
840 2643 929 2673 para-

107 2673 229 2715 phrasis
266 2677 383 2708 scilicet
420 2678 570 2709 librorum
604 2680 668 2711 sere
705 2683 842 2713 omnium
873 2684 928 2715 SS.

110 2725 352 2767 Scfipturarum,
381 2740 443 2760 una
469 2740 538 2760 cum
568 2732 827 2773 recapitulatione
853 2735 929 2766 utri-

110 2788 207 2819 usque
226 2779 430 2818 Testamenti,
447 2782 584 2814 carmine
606 2784 761 2826 praecipue
784 2786 928 2828 elegiaco,

1020 256 1135 296 partim
1161 257 1343 289 hexametro
1367 269 1466 298 coque
1491 258 1680 299 rhythmico,
1703 270 1773 289 cum
1796 270 1864 300 pro·

1019 306 1096 348 logis
1113 308 1223 339 tribus.

1043 363 1104 393 Tit.
1123 370 1140 379 ‘⁶
1154 363 1269 405 Incipit
1285 365 1430 405 prolog-us
1447 377 1539 407 snper
1557 367 1743 397 Auroram?

1044 414 1141 456 Incip.
1159 415 1234 456 prol.
1248 416 1268 447 i.
1286 421 1304 433 “
1315 417 1423 447 Omnis
1441 418 1595 459 scriptura
1611 418 1787 449 divinitus*

1044 465 1142 506 Incip.
1159 467 1235 507 prol.
1248 467 1281 497 11.
1299 472 1318 485 ‘⁸
1331 468 1471 499 Accedat
1489 469 1584 510 igitur
1600 470 1774 510 parvulus?

1044 515 1142 557 Incip.
1160 517 1236 557 prol.
1249 517 1292 548 iii.
1313 522 1332 535 ‘⁵
1348 519 1507 559 Frequens
1523 520 1676 550 sodalium
1695 523 1863 551 1neorum.’“

1044 571 1184 602 Exstant
1206 572 1356 613 impress,
1375 585 1393 603 a
1418 574 1552 615 Lcysero
1574 575 1604 605 in
1621 575 1719 605 lucem
1735 576 1811 608 dati.
1830 576 1859 605 in

1025 623 1146 654 Hister.
1160 623 1249 654 Poes.
1261 624 1347 655 Med.
1359 626 1446 661 AEvi,
1460 637 1489 667 p.
1501 628 1574 665 692,
1587 638 1682 668 seqq„
1698 628 1750 668 qui
1767 627 1864 658 edidit

1024 673 1119 705 etiam
1146 674 1451 715 Recapitulationem
1479 677 1640 718 utriusque
1669 678 1862 709 Testamenti

1023 736 1118 766 supra
1133 730 1348 756 memoratam.

1110 779 1209 820 Incip.
1226 791 1315 821 011113,

1045 836 1064 848 “
1079 831 1211 862 Inicium
1226 832 1333 862 mundi
1351 832 1456 873 quales
1472 833 1512 863 ab
1528 833 1646 873 origine
1662 834 1761 874 prima

1078 881 1189 912 Traxit
1204 882 1244 912 ab
1260 882 1390 913 artificis
1406 883 1582 914 conditione
1600 884 1710 915 vices.”

1045 936 1153 968 Codex
1181 942 1288 969 noster
1314 949 1390 979 opus
1418 938 1512 969 habet
1540 939 1732 976 distinctmn,
1758 946 1790 971 ut
1820 952 1863 971 se-

1024 989 1142 1030 quittu·,

981 1062 1009 1082 a.
1027 1051 1266 1083 Testamentum
1278 1060 1377 1089 vetus,
1392 1053 1500 1083 ordine
1516 1054 1666 1094 sequenti.
1681 1055 1809 1085 Genesis
1825 1056 1865 1085 ad

1046 1103 1169 1144 Regum
1196 1104 1310 1134 librum
1335 1116 1375 1135 ιν.
1400 1104 1557 1141 inclusive,
1584 1105 1711 1141 Tobias,
1740 1106 1864 1142 Daniel,

1046 1155 1196 1186 Susannae
1227 1156 1370 1192 historia,
1399 1156 1454 1187 Bel
1485 1161 1517 1187 et
1548 1156 1714 1193 Draconis,
1740 1158 1864 1191 Ju‹lith,

1048 1207 1174 1243 Hester,
1193 1207 1454 1238 Maccabzrorum.
1479 1208 1529 1238 fol.
1545 1209 1572 1238 8.

1089 1262 1127 1293 In
1143 1263 1236 1301 calce,
1254 1269 1272 1281 ‘⁴
1285 1264 1422 1305 Explicit
1440 1263 1541 1295 Vetus
1558 1264 1823 1295 Testamentum.'‘

982 1331 1012 1361 b.
1030 1331 1268 1362 Testamentum
1285 1331 1416 1362 Novum.
1441 1331 1492 1363 fol.
1508 1341 1576 1371 114.

1091 1386 1189 1427 Incip.

1029 1442 1046 1454 ⁴²
1061 1437 1139 1469 Post
1154 1438 1253 1480 legem
1270 1442 1407 1469 veterem
1424 1439 1552 1480 respira,
1571 1439 1676 1477 Petre,
1694 1440 1823 1481 refulget

1059 1487 1127 1518 Lux
1144 1499 1234 1524 nova,
1251 1489 1299 1520 fac
1316 1500 1422 1520 versus
1438 1490 1476 1520 dc
1492 1489 1630 1521 novitate
1646 1492 1768 1520 novos.“

983 1566 1008 1586 0.
1026 1555 1311 1598 Recapitulationes
1334 1558 1496 1599 utriusque
1513 1559 1707 1589 Testamenti
1725 1571 1780 1600 per
1795 1561 1867 1590 xxii.

1047 1608 1275 1646 distinctiones,
1294 1610 1343 1650 [ut
1359 1610 1442 1650 apud
1460 1609 1655 1651 Leyserum.]
1682 1610 1732 1641 fol.
1746 1614 1815 1649 148.

983 1671 1014 1701 d.
1032 1671 1133 1701 Actus
1149 1671 1382 1712 Apostolorum.
1409 1673 1458 1704 fol.
1475 1674 1572 1715 1531).

1091 1728 1189 1770 Incip.

1027 1785 1045 1797 ‘⁴
1057 1779 1181 1820 Tyberii
1198 1791 1280 1810 nono
1296 1781 1415 1811 decimo
1432 1783 1592 1823 regnantis
1608 1783 1638 1813 in
1655 1784 1765 1814 annos

1070 1835 1218 1876 Sequitur
1235 1840 1252 1853 ‘⁴
1266 1836 1448 1867 Misterium
1464 1838 1502 1868 de
1521 1849 1602 1879 agno
1619 1840 1775 1880 paschali;
1800 1852 1867 1881 qua·

1047 1887 1171 1927 quidem
1188 1887 1290 1918 editor
1306 1888 1487 1926 transierat,
1503 1894 1662 1920 corrector
1679 1891 1822 1931 apposuit
1840 1893 1867 1921 ;’“

1047 1937 1138 1978 incip.

1026 1992 1045 2005 ‘⁶
1056 1987 1102 2018 Ut
1118 1987 1194 2029 legis
1211 1989 1370 2030 Egyptum
1388 1989 1542 2021 Dominus
1558 1992 1710 2032 percussit
1727 2000 1756 2022 et
1775 1993 1867 2032 eiuss'

983 2063 1009 2082 e.
1029 2051 1159 2082 Cantica
1175 2052 1387 2090 Canticorum,
1405 2055 1519 2096 praevio
1535 2056 1671 2097 prologo.
1697 2056 1746 2087 fol.
1765 2066 1830 2093 172.

1068 2103 1131 2134 Tit.
1151 2110 1168 2118 “
1182 2103 1298 2146 Incipit
1315 2106 1436 2137 Omelia
1456 2107 1557 2148 prima
1574 2108 1716 2149 Origenis
1737 2108 1766 2137 in
1784 2107 1864 2138 Can-

1047 2154 1118 2185 ticis
1134 2156 1365 2187 Canticorum.”

1091 2206 1190 2248 Incip.

1028 2268 1044 2274 ··
1059 2257 1149 2288 Solus
1166 2258 1316 2300 Origenes
1332 2272 1401 2291 cum
1417 2261 1527 2293 doctos
1542 2262 1650 2292 vicerit
1666 2262 1799 2292 onmes.“

983 2321 1002 2351 f.
1028 2320 1123 2351 Liber
1137 2322 1213 2359 Job,
1230 2334 1299 2354 cum
1315 2324 1460 2366 prologis.
1485 2325 1535 2355 fol.
1547 2326 1618 2356 181.

1090 2373 1188 2415 Incip.
1206 2375 1284 2415 prol.
1297 2375 1317 2406 i.

1028 2427 1045 2439 '⁴
1059 2423 1107 2453 Ex
1123 2423 1193 2454 libri
1211 2424 1325 2466 Moysi,
1342 2425 1449 2460 Josue,
1468 2426 1736 2468 Paralipomenon.
1752 2427 1843 2456 Jobt·

1090 2478 1188 2520 Incip.
1205 2479 1256 2510 lib.

1027 2534 1044 2545 “
1058 2529 1168 2560 Nonne
1184 2530 1248 2561 Job
1265 2531 1311 2562 vir
1325 2537 1393 2562 erat
1410 2532 1540 2573 simplex
1555 2538 1585 2563 et
1598 2533 1676 2573 juris
1693 2534 1843 2563 amator?

1069 2584 1150 2615 Sunt-
1173 2585 1204 2615 in
1228 2586 1317 2617 initio
1341 2587 1454 2617 codicis
1478 2592 1596 2628 septem
1611 2595 1643 2617 ct
1660 2587 1689 2616 in
1706 2587 1788 2617 calce
1804 2588 1865 2618 tria

1046 2635 1131 2673 folia,
1150 2647 1220 2677 quae
1243 2637 1360 2668 habent
1384 2638 1451 2668 loca
1474 2638 1568 2672 varia,
1592 2637 1632 2668 ad
1656 2648 1733 2677 opus
1756 2649 1863 2679 supra-

1046 2687 1164 2718 dictum
1195 2688 1394 2729 pertinentia,
1426 2689 1535 2719 scribae
1565 2688 1669 2718 forsan
1700 2689 1818 2719 incuria
1847 2702 1864 2720 a

1046 2741 1135 2768 textu
1160 2739 1285 2776 omissa,
1304 2739 1351 2770 vel
1374 2751 1390 2769 e
1415 2740 1519 2770 codice
1542 2739 1641 2770 altero
1664 2745 1773 2781 postea
1796 2753 1862 2782 sup-

1047 2789 1142 2831 pleta.
