2254 3117
362 160 409 194 70

491 254 553 285 Tit.
570 258 587 270 “
602 252 826 283 Meditaciones
842 250 931 281 Beati
948 249 1098 280 Anselmi.
1140 249 1242 280 Medi-

470 305 551 336 tacio
567 305 607 335 ad
623 303 820 334 excitandum
835 301 980 331 morem?³

492 355 590 396 Incip.
610 355 628 384 i.
651 359 667 370 ‘⁴
681 353 793 383 Terret
815 363 864 382 me
887 351 952 382 vita
973 352 1082 385 mea?
1105 356 1140 382 ut
1163 351 1244 382 inter
1273 370 1274 392 1

470 417 541 447 opp.
558 417 586 446 p.
604 413 672 443 207.

387 459 416 488 8.
434 458 581 497 Ejusdem
597 455 788 495 proslogion.
812 454 863 485 fol.
880 464 948 496 203.

493 508 554 539 Tit.
577 513 594 524 ⁴⁴
608 507 810 547 Soliloquium
831 506 980 543 Anselmi,
998 506 1087 537 Cant.
1111 505 1245 546 archiep.
1275 537 1276 541 ,

471 559 548 590 fides
564 570 694 600 querens
710 557 927 588 intellectu1n.⁷'

496 610 573 640 lbid.
592 621 621 649 p.
638 620 685 648 29.

494 659 640 700 Sequitur
655 659 817 689 Johannes
838 659 875 689 de
897 659 1013 693 Scalis;
1038 658 1130 697 incip.
1149 662 1166 674 ⁴²
1180 656 1248 687 Pri-

472 722 555 741 mum
572 715 619 741 est
636 710 833 751 principales*

390 764 416 792 4.
435 762 583 803 Ejusdem
599 766 606 778 ‘
621 761 684 792 Cur
700 761 784 791 Deus
803 761 914 798 homo}
930 761 1015 791 libris
1034 760 1164 794 dnobus,
1181 769 1250 788 cum

452 812 579 853 prologo
595 816 626 842 et
642 811 794 852 capitulis.
820 811 870 841 fol.
885 820 942 850 207
958 812 987 841 b.

496 863 557 893 Tit.
577 867 596 879 “
614 863 725 904 Incipit
748 863 892 904 prologus
916 863 946 893 in
966 862 1078 892 librum
1098 859 1249 895 Anselmi‚
1279 869 1280 877 ¹

475 914 538 945 Cur
554 914 640 944 Deus
656 914 779 944 homo.’'

501 965 577 996 lbid.
595 977 624 1006 p.
639 973 686 1005 74.

498 1018 676 1058 Sequuntur
697 1017 816 1047 notitiae
838 1017 1016 1047 cautionum
1033 1015 1107 1046 Joh.
1127 1015 1164 1044 de
1181 1014 1252 1044 Lul-

477 1069 604 1110 lyngton
620 1069 651 1098 in
667 1079 745 1098 nova
763 1068 841 1098 cista
857 1067 1080 1098 Universitatis
1100 1066 1253 1106 exposita·
1282 1074 1283 1079 ¹

477 1131 545 1150 rum
566 1130 653 1160 1339,
675 1129 754 1159 1340
769 1123 801 1149 et
821 1128 910 1159 1342.

716 1201 905 1235 CCXXII.

373 1266 495 1300 Codex
524 1265 815 1303 membranaceus,
847 1264 881 1297 in
918 1263 1010 1303 folio,
1041 1263 1074 1295 ff.
1099 1261 1157 1301 76,
1189 1273 1254 1294 see.

399 1324 482 1363 xiii„
498 1323 586 1356 binis
604 1322 772 1356 columnis
791 1322 879 1355 bene
898 1326 1079 1360 exaratum
1104 1332 1147 1353 ex
1167 1320 1256 1353 dono

401 1381 500 1414 Will.
519 1381 622 1425 Gray.

417 1441 560 1472 Gulielmi
592 1441 629 1470 (le
662 1440 834 1477 Montibus,
867 1439 1002 1470 ecclesiae
1037 1437 1258 1468 Lincolriiensis

439 1492 587 1527 canonici,
604 1503 709 1533 opera,
726 1503 793 1532 quae
810 1497 991 1532 sequuntur,

399 1546 427 1575 1.
445 1543 677 1579 Similitudines,
694 1554 763 1573 cum
784 1542 934 1583 prooemio
950 1546 981 1572 et
997 1541 1104 1572 tabula
1123 1540 1258 1570 locorum

462 1595 668 1626 communium
684 1594 890 1636 alphabetica.
915 1593 965 1623 fol.
981 1602 1008 1622 2.

505 1647 566 1677 Tit.
596 1652 613 1662 ⁶*
630 1645 774 1687 Capitula
800 1645 879 1681 libri,
909 1645 959 1685 qui
988 1643 1261 1675 Similitudinarius

485 1698 631 1728 (licitur.’'

510 1750 602 1790 Incip.
629 1760 757 1789 procem.
786 1754 803 1764 '⁵
820 1748 870 1778 Ad
898 1747 1116 1778 declarandum
1143 1747 1173 1776 in
1200 1757 1261 1775 ser-

486 1812 575 1831 mone
592 1811 784 1841 quocumque
800 1799 1021 1840 propositums'

509 1852 606 1893 Incip.
622 1851 673 1881 lib.
691 1856 708 1867 “
722 1851 846 1882 Ciconia
862 1854 932 1891 post
949 1849 1133 1891 pullornm.”

403 1906 432 1934 Q.
449 1904 497 1934 De
513 1903 623 1944 Tropis
638 1903 723 1932 liber.
747 1901 798 1931 fol.
815 1911 850 1940 27
865 1902 894 1931 b.

510 1955 572 1985 Tit.
591 1959 608 1970 “
626 1953 779 1994 Incipiunt
794 1953 876 1993 tropi
896 1951 1035 1992 magistri
1052 1951 1101 1981 W.
1119 1951 1157 1981 de
1174 1951 1264 1980 Mon-

490 2006 584 2042 tibus,
601 2004 739 2035 eanonici
755 2004 880 2035 ecclesie
898 2003 1146 2033 11111001111011515.Ἢ

514 2057 610 2098 Incip.
628 2062 645 2073 ‘⁴
659 2056 719 2087 Dei
736 2056 818 2086 dona
833 2055 1073 2096 dispensamusf*

408 2112 436 2141 3.
454 2109 627 2145 Numerale,
645 2119 713 2139 cum
730 2107 867 2149 prologo.
891 2107 941 2137 fol.
955 2107 995 2145 48
1008 2106 1037 2136 b.

514 2159 576 2189 Tit.
602 2158 750 2198 “Incipit
773 2157 929 2187 numerale
954 2156 1095 2197 magistri
1118 2155 1267 2185 willelmi

495 2211 533 2240 de
549 2209 723 2245 Montibus,
740 2207 878 2238 canonici
896 2207 1117 2238 Lincolniensis
1134 2206 1268 2237 eeclesiae

495 2262 534 2292 ab
549 2272 611 2291 uno
626 2271 723 2301 usque
738 2260 778 2290 ad
795 2254 987 2289 (luo(leci1n.”

518 2313 615 2354 Incip.
634 2312 710 2353 prol.
728 2315 745 2327 ‘⁵
760 2310 996 2341 Introdueendis
1010 2310 1042 2340 in
1058 2310 1270 2340 streultatemf’

518 2364 615 2405 Incip.
629 2374 714 2404 opus.
729 2367 746 2379 ⁴⁴
758 2362 849 2392 Unus
864 2361 1027 2392 Dominus.
1068 2361 1184 2391 Contra
1200 2364 1271 2390 sunt

498 2414 622 2446 Domini
646 2413 744 2449 multi,
768 2412 961 2453 Respondeo,
986 2411 1136 2442 Dominus
1159 2411 1273 2442 dicitur

498 2465 775 2498 substantialiter.'’

522 2519 557 2548 In
581 2517 673 2553 ealce,
690 2521 708 2534 ‘⁶
724 2515 859 2557 Explicit
878 2515 1036 2556 numerale
1059 2514 1196 2555 magistri
1216 2514 1270 2545 W.

499 2569 636 2600 canonici
652 2567 777 2599 ecclesie
795 2566 1043 2597 [111001111011515.Ἢ

731 2647 940 2682 CCXXIII.

398 2712 695 2751 Membranaceus,
720 2712 755 2744 in
781 2710 872 2749 folio,
897 2708 930 2742 ff.
950 2711 1030 2747 255,
1055 2720 1120 2741 sec.
1139 2709 1197 2741 xii.
1216 2719 1275 2742 ex-

422 2770 544 2808 euntis,
563 2769 652 2803 binis
670 2768 838 2802 columnis
856 2767 986 2812 optime
1005 2770 1173 2800 exaratus.

920 151 1219 186 CATALOGUS
1247 150 1481 186 CODICUM
1510 151 1618 186 MSS.

1335 250 1496 280 Laurentii
1511 249 1635 280 abbatis
1651 249 1814 280 Sermones
1830 249 1868 279 de
1883 248 2030 279 Adventu
2047 247 2171 278 Domini

1356 305 1388 332 et
1401 301 1438 331 de
1450 301 1518 331 aliis
1530 301 1616 331 festis
1632 312 1686 341 per
1699 300 1770 331 anni
1783 299 1940 337 circulum,
1953 310 2080 330 numero
2093 299 2172 329 xcix.

1423 351 1518 392 Incip.
1542 351 1560 382 i.
1586 356 1603 368 “
1619 351 1744 392 D[ecet]
1768 355 1803 381 ut
1826 354 1895 382 tota
1920 361 1989 381 cum
2012 349 2174 380 devotione

1402 401 1526 431 Domini
1538 402 1726 432 celebremus
1739 402 1917 432 Adventum
1927 400 2072 431 delectati
2085 404 2175 431 tanta

1401 453 1642 483 consolacione.”

1424 505 1587 535 Sermones
1608 508 1741 545 quatuor
1763 504 1893 535 extremi
1914 507 1987 534 sunt
2008 504 2039 533 in
2059 502 2177 543 jejunio

1404 559 1538 596 quatuor
1552 559 1727 597 temporum
1743 560 1774 586 et
1790 555 1830 586 ad
1846 555 2021 586 sacerdotes
2037 553 2156 584 directi.

1427 606 1493 637 Ult.
1507 606 1596 648 incip.
1611 612 1629 624 “
1642 607 1740 637 Labia
1755 607 1943 641 sacerdotis;
1962 610 2020 637 etc.
2050 605 2178 641 Audite,

1405 657 1518 687 fratres
1533 657 1703 688 charissimi
1717 662 1866 699 quantum
1879 658 2058 689 thesaurum
2071 657 2179 687 Domi-

1406 718 1463 737 nus
1478 708 1564 738 vobis
1580 708 1760 739 commisit.”

1430 758 1465 787 In
1482 758 1532 788 fol.
1550 769 1560 788 1
1580 759 1746 799 rejectanoi
1762 760 1854 789 dorso
1873 762 2010 795 notatur,
2028 762 2046 774 ‘⁶
2059 757 2121 788 Pro
2140 757 2181 786 lo-

1279 831 1281 862 1
1408 808 1530 839 cacione
1546 820 1705 849 equorum,
1723 810 1774 851 xij.
1788 810 1835 840 ‹l.”

1280 884 1281 936 l
1596 909 1801 944 CCXXIV.
1831 910 1893 955 (A.)

1281 1001 1282 1015 2
1304 976 1423 1009 Codex
1442 976 1734 1015 membranaceus,
1754 976 1788 1009 in
1807 975 1898 1014 folio,
1913 975 1946 1008 ff.
1960 978 2017 1014 98,
2036 986 2101 1008 sec.
2118 985 2183 1012 xv„

1282 1046 1283 1055 ¹
1329 1034 1554 1074 bicolum11is;
1581 1046 1625 1067 ex
1643 1035 1734 1067 (10110
1750 1033 1849 1067 Will.
1865 1033 1968 1078 Gray.

1348 1104 1473 1134 Ricardi
1497 1104 1595 1140 Rolle,
1620 1103 1756 1134 eremitae
1783 1103 1821 1133 de
1849 1101 2016 1143 Hampole,
2040 1101 2187 1143 opuscula

1370 1166 1439 1195 quze
1456 1159 1645 1195 sequuntur3

1329 1211 1356 1239 1.
1374 1210 1543 1240 Tractatus
1559 1220 1650 1250 super
1665 1209 1795 1240 Cantica
1812 1209 2019 1240 Canticorum.
2045 1208 2095 1238 fol.

1436 1260 1533 1301 Incip.
1552 1266 1569 1277 ²⁵
1583 1260 1682 1301 Super
1702 1260 1835 1301 primum
1851 1259 2044 1290 versiculum.
2087 1258 2189 1299 Suspi-

1414 1311 1512 1342 rantis
1528 1311 1638 1341 1111111111)
1655 1311 1770 1341 deliciis
1787 1315 1964 1342 eternorum
1980 1310 2068 1340 vox.''

1330 1366 1358 1394 ΞΖ.
1373 1363 1420 1393 De
1432 1374 1536 1393 amore
1548 1363 1607 1393 Dei
1620 1367 1652 1393 et
1662 1366 1770 1393 contra
1783 1362 1890 1393 mundi
1902 1366 2068 1392 amatores.
2086 1361 2106 1391 f.
2118 1361 2153 1391 18
2162 1361 2190 1390 b.

1437 1414 1531 1455 Incip.
1550 1418 1567 1430 “
1581 1413 1734 1453 Quoniam
1750 1414 2008 1444 1nundanorum.'’

1331 1468 1359 1496 53.
1377 1466 1424 1496 De
1441 1465 1636 1496 institutione
1652 1465 1732 1496 vitae.
1758 1465 1808 1496 fol.
1822 1475 1872 1505 31.

1438 1516 1535 1558 Incip.
1553 1522 1570 1533 ‘··
1585 1517 1630 1547 Ne
1648 1516 1768 1547 tardius
1784 1516 1950 1547 convert?

1333 1570 1360 1598 4.
1379 1568 1426 1598 De
1443 1567 1713 1609 contemplatione.
1739 1568 1790 1597 fol.
1806 1576 1843 1609 37
1859 1568 1887 1597 b.

1439 1619 1538 1660 Incip.
1557 1624 1574 1635 “
1587 1619 1816 1660 Contemplatio
1832 1618 1878 1648 vel
1894 1619 1974 1649 via.”

1333 1674 1362 1702 5.
1380 1671 1429 1701 De
1446 1670 1588 1701 incendio
1604 1670 1728 1700 amoris.
1752 1670 1802 1700 fol.
1816 1679 1866 1711 39.

1442 1721 1538 1763 Incip.
1558 1727 1575 1738 ‘⁶
1587 1721 1778 1751 Admirabar
1793 1719 1951 1761 amplius.”

1441 1773 1621 1813 Sequuntur
1646 1772 1802 1802 orationes
1831 1775 1863 1802 et
1892 1770 1954 1801 alia
1981 1769 2133 1800 minutula
2159 1770 2197 1800 de

1420 1823 1539 1854 meritis
1555 1824 1679 1853 visionis
1695 1823 1832 1864 corporis
1848 1821 1973 1857 Christi.
1990 1825 2048 1852 etc.

1337 1876 1365 1906 6.
1383 1875 1544 1914 Quomodo
1556 1875 1680 1914 perveni
1694 1875 1733 1904 ad
1750 1873 1925 1904 incendium
1938 1873 2062 1903 amoris.
2084 1871 2134 1902 fol.
2147 1881 2197 1911 47.

1444 1926 1544 1967 Incip.
1561 1930 1579 1943 ‘⁴
1597 1925 1776 1956 Incendium
1791 1924 1905 1955 amoris
1921 1924 1952 1954 in
1967 1923 2132 1955 animum.”

1338 1980 1366 2010 ’7.
1384 1978 1472 2008 Bona
1492 1981 1524 2007 et
1545 1977 1628 2007 utilis
1650 1976 1756 2007 tabula
1777 1976 1848 2006 fidei
1870 1975 2065 2011 Christianae,
2087 1975 2118 2004 in
2139 1984 2200 2014 qua

1402 2028 1609 2064 continentur,
1621 2028 1674 2058 secl
1687 2027 1819 2064 brevius,
1834 2036 1849 2067 7
1863 2027 1994 2058 virtutes
2007 2025 2199 2068 principales,

1405 2088 1420 2120 7
1438 2082 1567 2120 peccata
1582 2079 1745 2116 mortalia3
1767 2082 1824 2109 etc.
1849 2078 1900 2108 fol.
1914 2086 1965 2118 57.

1340 2139 1368 2166 ὃ.
1386 2135 1434 2166 De
1452 2134 1552 2164 modis
1573 2134 1762 2175 praedicandi
1778 2138 1810 2164 et
1825 2133 1887 2164 alia
1901 2133 1991 2175 plura
2006 2144 2061 2174 per
2076 2132 2202 2163 distinc-

1405 2187 1516 2222 tiones,
1530 2186 1568 2216 de
1584 2185 1699 2216 Christi
1716 2185 1896 2226 parentibus
1911 2188 1943 2215 et
1959 2183 2203 2225 consanguineis,

1298 2243 1300 2276 ξ
1406 2241 1464 2268 etc.
1488 2237 1538 2267 fol.
1552 2247 1592 2278 59
1605 2237 1635 2267 b.

1450 2288 1546 2329 Incip.
1565 2294 1582 2305 “
1596 2288 1776 2329 Increpacio
1792 2287 1970 2318 malormn.”

1344 2346 1373 2377 9.
1388 2343 1523 2374 Parvum
1532 2342 1554 2373 J
1558 2343 1608 2379 ob,
1620 2342 1682 2373 sive
1694 2342 1856 2373 Lectiones
1869 2351 1977 2371 novem
1989 2340 2020 2370 in
2030 2339 2082 2370 Ps.
2106 2339 2204 2370 Parce

1408 2394 1494 2431 mihi,
1511 2393 1652 2423 Domine.
1678 2393 1728 2423 fol.
1743 2393 1779 2423 61
1795 2393 1824 2422 b.

1452 2445 1550 2486 Incip.
1568 2448 1585 2461 *⁴
1598 2444 1793 2485 Exprimitur
1808 2446 1913 2474 autem
1927 2442 1959 2472 in
1973 2441 2021 2472 his
2035 2440 2163 2472 verbis.''

1326 2503 1376 2532 10.
1394 2501 1561 2531 Tractatus
1584 2499 1615 2529 in
1641 2499 1735 2536 istud,
1759 2498 1801 2529 ‘J
1806 2497 1896 2529 udica
1917 2508 1966 2527 me
1989 2495 2095 2533 Deus‚'
2115 2505 2205 2525 manu

1409 2551 1546 2582 secunda.
1570 2550 1622 2581 fol.
1637 2551 1674 2589 87
1689 2550 1718 2581 b.

1455 2602 1551 2643 Incip.
1568 2606 1586 2619 ‘⁶
1599 2602 1629 2632 A
1646 2601 1716 2632 Deo
1731 2601 1782 2642 qui
1798 2604 1955 2631 serutatur
1970 2598 2091 2629 corda.”

1623 2695 1828 2729 CCXXIV.
1857 2693 1917 2739 (B.)

1305 2754 1308 2821 ’Ξ
1331 2764 1631 2804 Membranaeeus,
1655 2763 1689 2796 in
1714 2761 1795 2795 folio
1819 2760 1950 2805 maj0ri,
1969 2759 2002 2793 ff.
2020 2760 2101 2798 344,
2118 2768 2207 2791 anno
