<?xml version="1.0" encoding="UTF-8"?>
<!DOCTYPE html PUBLIC "-//W3C//DTD XHTML 1.0 Transitional//EN"
    "http://www.w3.org/TR/xhtml1/DTD/xhtml1-transitional.dtd">
<html xmlns="http://www.w3.org/1999/xhtml" xml:lang="en" lang="en">
 <head>
  <title>
</title>
<meta http-equiv="Content-Type" content="text/html;charset=utf-8" />
  <meta name='ocr-system' content='tesseract 3.04.00' />
  <meta name='ocr-capabilities' content='ocr_page ocr_carea ocr_par ocr_line ocrx_word'/>
</head>
<body>
  <div class='ocr_page' id='page_1' title='image "./cataloguscodicum01coxeuoft_0434.png"; bbox 0 0 2254 3117; ppageno 0'>
   <div class='ocr_carea' id='block_1_1' title="bbox 343 147 363 176">
    <p class='ocr_par' dir='ltr' id='par_1_1' title="bbox 343 147 363 176">
     <span class='ocr_line' id='line_1_1' title="bbox 343 147 363 176; textangle 90"><span class='ocrx_word' id='word_1_1' title='bbox 343 147 363 176; x_wconf 67' lang='lat' dir='ltr'>CL</span> 
     </span>
    </p>
   </div>
   <div class='ocr_carea' id='block_1_2' title="bbox 385 235 1252 1154">
    <p class='ocr_par' dir='ltr' id='par_1_2' title="bbox 385 235 1252 430">
     <span class='ocr_line' id='line_1_2' title="bbox 385 235 1252 276; baseline -0.001 -8"><span class='ocrx_word' id='word_1_2' title='bbox 385 237 486 268; x_wconf 87' lang='lat' dir='ltr'>Biblia</span> <span class='ocrx_word' id='word_1_3' title='bbox 510 237 604 267; x_wconf 71' lang='lat' dir='ltr'>Sacra</span> <span class='ocrx_word' id='word_1_4' title='bbox 630 235 789 271; x_wconf 81' lang='lat' dir='ltr'>Universa,</span> <span class='ocrx_word' id='word_1_5' title='bbox 814 245 851 265; x_wconf 86' lang='lat' dir='ltr'>ex</span> <span class='ocrx_word' id='word_1_6' title='bbox 877 235 1014 265; x_wconf 79' lang='lat' dir='ltr'>versione</span> <span class='ocrx_word' id='word_1_7' title='bbox 1041 235 1166 276; x_wconf 83' lang='lat' dir='ltr'>vulgata</span> <span class='ocrx_word' id='word_1_8' title='bbox 1189 235 1220 266; x_wconf 86' lang='lat' dir='ltr'>S.</span> <span class='ocrx_word' id='word_1_9' title='bbox 1251 260 1252 268; x_wconf 64' lang='grc'>,</span> 
     </span>
     <span class='ocr_line' id='line_1_3' title="bbox 407 286 1221 328; baseline -0.002 -9"><span class='ocrx_word' id='word_1_10' title='bbox 407 288 588 328; x_wconf 71' lang='lat' dir='ltr'>Hieronymi</span> <span class='ocrx_word' id='word_1_11' title='bbox 612 286 754 327; x_wconf 85' lang='lat' dir='ltr'>prologis,</span> <span class='ocrx_word' id='word_1_12' title='bbox 776 297 895 316; x_wconf 81' lang='lat' dir='ltr'>necnon</span> <span class='ocrx_word' id='word_1_13' title='bbox 918 286 1021 327; x_wconf 87' lang='lat' dir='ltr'>quoad</span> <span class='ocrx_word' id='word_1_14' title='bbox 1049 286 1221 317; x_wconf 88' lang='lat' dir='ltr'>Salomonis</span> 
     </span>
     <span class='ocr_line' id='line_1_4' title="bbox 405 338 1221 380; baseline -0.002 -9"><span class='ocrx_word' id='word_1_15' title='bbox 405 341 499 371; x_wconf 91' lang='lat' dir='ltr'>libros</span> <span class='ocrx_word' id='word_1_16' title='bbox 515 344 546 370; x_wconf 82' lang='lat' dir='ltr'>et</span> <span class='ocrx_word' id='word_1_17' title='bbox 559 339 793 368; x_wconf 78' lang='lat' dir='ltr'>Testamentum</span> <span class='ocrx_word' id='word_1_18' title='bbox 808 338 927 368; x_wconf 87' lang='lat' dir='ltr'>Novum</span> <span class='ocrx_word' id='word_1_19' title='bbox 943 338 1053 379; x_wconf 78' lang='lat' dir='ltr'>glossis</span> <span class='ocrx_word' id='word_1_20' title='bbox 1069 339 1221 380; x_wconf 89' lang='lat' dir='ltr'>margina-</span> 
     </span>
     <span class='ocr_line' id='line_1_5' title="bbox 406 389 1047 430; baseline -0.003 -9"><span class='ocrx_word' id='word_1_21' title='bbox 406 392 483 421; x_wconf 81' lang='lat' dir='ltr'>libus</span> <span class='ocrx_word' id='word_1_22' title='bbox 498 394 592 430; x_wconf 87' lang='lat' dir='ltr'>atque</span> <span class='ocrx_word' id='word_1_23' title='bbox 609 389 866 425; x_wconf 89' lang='lat' dir='ltr'>interlinearibus,</span> <span class='ocrx_word' id='word_1_24' title='bbox 884 389 1047 420; x_wconf 84' lang='lat' dir='ltr'>illustrata.</span> 
     </span>
    </p>

    <p class='ocr_par' dir='ltr' id='par_1_3' title="bbox 423 439 1251 890">
     <span class='ocr_line' id='line_1_6' title="bbox 448 439 1220 479; baseline 0 -8"><span class='ocrx_word' id='word_1_25' title='bbox 448 442 483 471; x_wconf 91' lang='lat' dir='ltr'>In</span> <span class='ocrx_word' id='word_1_26' title='bbox 500 440 582 471; x_wconf 85' lang='lat' dir='ltr'>calce</span> <span class='ocrx_word' id='word_1_27' title='bbox 605 439 723 479; x_wconf 82' lang='lat' dir='ltr'>prologi</span> <span class='ocrx_word' id='word_1_28' title='bbox 742 440 782 470; x_wconf 87' lang='lat' dir='ltr'>ad</span> <span class='ocrx_word' id='word_1_29' title='bbox 804 440 948 471; x_wconf 80' lang='lat' dir='ltr'>Genesim</span> <span class='ocrx_word' id='word_1_30' title='bbox 970 445 1098 471; x_wconf 87' lang='lat' dir='ltr'>notatur</span> <span class='ocrx_word' id='word_1_31' title='bbox 1115 446 1122 458; x_wconf 72' lang='lat'>‘</span> <span class='ocrx_word' id='word_1_32' title='bbox 1136 441 1220 472; x_wconf 89' lang='lat' dir='ltr'>Ordo</span> 
     </span>
     <span class='ocr_line' id='line_1_7' title="bbox 425 491 1220 532; baseline -0.001 -9"><span class='ocrx_word' id='word_1_33' title='bbox 425 492 587 523; x_wconf 86' lang='lat' dir='ltr'>bibliotece</span> <span class='ocrx_word' id='word_1_34' title='bbox 616 491 857 527; x_wconf 76' lang='lat' dir='ltr'>I’a1·isiacensis,’</span> <span class='ocrx_word' id='word_1_35' title='bbox 887 503 947 532; x_wconf 92' lang='lat' dir='ltr'>quo</span> <span class='ocrx_word' id='word_1_36' title='bbox 972 503 1041 522; x_wconf 86' lang='lat' dir='ltr'>cum</span> <span class='ocrx_word' id='word_1_37' title='bbox 1064 492 1127 522; x_wconf 79' lang='lat' dir='ltr'>fere</span> <span class='ocrx_word' id='word_1_38' title='bbox 1150 504 1220 522; x_wconf 87' lang='lat' dir='ltr'>con-</span> 
     </span>
     <span class='ocr_line' id='line_1_8' title="bbox 425 542 1220 579; baseline 0 -6"><span class='ocrx_word' id='word_1_39' title='bbox 425 542 519 573; x_wconf 85' lang='lat' dir='ltr'>sentit</span> <span class='ocrx_word' id='word_1_40' title='bbox 535 543 631 572; x_wconf 81' lang='lat' dir='ltr'>codex</span> <span class='ocrx_word' id='word_1_41' title='bbox 648 546 763 579; x_wconf 86' lang='lat' dir='ltr'>noster,</span> <span class='ocrx_word' id='word_1_42' title='bbox 776 542 903 579; x_wconf 86' lang='lat' dir='ltr'>scilicet,</span> <span class='ocrx_word' id='word_1_43' title='bbox 917 542 1220 579; x_wconf 84' lang='lat' dir='ltr'>Genesis—Esdras,</span> 
     </span>
     <span class='ocr_line' id='line_1_9' title="bbox 424 593 1219 629; baseline 0 -5"><span class='ocrx_word' id='word_1_44' title='bbox 424 594 548 629; x_wconf 88' lang='lat' dir='ltr'>Tobias‚</span> <span class='ocrx_word' id='word_1_45' title='bbox 573 593 696 629; x_wconf 73' lang='lat' dir='ltr'>Judith,</span> <span class='ocrx_word' id='word_1_46' title='bbox 726 593 851 629; x_wconf 77' lang='lat' dir='ltr'><strong>Hester,</strong></span> <span class='ocrx_word' id='word_1_47' title='bbox 880 593 1107 629; x_wconf 77' lang='lat' dir='ltr'>Macchabaeus,</span> <span class='ocrx_word' id='word_1_48' title='bbox 1134 594 1219 624; x_wconf 86' lang='lat' dir='ltr'>sedc-</span> 
     </span>
     <span class='ocr_line' id='line_1_10' title="bbox 423 644 1217 686; baseline 0 -11"><span class='ocrx_word' id='word_1_49' title='bbox 423 646 481 675; x_wconf 88' lang='lat' dir='ltr'>cim</span> <span class='ocrx_word' id='word_1_50' title='bbox 512 645 683 686; x_wconf 60' lang='lat' dir='ltr'>prophetae,</span> <span class='ocrx_word' id='word_1_51' title='bbox 713 644 786 681; x_wconf 83' lang='lat' dir='ltr'>Job,</span> <span class='ocrx_word' id='word_1_52' title='bbox 818 645 1015 681; x_wconf 76' lang='lat' dir='ltr'>psalterium,</span> <span class='ocrx_word' id='word_1_53' title='bbox 1044 645 1217 680; x_wconf 83' lang='lat' dir='ltr'>Parabolae,</span> 
     </span>
     <span class='ocr_line' id='line_1_11' title="bbox 426 694 1251 741; baseline 0 -16"><span class='ocrx_word' id='word_1_54' title='bbox 426 694 636 729; x_wconf 77' lang='lat' dir='ltr'>Ecclesiastes,</span> <span class='ocrx_word' id='word_1_55' title='bbox 662 695 833 736; x_wconf 74' lang='lat' dir='ltr'>Sapientia,</span> <span class='ocrx_word' id='word_1_56' title='bbox 857 695 987 726; x_wconf 78' lang='lat' dir='ltr'>Cantica</span> <span class='ocrx_word' id='word_1_57' title='bbox 1010 695 1219 731; x_wconf 82' lang='lat' dir='ltr'>Canticorum,</span> <span class='ocrx_word' id='word_1_58' title='bbox 1249 709 1251 741; x_wconf 60' lang='lat' dir='ltr'>g</span> 
     </span>
     <span class='ocr_line' id='line_1_12' title="bbox 426 746 1219 787; baseline -0.001 -10"><span class='ocrx_word' id='word_1_59' title='bbox 426 746 669 777; x_wconf 72' lang='lat' dir='ltr'>Ecclesiasticus.</span> <span class='ocrx_word' id='word_1_60' title='bbox 733 746 901 787; x_wconf 82' lang='lat' dir='ltr'>Evangelia</span> <span class='ocrx_word' id='word_1_61' title='bbox 946 751 1090 787; x_wconf 86' lang='lat' dir='ltr'>quatuor,</span> <span class='ocrx_word' id='word_1_62' title='bbox 1138 747 1219 777; x_wconf 83' lang='lat' dir='ltr'>Acta</span> 
     </span>
     <span class='ocr_line' id='line_1_13' title="bbox 425 797 1218 838; baseline 0.001 -11"><span class='ocrx_word' id='word_1_63' title='bbox 425 798 656 838; x_wconf 74' lang='lat' dir='ltr'>Apostolorum,</span> <span class='ocrx_word' id='word_1_64' title='bbox 675 797 824 838; x_wconf 80' lang='lat' dir='ltr'>Epistolae</span> <span class='ocrx_word' id='word_1_65' title='bbox 843 797 981 828; x_wconf 58' lang='lat' dir='ltr'>Paulinae</span> <span class='ocrx_word' id='word_1_66' title='bbox 998 802 1029 828; x_wconf 90' lang='lat' dir='ltr'>et</span> <span class='ocrx_word' id='word_1_67' title='bbox 1045 798 1218 833; x_wconf 73' lang='lat' dir='ltr'>Canonicae,</span> 
     </span>
     <span class='ocr_line' id='line_1_14' title="bbox 423 848 1207 890; baseline 0 -11"><span class='ocrx_word' id='word_1_68' title='bbox 423 849 636 890; x_wconf 83' lang='lat' dir='ltr'>Apocalypsis,</span> <span class='ocrx_word' id='word_1_69' title='bbox 653 848 701 879; x_wconf 92' lang='lat' dir='ltr'>cui</span> <span class='ocrx_word' id='word_1_70' title='bbox 719 848 849 889; x_wconf 86' lang='lat' dir='ltr'>denique</span> <span class='ocrx_word' id='word_1_71' title='bbox 865 849 1002 879; x_wconf 78' lang='lat' dir='ltr'>succedit</span> <span class='ocrx_word' id='word_1_72' title='bbox 1018 849 1096 879; x_wconf 88' lang='lat' dir='ltr'>liber</span> <span class='ocrx_word' id='word_1_73' title='bbox 1112 849 1207 879; x_wconf 84' lang='lat' dir='ltr'>Ruth.</span> 
     </span>
    </p>

    <p class='ocr_par' dir='ltr' id='par_1_4' title="bbox 425 904 1218 997">
     <span class='ocr_line' id='line_1_15' title="bbox 445 904 1217 945; baseline 0 -11"><span class='ocrx_word' id='word_1_74' title='bbox 445 905 700 935; x_wconf 82' lang='lat' dir='ltr'>Membranarum</span> <span class='ocrx_word' id='word_1_75' title='bbox 724 904 789 934; x_wconf 86' lang='lat' dir='ltr'>loco</span> <span class='ocrx_word' id='word_1_76' title='bbox 810 905 929 945; x_wconf 83' lang='lat' dir='ltr'>aliquot</span> <span class='ocrx_word' id='word_1_77' title='bbox 952 908 1045 935; x_wconf 77' lang='lat' dir='ltr'>antea</span> <span class='ocrx_word' id='word_1_78' title='bbox 1068 916 1084 935; x_wconf 81' lang='lat' dir='ltr'>e</span> <span class='ocrx_word' id='word_1_79' title='bbox 1104 904 1217 935; x_wconf 72' lang='lat' dir='ltr'>Gens—si</span> 
     </span>
     <span class='ocr_line' id='line_1_16' title="bbox 425 955 1218 997; baseline 0 -12"><span class='ocrx_word' id='word_1_80' title='bbox 425 956 638 996; x_wconf 73' lang='lat' dir='ltr'>psalterioque</span> <span class='ocrx_word' id='word_1_81' title='bbox 654 955 825 986; x_wconf 85' lang='lat' dir='ltr'>excisarum</span> <span class='ocrx_word' id='word_1_82' title='bbox 842 956 968 987; x_wconf 88' lang='lat' dir='ltr'>chartas</span> <span class='ocrx_word' id='word_1_83' title='bbox 986 956 1138 997; x_wconf 83' lang='lat' dir='ltr'>supplevit</span> <span class='ocrx_word' id='word_1_84' title='bbox 1156 967 1218 986; x_wconf 87' lang='lat' dir='ltr'>ma-</span> 
     </span>
    </p>

    <p class='ocr_par' dir='ltr' id='par_1_5' title="bbox 390 1006 966 1048">
     <span class='ocr_line' id='line_1_17' title="bbox 390 1006 966 1048; baseline -0.002 -11"><span class='ocrx_word' id='word_1_85' title='bbox 390 1027 393 1029; x_wconf 99' lang='grc'>-</span> <span class='ocrx_word' id='word_1_86' title='bbox 423 1018 480 1037; x_wconf 91' lang='lat' dir='ltr'>nus</span> <span class='ocrx_word' id='word_1_87' title='bbox 496 1006 598 1037; x_wconf 78' lang='lat' dir='ltr'>nescio</span> <span class='ocrx_word' id='word_1_88' title='bbox 614 1018 682 1047; x_wconf 82' lang='lat' dir='ltr'>quae</span> <span class='ocrx_word' id='word_1_89' title='bbox 699 1007 788 1048; x_wconf 82' lang='lat' dir='ltr'>longe</span> <span class='ocrx_word' id='word_1_90' title='bbox 804 1007 966 1038; x_wconf 86' lang='lat' dir='ltr'>recentior.</span> 
     </span>
    </p>

    <p class='ocr_par' dir='ltr' id='par_1_6' title="bbox 421 1061 1217 1154">
     <span class='ocr_line' id='line_1_18' title="bbox 446 1061 1217 1102; baseline -0.001 -11"><span class='ocrx_word' id='word_1_91' title='bbox 446 1062 567 1092; x_wconf 88' lang='lat' dir='ltr'>Folium</span> <span class='ocrx_word' id='word_1_92' title='bbox 587 1061 728 1092; x_wconf 84' lang='lat' dir='ltr'>ultimum</span> <span class='ocrx_word' id='word_1_93' title='bbox 749 1067 880 1102; x_wconf 86' lang='lat' dir='ltr'>occupat</span> <span class='ocrx_word' id='word_1_94' title='bbox 902 1062 978 1092; x_wconf 88' lang='lat' dir='ltr'>ordo</span> <span class='ocrx_word' id='word_1_95' title='bbox 995 1062 1113 1102; x_wconf 85' lang='lat' dir='ltr'>legendi</span> <span class='ocrx_word' id='word_1_96' title='bbox 1130 1073 1217 1091; x_wconf 77' lang='lat' dir='ltr'>evan-</span> 
     </span>
     <span class='ocr_line' id='line_1_19' title="bbox 421 1113 803 1154; baseline -0.003 -11"><span class='ocrx_word' id='word_1_97' title='bbox 421 1113 501 1153; x_wconf 86' lang='lat' dir='ltr'>gelia</span> <span class='ocrx_word' id='word_1_98' title='bbox 517 1124 571 1154; x_wconf 83' lang='lat' dir='ltr'>per</span> <span class='ocrx_word' id='word_1_99' title='bbox 585 1113 657 1143; x_wconf 86' lang='lat' dir='ltr'>a11ni</span> <span class='ocrx_word' id='word_1_100' title='bbox 674 1124 803 1143; x_wconf 89' lang='lat' dir='ltr'>cursum.</span> 
     </span>
    </p>
   </div>
   <div class='ocr_carea' id='block_1_3' title="bbox 730 1206 829 1239">
    <p class='ocr_par' dir='ltr' id='par_1_7' title="bbox 730 1206 829 1239">
     <span class='ocr_line' id='line_1_20' title="bbox 730 1206 829 1239; baseline 0 0"><span class='ocrx_word' id='word_1_101' title='bbox 730 1206 829 1239; x_wconf 88' lang='lat' dir='ltr'><strong>LIII.</strong></span> 
     </span>
    </p>
   </div>
   <div class='ocr_carea' id='block_1_4' title="bbox 339 1268 1217 1799">
    <p class='ocr_par' dir='ltr' id='par_1_8' title="bbox 339 1268 1217 1799">
     <span class='ocr_line' id='line_1_21' title="bbox 339 1268 1216 1307; baseline 0.001 -5"><span class='ocrx_word' id='word_1_102' title='bbox 339 1269 459 1302; x_wconf 78' lang='lat' dir='ltr'>Codex</span> <span class='ocrx_word' id='word_1_103' title='bbox 487 1269 697 1307; x_wconf 74' lang='lat' dir='ltr'>chartaceus,</span> <span class='ocrx_word' id='word_1_104' title='bbox 725 1270 758 1301; x_wconf 90' lang='lat' dir='ltr'>in</span> <span class='ocrx_word' id='word_1_105' title='bbox 786 1268 878 1307; x_wconf 86' lang='lat' dir='ltr'>folio,</span> <span class='ocrx_word' id='word_1_106' title='bbox 906 1268 939 1301; x_wconf 85' lang='lat' dir='ltr'>ff.</span> <span class='ocrx_word' id='word_1_107' title='bbox 960 1271 1041 1307; x_wconf 72' lang='lat'>328,</span> <span class='ocrx_word' id='word_1_108' title='bbox 1065 1280 1129 1303; x_wconf 80' lang='lat' dir='ltr'>sec.</span> <span class='ocrx_word' id='word_1_109' title='bbox 1151 1280 1216 1303; x_wconf 77' lang='lat' dir='ltr'>xv..</span> 
     </span>
     <span class='ocr_line' id='line_1_22' title="bbox 363 1326 1169 1370; baseline 0 -11"><span class='ocrx_word' id='word_1_110' title='bbox 363 1327 451 1360; x_wconf 87' lang='lat' dir='ltr'>binis</span> <span class='ocrx_word' id='word_1_111' title='bbox 470 1327 639 1360; x_wconf 83' lang='lat' dir='ltr'>columnis</span> <span class='ocrx_word' id='word_1_112' title='bbox 658 1332 838 1365; x_wconf 71' lang='lat' dir='ltr'>exaratus2</span> <span class='ocrx_word' id='word_1_113' title='bbox 866 1328 1040 1370; x_wconf 74' lang='lat' dir='ltr'>utrimque</span> <span class='ocrx_word' id='word_1_114' title='bbox 1058 1326 1169 1359; x_wconf 79' lang='lat' dir='ltr'>inutil.</span> 
     </span>
     <span class='ocr_line' id='line_1_23' title="bbox 380 1386 1216 1428; baseline -0.001 -11"><span class='ocrx_word' id='word_1_115' title='bbox 380 1387 551 1428; x_wconf 82' lang='lat' dir='ltr'>[Anonymi</span> <span class='ocrx_word' id='word_1_116' title='bbox 575 1387 734 1427; x_wconf 83' lang='lat' dir='ltr'>cujusdam</span> <span class='ocrx_word' id='word_1_117' title='bbox 755 1386 1003 1417; x_wconf 84' lang='lat' dir='ltr'>Connnentarins</span> <span class='ocrx_word' id='word_1_118' title='bbox 1026 1386 1056 1416; x_wconf 92' lang='lat' dir='ltr'>in</span> <span class='ocrx_word' id='word_1_119' title='bbox 1076 1386 1216 1428; x_wconf 75' lang='lat' dir='ltr'>Gregorii</span> 
     </span>
     <span class='ocr_line' id='line_1_24' title="bbox 404 1438 991 1478; baseline -0.002 -10"><span class='ocrx_word' id='word_1_120' title='bbox 404 1438 465 1468; x_wconf 86' lang='lat' dir='ltr'>IX.</span> <span class='ocrx_word' id='word_1_121' title='bbox 483 1438 694 1468; x_wconf 84' lang='lat' dir='ltr'>Decretalium</span> <span class='ocrx_word' id='word_1_122' title='bbox 710 1438 821 1468; x_wconf 86' lang='lat' dir='ltr'>librum</span> <span class='ocrx_word' id='word_1_123' title='bbox 839 1438 991 1478; x_wconf 75' lang='lat' dir='ltr'>tertium]</span> 
     </span>
     <span class='ocr_line' id='line_1_25' title="bbox 446 1493 1215 1535; baseline -0.003 -11"><span class='ocrx_word' id='word_1_124' title='bbox 446 1494 542 1535; x_wconf 85' lang='lat' dir='ltr'>Incip.</span> <span class='ocrx_word' id='word_1_125' title='bbox 565 1494 596 1524; x_wconf 89' lang='lat' dir='ltr'>in</span> <span class='ocrx_word' id='word_1_126' title='bbox 620 1498 783 1524; x_wconf 83' lang='lat' dir='ltr'>comment.</span> <span class='ocrx_word' id='word_1_127' title='bbox 808 1493 909 1524; x_wconf 85' lang='lat' dir='ltr'>verbis</span> <span class='ocrx_word' id='word_1_128' title='bbox 932 1494 962 1523; x_wconf 92' lang='lat' dir='ltr'>in</span> <span class='ocrx_word' id='word_1_129' title='bbox 985 1505 1051 1534; x_wconf 86' lang='lat' dir='ltr'>cap.</span> <span class='ocrx_word' id='word_1_130' title='bbox 1067 1505 1095 1531; x_wconf 78' lang='lat'>4.</span> <span class='ocrx_word' id='word_1_131' title='bbox 1120 1493 1168 1524; x_wconf 79' lang='lat' dir='ltr'>tit.</span> <span class='ocrx_word' id='word_1_132' title='bbox 1187 1493 1215 1522; x_wconf 90' lang='lat' dir='ltr'>ii.</span> 
     </span>
     <span class='ocr_line' id='line_1_26' title="bbox 424 1544 1193 1586; baseline -0.001 -11"><span class='ocrx_word' id='word_1_133' title='bbox 424 1550 441 1561; x_wconf 68' lang='lat'>‘²</span> <span class='ocrx_word' id='word_1_134' title='bbox 456 1546 550 1575; x_wconf 42' lang='lat' dir='ltr'>Sica&amp;</span> <span class='ocrx_word' id='word_1_135' title='bbox 569 1545 638 1575; x_wconf 88' lang='lat' dir='ltr'>Hoc</span> <span class='ocrx_word' id='word_1_136' title='bbox 654 1548 701 1575; x_wconf 87' lang='lat' dir='ltr'>cst</span> <span class='ocrx_word' id='word_1_137' title='bbox 717 1545 892 1585; x_wconf 76' lang='lat' dir='ltr'>aliqualiter</span> <span class='ocrx_word' id='word_1_138' title='bbox 908 1545 981 1575; x_wconf 88' lang='lat' dir='ltr'>utile</span> <span class='ocrx_word' id='word_1_139' title='bbox 997 1544 1193 1586; x_wconf 39' lang='lat' dir='ltr'>capitulum?</span> 
     </span>
     <span class='ocr_line' id='line_1_27' title="bbox 445 1599 1217 1640; baseline 0 -11"><span class='ocrx_word' id='word_1_140' title='bbox 445 1599 542 1630; x_wconf 84' lang='lat' dir='ltr'>Defic.</span> <span class='ocrx_word' id='word_1_141' title='bbox 559 1600 590 1630; x_wconf 90' lang='lat' dir='ltr'>in</span> <span class='ocrx_word' id='word_1_142' title='bbox 607 1600 707 1629; x_wconf 86' lang='lat' dir='ltr'>verbis</span> <span class='ocrx_word' id='word_1_143' title='bbox 729 1611 795 1640; x_wconf 87' lang='lat' dir='ltr'>cap.</span> <span class='ocrx_word' id='word_1_144' title='bbox 814 1602 842 1630; x_wconf 72' lang='grc' dir='ltr'>δ’.</span> <span class='ocrx_word' id='word_1_145' title='bbox 859 1599 908 1630; x_wconf 89' lang='lat' dir='ltr'>tit.</span> <span class='ocrx_word' id='word_1_146' title='bbox 926 1599 998 1630; x_wconf 83' lang='lat' dir='ltr'>xlix.</span> <span class='ocrx_word' id='word_1_147' title='bbox 1014 1604 1034 1616; x_wconf 81' lang='grc'>“</span> <span class='ocrx_word' id='word_1_148' title='bbox 1048 1599 1115 1640; x_wconf 83' lang='lat' dir='ltr'>plus</span> <span class='ocrx_word' id='word_1_149' title='bbox 1136 1610 1217 1629; x_wconf 85' lang='lat' dir='ltr'>rece·</span> 
     </span>
     <span class='ocr_line' id='line_1_28' title="bbox 423 1650 627 1691; baseline -0.005 -10"><span class='ocrx_word' id='word_1_150' title='bbox 423 1651 478 1691; x_wconf 83' lang='lat' dir='ltr'>pit,</span> <span class='ocrx_word' id='word_1_151' title='bbox 495 1650 627 1681; x_wconf 85' lang='lat' dir='ltr'>sufficit”</span> 
     </span>
     <span class='ocr_line' id='line_1_29' title="bbox 443 1704 1216 1746; baseline -0.001 -10"><span class='ocrx_word' id='word_1_152' title='bbox 443 1706 598 1742; x_wconf 82' lang='lat' dir='ltr'>Oitantur,</span> <span class='ocrx_word' id='word_1_153' title='bbox 616 1705 689 1735; x_wconf 86' lang='lat' dir='ltr'>Joh.</span> <span class='ocrx_word' id='word_1_154' title='bbox 707 1705 853 1741; x_wconf 81' lang='lat' dir='ltr'>Andreae,</span> <span class='ocrx_word' id='word_1_155' title='bbox 873 1704 1060 1746; x_wconf 81' lang='lat' dir='ltr'>G0ff[redus</span> <span class='ocrx_word' id='word_1_156' title='bbox 1082 1705 1119 1735; x_wconf 85' lang='lat' dir='ltr'>de</span> <span class='ocrx_word' id='word_1_157' title='bbox 1141 1704 1216 1735; x_wconf 85' lang='lat' dir='ltr'>Tra-</span> 
     </span>
     <span class='ocr_line' id='line_1_30' title="bbox 420 1755 985 1799; baseline 0 -13"><span class='ocrx_word' id='word_1_158' title='bbox 420 1758 486 1799; x_wconf 86' lang='lat' dir='ltr'>no],</span> <span class='ocrx_word' id='word_1_159' title='bbox 504 1755 659 1787; x_wconf 82' lang='lat' dir='ltr'>Antonius</span> <span class='ocrx_word' id='word_1_160' title='bbox 674 1756 711 1785; x_wconf 84' lang='lat' dir='ltr'>de</span> <span class='ocrx_word' id='word_1_161' title='bbox 728 1755 845 1791; x_wconf 80' lang='lat' dir='ltr'>Butrio,</span> <span class='ocrx_word' id='word_1_162' title='bbox 862 1755 985 1796; x_wconf 82' lang='lat' dir='ltr'>aliique.</span> 
     </span>
    </p>
   </div>
   <div class='ocr_carea' id='block_1_5' title="bbox 629 1669 713 1672">
    <p class='ocr_par' dir='ltr' id='par_1_9' title="bbox 629 1669 713 1672">
     <span class='ocr_line' id='line_1_31' title="bbox 629 1669 713 1672; baseline 0 0"><span class='ocrx_word' id='word_1_163' title='bbox 629 1669 713 1672; x_wconf 95' lang='lat' dir='ltr'> </span> 
     </span>
    </p>
   </div>
   <div class='ocr_carea' id='block_1_6' title="bbox 734 1853 828 1886">
    <p class='ocr_par' dir='ltr' id='par_1_10' title="bbox 734 1853 828 1886">
     <span class='ocr_line' id='line_1_32' title="bbox 734 1853 828 1886; baseline -0.011 0"><span class='ocrx_word' id='word_1_164' title='bbox 734 1853 828 1886; x_wconf 87' lang='lat' dir='ltr'>LIV.</span> 
     </span>
    </p>
   </div>
   <div class='ocr_carea' id='block_1_7' title="bbox 337 1915 1215 2013">
    <p class='ocr_par' dir='ltr' id='par_1_11' title="bbox 337 1915 1215 2013">
     <span class='ocr_line' id='line_1_33' title="bbox 337 1915 1215 1954; baseline 0.001 -6"><span class='ocrx_word' id='word_1_165' title='bbox 337 1915 638 1954; x_wconf 81' lang='lat' dir='ltr'>Membranaceus,</span> <span class='ocrx_word' id='word_1_166' title='bbox 666 1916 698 1948; x_wconf 90' lang='grc'>111</span> <span class='ocrx_word' id='word_1_167' title='bbox 727 1915 809 1948; x_wconf 84' lang='lat' dir='ltr'>folio</span> <span class='ocrx_word' id='word_1_168' title='bbox 834 1926 957 1954; x_wconf 61' lang='lat' dir='ltr'>erasm,</span> <span class='ocrx_word' id='word_1_169' title='bbox 985 1915 1017 1948; x_wconf 83' lang='lat' dir='ltr'>ff.</span> <span class='ocrx_word' id='word_1_170' title='bbox 1041 1918 1121 1953; x_wconf 74' lang='lat'>443,</span> <span class='ocrx_word' id='word_1_171' title='bbox 1149 1927 1215 1949; x_wconf 86' lang='lat' dir='ltr'>sec.</span> 
     </span>
     <span class='ocr_line' id='line_1_34' title="bbox 359 1972 1198 2013; baseline -0.001 -6"><span class='ocrx_word' id='word_1_172' title='bbox 359 1986 414 2007; x_wconf 86' lang='lat' dir='ltr'>xv.</span> <span class='ocrx_word' id='word_1_173' title='bbox 435 1974 614 2013; x_wconf 79' lang='lat' dir='ltr'>exeuntis3</span> <span class='ocrx_word' id='word_1_174' title='bbox 638 1973 720 2006; x_wconf 88' lang='lat' dir='ltr'>olim</span> <span class='ocrx_word' id='word_1_175' title='bbox 740 1973 883 2006; x_wconf 87' lang='lat' dir='ltr'>Roberti</span> <span class='ocrx_word' id='word_1_176' title='bbox 903 1972 1042 2009; x_wconf 84' lang='lat' dir='ltr'>Cotton.</span> <span class='ocrx_word' id='word_1_177' title='bbox 1063 1973 1198 2006; x_wconf 87' lang='lat' dir='ltr'>Brucei.</span> 
     </span>
    </p>
   </div>
   <div class='ocr_carea' id='block_1_8' title="bbox 380 2033 1217 2743">
    <p class='ocr_par' dir='ltr' id='par_1_12' title="bbox 380 2033 1216 2433">
     <span class='ocr_line' id='line_1_35' title="bbox 380 2033 1216 2065; baseline 0 -1"><span class='ocrx_word' id='word_1_178' title='bbox 380 2034 471 2065; x_wconf 87' lang='lat' dir='ltr'>Liber</span> <span class='ocrx_word' id='word_1_179' title='bbox 503 2034 749 2064; x_wconf 80' lang='lat' dir='ltr'>l’raeccdentium</span> <span class='ocrx_word' id='word_1_180' title='bbox 780 2034 819 2064; x_wconf 85' lang='lat' dir='ltr'>ad</span> <span class='ocrx_word' id='word_1_181' title='bbox 857 2033 957 2064; x_wconf 87' lang='lat' dir='ltr'>curias</span> <span class='ocrx_word' id='word_1_182' title='bbox 994 2034 1216 2064; x_wconf 84' lang='lat' dir='ltr'>ecclesiasticas</span> 
     </span>
     <span class='ocr_line' id='line_1_36' title="bbox 398 2085 1215 2127; baseline 0 -12"><span class='ocrx_word' id='word_1_183' title='bbox 398 2085 614 2127; x_wconf 69' lang='lat' dir='ltr'>spectantium,</span> <span class='ocrx_word' id='word_1_184' title='bbox 641 2085 799 2115; x_wconf 87' lang='lat' dir='ltr'>includens</span> <span class='ocrx_word' id='word_1_185' title='bbox 824 2085 1065 2125; x_wconf 77' lang='lat' dir='ltr'>Appellationes,</span> <span class='ocrx_word' id='word_1_186' title='bbox 1083 2085 1215 2116; x_wconf 87' lang='lat' dir='ltr'>Citatio-</span> 
     </span>
     <span class='ocr_line' id='line_1_37' title="bbox 398 2135 1214 2172; baseline -0.001 -6"><span class='ocrx_word' id='word_1_187' title='bbox 398 2148 460 2172; x_wconf 85' lang='lat' dir='ltr'>nes,</span> <span class='ocrx_word' id='word_1_188' title='bbox 488 2136 738 2171; x_wconf 79' lang='lat' dir='ltr'>Commissiones,</span> <span class='ocrx_word' id='word_1_189' title='bbox 765 2135 1027 2172; x_wconf 82' lang='lat' dir='ltr'>Contestationes,</span> <span class='ocrx_word' id='word_1_190' title='bbox 1055 2136 1214 2166; x_wconf 82' lang='lat' dir='ltr'>Dimissio-</span> 
     </span>
     <span class='ocr_line' id='line_1_38' title="bbox 397 2187 1216 2228; baseline 0 -10"><span class='ocrx_word' id='word_1_191' title='bbox 397 2200 459 2224; x_wconf 84' lang='lat' dir='ltr'>nes,</span> <span class='ocrx_word' id='word_1_192' title='bbox 478 2187 696 2228; x_wconf 84' lang='lat' dir='ltr'>Exceptiones,</span> <span class='ocrx_word' id='word_1_193' title='bbox 718 2187 934 2223; x_wconf 85' lang='lat' dir='ltr'>Inhibitiones,</span> <span class='ocrx_word' id='word_1_194' title='bbox 957 2187 1100 2223; x_wconf 76' lang='lat' dir='ltr'>Libellos,</span> <span class='ocrx_word' id='word_1_195' title='bbox 1128 2188 1216 2218; x_wconf 86' lang='lat' dir='ltr'>Man-</span> 
     </span>
     <span class='ocr_line' id='line_1_39' title="bbox 397 2238 1214 2275; baseline -0.002 -5"><span class='ocrx_word' id='word_1_196' title='bbox 397 2240 482 2275; x_wconf 84' lang='lat' dir='ltr'>data,</span> <span class='ocrx_word' id='word_1_197' title='bbox 501 2239 701 2275; x_wconf 84' lang='lat' dir='ltr'>Monitiones,</span> <span class='ocrx_word' id='word_1_198' title='bbox 718 2238 947 2273; x_wconf 86' lang='lat' dir='ltr'>Procuratoria,</span> <span class='ocrx_word' id='word_1_199' title='bbox 964 2238 1214 2274; x_wconf 78' lang='lat' dir='ltr'>provocationes,</span> 
     </span>
     <span class='ocr_line' id='line_1_40' title="bbox 400 2288 1215 2330; baseline 0 -11"><span class='ocrx_word' id='word_1_200' title='bbox 400 2289 637 2330; x_wconf 82' lang='lat' dir='ltr'>Replicationes,</span> <span class='ocrx_word' id='word_1_201' title='bbox 669 2288 949 2328; x_wconf 77' lang='lat' dir='ltr'>Sequestrationes,</span> <span class='ocrx_word' id='word_1_202' title='bbox 981 2288 1215 2319; x_wconf 82' lang='lat' dir='ltr'>Testimonialcs</span> 
     </span>
     <span class='ocr_line' id='line_1_41' title="bbox 397 2339 1215 2380; baseline -0.001 -9"><span class='ocrx_word' id='word_1_203' title='bbox 397 2341 529 2376; x_wconf 80' lang='lat' dir='ltr'>litteras,</span> <span class='ocrx_word' id='word_1_204' title='bbox 546 2340 723 2380; x_wconf 81' lang='lat' dir='ltr'>formasque</span> <span class='ocrx_word' id='word_1_205' title='bbox 742 2339 879 2380; x_wconf 82' lang='lat' dir='ltr'>ejusdcm</span> <span class='ocrx_word' id='word_1_206' title='bbox 902 2340 1023 2379; x_wconf 82' lang='lat' dir='ltr'>generis</span> <span class='ocrx_word' id='word_1_207' title='bbox 1046 2340 1155 2376; x_wconf 86' lang='lat' dir='ltr'>varias,</span> <span class='ocrx_word' id='word_1_208' title='bbox 1172 2340 1215 2370; x_wconf 90' lang='lat' dir='ltr'>in-</span> 
     </span>
     <span class='ocr_line' id='line_1_42' title="bbox 397 2391 867 2433; baseline -0.004 -11"><span class='ocrx_word' id='word_1_209' title='bbox 397 2393 464 2422; x_wconf 87' lang='lat' dir='ltr'>dice</span> <span class='ocrx_word' id='word_1_210' title='bbox 480 2391 677 2433; x_wconf 79' lang='lat' dir='ltr'>alphabetico</span> <span class='ocrx_word' id='word_1_211' title='bbox 694 2391 867 2432; x_wconf 82' lang='lat' dir='ltr'>subjuncto.</span> 
     </span>
    </p>

    <p class='ocr_par' dir='ltr' id='par_1_13' title="bbox 416 2446 1217 2743">
     <span class='ocr_line' id='line_1_43' title="bbox 440 2446 1215 2488; baseline -0.003 -11"><span class='ocrx_word' id='word_1_212' title='bbox 440 2447 553 2488; x_wconf 88' lang='lat' dir='ltr'>Incipit</span> <span class='ocrx_word' id='word_1_213' title='bbox 581 2447 620 2477; x_wconf 92' lang='lat' dir='ltr'>ad</span> <span class='ocrx_word' id='word_1_214' title='bbox 644 2446 695 2476; x_wconf 86' lang='lat' dir='ltr'>fol.</span> <span class='ocrx_word' id='word_1_215' title='bbox 721 2446 748 2476; x_wconf 83' lang='lat'>8.</span> <span class='ocrx_word' id='word_1_216' title='bbox 772 2456 841 2475; x_wconf 88' lang='lat' dir='ltr'>cum</span> <span class='ocrx_word' id='word_1_217' title='bbox 872 2446 1003 2487; x_wconf 86' lang='lat' dir='ltr'>registro</span> <span class='ocrx_word' id='word_1_218' title='bbox 1026 2446 1064 2476; x_wconf 87' lang='lat' dir='ltr'>de</span> <span class='ocrx_word' id='word_1_219' title='bbox 1083 2447 1215 2487; x_wconf 85' lang='lat' dir='ltr'>juribus,</span> 
     </span>
     <span class='ocr_line' id='line_1_44' title="bbox 417 2497 1215 2538; baseline -0.001 -10"><span class='ocrx_word' id='word_1_220' title='bbox 417 2498 590 2529; x_wconf 83' lang='lat' dir='ltr'>redditibus</span> <span class='ocrx_word' id='word_1_221' title='bbox 607 2502 638 2528; x_wconf 89' lang='lat' dir='ltr'>ct</span> <span class='ocrx_word' id='word_1_222' title='bbox 654 2497 850 2538; x_wconf 88' lang='lat' dir='ltr'>pertinentiis</span> <span class='ocrx_word' id='word_1_223' title='bbox 865 2497 905 2527; x_wconf 92' lang='lat' dir='ltr'>ad</span> <span class='ocrx_word' id='word_1_224' title='bbox 929 2498 1215 2528; x_wconf 87' lang='lat' dir='ltr'>archidiaconatum</span> 
     </span>
     <span class='ocr_line' id='line_1_45' title="bbox 417 2548 1215 2589; baseline -0.004 -10"><span class='ocrx_word' id='word_1_225' title='bbox 417 2548 612 2580; x_wconf 75' lang='lat' dir='ltr'>Colecestriae</span> <span class='ocrx_word' id='word_1_226' title='bbox 625 2548 839 2589; x_wconf 83' lang='lat' dir='ltr'>spectantibus</span> <span class='ocrx_word' id='word_1_227' title='bbox 850 2560 858 2584; x_wconf 86' lang='lat'>;</span> <span class='ocrx_word' id='word_1_228' title='bbox 880 2548 970 2587; x_wconf 89' lang='lat' dir='ltr'>incip.</span> <span class='ocrx_word' id='word_1_229' title='bbox 984 2553 1001 2569; x_wconf 49' lang='grc' dir='ltr'>ἱ*</span> <span class='ocrx_word' id='word_1_230' title='bbox 1014 2548 1215 2589; x_wconf 73' lang='lat' dir='ltr'>Iuli-ascripto</span> 
     </span>
     <span class='ocr_line' id='line_1_46' title="bbox 417 2599 1215 2641; baseline -0.001 -11"><span class='ocrx_word' id='word_1_231' title='bbox 417 2604 490 2631; x_wconf 86' lang='lat' dir='ltr'>sunt</span> <span class='ocrx_word' id='word_1_232' title='bbox 503 2601 584 2641; x_wconf 87' lang='lat' dir='ltr'>jura,</span> <span class='ocrx_word' id='word_1_233' title='bbox 598 2599 839 2641; x_wconf 88' lang='lat' dir='ltr'>jurisdictiones,</span> <span class='ocrx_word' id='word_1_234' title='bbox 857 2599 998 2630; x_wconf 87' lang='lat' dir='ltr'>redditus</span> <span class='ocrx_word' id='word_1_235' title='bbox 1014 2603 1045 2630; x_wconf 90' lang='lat' dir='ltr'>et</span> <span class='ocrx_word' id='word_1_236' title='bbox 1061 2600 1215 2640; x_wconf 88' lang='lat' dir='ltr'>pertinen-</span> 
     </span>
     <span class='ocr_line' id='line_1_47' title="bbox 417 2649 1216 2682; baseline -0.003 0"><span class='ocrx_word' id='word_1_237' title='bbox 417 2652 468 2682; x_wconf 80' lang='lat' dir='ltr'>tiae</span> <span class='ocrx_word' id='word_1_238' title='bbox 492 2651 763 2682; x_wconf 84' lang='lat' dir='ltr'>archidiaconatus</span> <span class='ocrx_word' id='word_1_239' title='bbox 782 2649 1002 2681; x_wconf 56' lang='lat' dir='ltr'>colecestriae*</span> <span class='ocrx_word' id='word_1_240' title='bbox 1048 2650 1085 2680; x_wconf 85' lang='lat' dir='ltr'>In</span> <span class='ocrx_word' id='word_1_241' title='bbox 1108 2651 1216 2681; x_wconf 88' lang='lat' dir='ltr'>eodem</span> 
     </span>
     <span class='ocr_line' id='line_1_48' title="bbox 416 2701 1217 2743; baseline 0.001 -11"><span class='ocrx_word' id='word_1_242' title='bbox 416 2703 549 2743; x_wconf 84' lang='lat' dir='ltr'>registro</span> <span class='ocrx_word' id='word_1_243' title='bbox 566 2702 700 2733; x_wconf 88' lang='lat' dir='ltr'>habetur</span> <span class='ocrx_word' id='word_1_244' title='bbox 719 2701 795 2731; x_wconf 87' lang='lat' dir='ltr'>ordo</span> <span class='ocrx_word' id='word_1_245' title='bbox 812 2701 989 2731; x_wconf 84' lang='lat' dir='ltr'>installandi</span> <span class='ocrx_word' id='word_1_246' title='bbox 1011 2701 1169 2739; x_wconf 86' lang='lat' dir='ltr'>abbatem,</span> <span class='ocrx_word' id='word_1_247' title='bbox 1185 2706 1217 2733; x_wconf 82' lang='lat' dir='ltr'>et</span> 
     </span>
    </p>
   </div>
   <div class='ocr_carea' id='block_1_9' title="bbox 1246 275 1254 2809">
    <p class='ocr_par' dir='ltr' id='par_1_14' title="bbox 1246 275 1254 2809">
     <span class='ocr_line' id='line_1_49' title="bbox 1246 275 1254 2809; baseline 0 0"><span class='ocrx_word' id='word_1_248' title='bbox 1246 275 1254 2809; x_wconf 95' lang='lat' dir='ltr'> </span> 
     </span>
    </p>
   </div>
   <div class='ocr_carea' id='block_1_10' title="bbox 416 2752 1175 2795">
    <p class='ocr_par' dir='ltr' id='par_1_15' title="bbox 416 2752 1175 2795">
     <span class='ocr_line' id='line_1_50' title="bbox 416 2752 1175 2795; baseline -0.001 -11"><span class='ocrx_word' id='word_1_249' title='bbox 416 2754 594 2795; x_wconf 81' lang='lat' dir='ltr'>episcopum</span> <span class='ocrx_word' id='word_1_250' title='bbox 610 2752 778 2793; x_wconf 87' lang='lat' dir='ltr'>recipiendi</span> <span class='ocrx_word' id='word_1_251' title='bbox 794 2752 834 2783; x_wconf 77' lang='lat' dir='ltr'>acl</span> <span class='ocrx_word' id='word_1_252' title='bbox 851 2752 1061 2783; x_wconf 85' lang='lat' dir='ltr'>visitationem</span> <span class='ocrx_word' id='word_1_253' title='bbox 1077 2763 1175 2783; x_wconf 85' lang='lat' dir='ltr'>suam.</span> 
     </span>
    </p>
   </div>
   <div class='ocr_carea' id='block_1_11' title="bbox 894 138 1592 174">
    <p class='ocr_par' dir='ltr' id='par_1_16' title="bbox 894 138 1592 174">
     <span class='ocr_line' id='line_1_51' title="bbox 894 138 1592 174; baseline 0 -2"><span class='ocrx_word' id='word_1_254' title='bbox 894 138 1194 174; x_wconf 83' lang='lat' dir='ltr'>CATALOGUS</span> <span class='ocrx_word' id='word_1_255' title='bbox 1221 139 1455 174; x_wconf 91' lang='lat' dir='ltr'>CODICUM</span> <span class='ocrx_word' id='word_1_256' title='bbox 1484 139 1592 173; x_wconf 76' lang='lat' dir='ltr'>MSS.</span> 
     </span>
    </p>
   </div>
   <div class='ocr_carea' id='block_1_12' title="bbox 1311 236 2159 2794">
    <p class='ocr_par' dir='ltr' id='par_1_17' title="bbox 1358 236 2159 380">
     <span class='ocr_line' id='line_1_52' title="bbox 1381 236 2158 277; baseline -0.001 -10"><span class='ocrx_word' id='word_1_257' title='bbox 1381 237 1432 267; x_wconf 81' lang='lat' dir='ltr'>Ad</span> <span class='ocrx_word' id='word_1_258' title='bbox 1450 236 1501 266; x_wconf 81' lang='lat' dir='ltr'>sol.</span> <span class='ocrx_word' id='word_1_259' title='bbox 1518 246 1558 277; x_wconf 85' lang='lat'>32</span> <span class='ocrx_word' id='word_1_260' title='bbox 1576 240 1624 266; x_wconf 85' lang='lat' dir='ltr'>est</span> <span class='ocrx_word' id='word_1_261' title='bbox 1643 236 1753 266; x_wconf 88' lang='lat' dir='ltr'>modus</span> <span class='ocrx_word' id='word_1_262' title='bbox 1778 237 1981 277; x_wconf 86' lang='lat' dir='ltr'>prosequendi</span> <span class='ocrx_word' id='word_1_263' title='bbox 2005 248 2113 268; x_wconf 86' lang='lat' dir='ltr'>causas</span> <span class='ocrx_word' id='word_1_264' title='bbox 2129 237 2158 267; x_wconf 90' lang='lat' dir='ltr'>in</span> 
     </span>
     <span class='ocr_line' id='line_1_53' title="bbox 1358 287 2159 330; baseline 0 -12"><span class='ocrx_word' id='word_1_265' title='bbox 1358 288 1443 318; x_wconf 83' lang='lat' dir='ltr'>curia</span> <span class='ocrx_word' id='word_1_266' title='bbox 1462 287 1708 323; x_wconf 83' lang='lat' dir='ltr'>Cantuariensis,</span> <span class='ocrx_word' id='word_1_267' title='bbox 1722 290 1826 317; x_wconf 89' lang='lat' dir='ltr'>utrum</span> <span class='ocrx_word' id='word_1_268' title='bbox 1844 298 1937 317; x_wconf 85' lang='lat' dir='ltr'>causa</span> <span class='ocrx_word' id='word_1_269' title='bbox 1953 287 1993 318; x_wconf 88' lang='lat' dir='ltr'>sit</span> <span class='ocrx_word' id='word_1_270' title='bbox 2009 299 2064 330; x_wconf 84' lang='lat' dir='ltr'>per</span> <span class='ocrx_word' id='word_1_271' title='bbox 2079 288 2159 319; x_wconf 87' lang='lat' dir='ltr'>viam</span> 
     </span>
     <span class='ocr_line' id='line_1_54' title="bbox 1360 338 1977 380; baseline -0.002 -11"><span class='ocrx_word' id='word_1_272' title='bbox 1360 338 1581 380; x_wconf 79' lang='lat' dir='ltr'>appellaeionis</span> <span class='ocrx_word' id='word_1_273' title='bbox 1597 342 1652 368; x_wconf 87' lang='lat' dir='ltr'>aut</span> <span class='ocrx_word' id='word_1_274' title='bbox 1669 349 1723 378; x_wconf 89' lang='lat' dir='ltr'>per</span> <span class='ocrx_word' id='word_1_275' title='bbox 1739 338 1818 368; x_wconf 80' lang='lat' dir='ltr'>viam</span> <span class='ocrx_word' id='word_1_276' title='bbox 1836 339 1977 379; x_wconf 80' lang='lat' dir='ltr'>querelae.</span> 
     </span>
    </p>

    <p class='ocr_par' dir='ltr' id='par_1_18' title="bbox 1359 393 2159 526">
     <span class='ocr_line' id='line_1_55' title="bbox 1381 393 2159 435; baseline 0 -11"><span class='ocrx_word' id='word_1_277' title='bbox 1381 394 1431 424; x_wconf 85' lang='lat' dir='ltr'>Ad</span> <span class='ocrx_word' id='word_1_278' title='bbox 1448 394 1497 424; x_wconf 91' lang='lat' dir='ltr'>fol.</span> <span class='ocrx_word' id='word_1_279' title='bbox 1515 404 1549 431; x_wconf 80' lang='lat'>4¹</span> <span class='ocrx_word' id='word_1_280' title='bbox 1571 394 1601 429; x_wconf 91' lang='lat' dir='ltr'>b,</span> <span class='ocrx_word' id='word_1_281' title='bbox 1620 393 1702 423; x_wconf 92' lang='lat' dir='ltr'>bulla</span> <span class='ocrx_word' id='word_1_282' title='bbox 1719 393 1861 433; x_wconf 77' lang='lat' dir='ltr'>Gregorii</span> <span class='ocrx_word' id='word_1_283' title='bbox 1884 404 1973 435; x_wconf 81' lang='lat' dir='ltr'>papae</span> <span class='ocrx_word' id='word_1_284' title='bbox 1996 405 2051 434; x_wconf 85' lang='lat' dir='ltr'>pro</span> <span class='ocrx_word' id='word_1_285' title='bbox 2068 395 2159 424; x_wconf 87' lang='lat' dir='ltr'>dena-</span> 
     </span>
     <span class='ocr_line' id='line_1_56' title="bbox 1359 444 2158 484; baseline 0.001 -10"><span class='ocrx_word' id='word_1_286' title='bbox 1359 445 1410 474; x_wconf 85' lang='lat' dir='ltr'>riis</span> <span class='ocrx_word' id='word_1_287' title='bbox 1427 445 1457 475; x_wconf 85' lang='lat' dir='ltr'>S.</span> <span class='ocrx_word' id='word_1_288' title='bbox 1469 444 1555 474; x_wconf 89' lang='lat' dir='ltr'>Petri</span> <span class='ocrx_word' id='word_1_289' title='bbox 1573 444 1770 484; x_wconf 70' lang='lat' dir='ltr'>eolligenrlis;</span> <span class='ocrx_word' id='word_1_290' title='bbox 1793 455 1915 475; x_wconf 84' lang='lat' dir='ltr'>annexa</span> <span class='ocrx_word' id='word_1_291' title='bbox 1933 455 2053 475; x_wconf 85' lang='lat' dir='ltr'>summa</span> <span class='ocrx_word' id='word_1_292' title='bbox 2068 446 2158 476; x_wconf 87' lang='lat' dir='ltr'>totali</span> 
     </span>
     <span class='ocr_line' id='line_1_57' title="bbox 1360 495 1687 526; baseline 0 -2"><span class='ocrx_word' id='word_1_293' title='bbox 1360 496 1493 526; x_wconf 47' lang='lat' dir='ltr'>⁴ss&#39;cxcix.</span> <span class='ocrx_word' id='word_1_294' title='bbox 1512 495 1587 525; x_wconf 82' lang='lat' dir='ltr'>xvis.</span> <span class='ocrx_word' id='word_1_295' title='bbox 1606 495 1687 524; x_wconf 91' lang='lat' dir='ltr'>viiid.</span> 
     </span>
    </p>

    <p class='ocr_par' dir='ltr' id='par_1_19' title="bbox 1358 550 2157 683">
     <span class='ocr_line' id='line_1_58' title="bbox 1382 550 2157 592; baseline 0.003 -11"><span class='ocrx_word' id='word_1_296' title='bbox 1382 552 1431 581; x_wconf 80' lang='lat' dir='ltr'>Ad</span> <span class='ocrx_word' id='word_1_297' title='bbox 1455 551 1504 581; x_wconf 84' lang='lat' dir='ltr'>fol.</span> <span class='ocrx_word' id='word_1_298' title='bbox 1525 561 1572 591; x_wconf 80' lang='lat'>71,</span> <span class='ocrx_word' id='word_1_299' title='bbox 1599 556 1616 567; x_wconf 87' lang='grc'>“</span> <span class='ocrx_word' id='word_1_300' title='bbox 1634 550 1777 591; x_wconf 87' lang='lat' dir='ltr'>Epistola</span> <span class='ocrx_word' id='word_1_301' title='bbox 1804 550 1925 592; x_wconf 86' lang='lat' dir='ltr'>Salapis</span> <span class='ocrx_word' id='word_1_302' title='bbox 1953 551 2157 589; x_wconf 85' lang='lat' dir='ltr'>Machumeti,</span> 
     </span>
     <span class='ocr_line' id='line_1_59' title="bbox 1358 602 2157 642; baseline 0.001 -11"><span class='ocrx_word' id='word_1_303' title='bbox 1358 602 1439 642; x_wconf 79' lang='lat' dir='ltr'>regis</span> <span class='ocrx_word' id='word_1_304' title='bbox 1470 602 1675 638; x_wconf 87' lang='lat' dir='ltr'>Turchorum‚</span> <span class='ocrx_word' id='word_1_305' title='bbox 1716 612 1814 642; x_wconf 77' lang='lat' dir='ltr'>papae,</span> <span class='ocrx_word' id='word_1_306' title='bbox 1856 612 1969 642; x_wconf 81' lang='lat' dir='ltr'>magno</span> <span class='ocrx_word' id='word_1_307' title='bbox 2004 602 2157 632; x_wconf 89' lang='lat' dir='ltr'>sacerdoti</span> 
     </span>
     <span class='ocr_line' id='line_1_60' title="bbox 1359 653 1601 683; baseline -0.008 0"><span class='ocrx_word' id='word_1_308' title='bbox 1359 653 1601 683; x_wconf 78' lang='lat' dir='ltr'>Romanorum.”</span> 
     </span>
    </p>

    <p class='ocr_par' dir='ltr' id='par_1_20' title="bbox 1357 703 2158 950">
     <span class='ocr_line' id='line_1_61' title="bbox 1380 703 2154 746; baseline 0.001 -12"><span class='ocrx_word' id='word_1_309' title='bbox 1380 705 1429 734; x_wconf 88' lang='lat' dir='ltr'>Ad</span> <span class='ocrx_word' id='word_1_310' title='bbox 1454 705 1502 734; x_wconf 80' lang='lat' dir='ltr'>fol.</span> <span class='ocrx_word' id='word_1_311' title='bbox 1526 706 1579 744; x_wconf 73' lang='lat'>185</span> <span class='ocrx_word' id='word_1_312' title='bbox 1603 705 1631 740; x_wconf 83' lang='lat' dir='ltr'>b,</span> <span class='ocrx_word' id='word_1_313' title='bbox 1658 703 1846 734; x_wconf 86' lang='lat' dir='ltr'>Mandatum</span> <span class='ocrx_word' id='word_1_314' title='bbox 1869 704 2090 746; x_wconf 85' lang='lat' dir='ltr'>archiepiscopi</span> <span class='ocrx_word' id='word_1_315' title='bbox 2115 706 2154 735; x_wconf 89' lang='lat' dir='ltr'>ad</span> 
     </span>
     <span class='ocr_line' id='line_1_62' title="bbox 1357 755 2158 797; baseline 0.002 -12"><span class='ocrx_word' id='word_1_316' title='bbox 1357 756 1599 797; x_wconf 82' lang='lat' dir='ltr'>compellendum</span> <span class='ocrx_word' id='word_1_317' title='bbox 1613 755 1812 796; x_wconf 78' lang='lat' dir='ltr'>presbyteros</span> <span class='ocrx_word' id='word_1_318' title='bbox 1826 755 2044 796; x_wconf 84' lang='lat' dir='ltr'>stipendiarios</span> <span class='ocrx_word' id='word_1_319' title='bbox 2053 757 2158 797; x_wconf 86' lang='lat' dir='ltr'>jurare</span> 
     </span>
     <span class='ocr_line' id='line_1_63' title="bbox 1358 806 2157 847; baseline 0.001 -10"><span class='ocrx_word' id='word_1_320' title='bbox 1358 807 1538 838; x_wconf 81' lang='lat' dir='ltr'>fidelitatem</span> <span class='ocrx_word' id='word_1_321' title='bbox 1571 806 1743 837; x_wconf 85' lang='lat' dir='ltr'>rectoribus</span> <span class='ocrx_word' id='word_1_322' title='bbox 1777 807 1871 847; x_wconf 82' lang='lat' dir='ltr'>juxta</span> <span class='ocrx_word' id='word_1_323' title='bbox 1902 807 2157 838; x_wconf 81' lang='lat' dir='ltr'>constitutionem</span> 
     </span>
     <span class='ocr_line' id='line_1_64' title="bbox 1358 857 2158 899; baseline 0.003 -13"><span class='ocrx_word' id='word_1_324' title='bbox 1358 858 1586 899; x_wconf 47' lang='lat' dir='ltr'>1⁷›rovincialenn</span> <span class='ocrx_word' id='word_1_325' title='bbox 1604 863 1662 888; x_wconf 89' lang='lat' dir='ltr'>etc.</span> <span class='ocrx_word' id='word_1_326' title='bbox 1687 857 1858 898; x_wconf 83' lang='lat' dir='ltr'>subjunctis</span> <span class='ocrx_word' id='word_1_327' title='bbox 1881 858 2021 888; x_wconf 82' lang='lat' dir='ltr'>articulis</span> <span class='ocrx_word' id='word_1_328' title='bbox 2043 859 2158 888; x_wconf 85' lang='lat' dir='ltr'>duode-</span> 
     </span>
     <span class='ocr_line' id='line_1_65' title="bbox 1357 910 1688 950; baseline 0 -11"><span class='ocrx_word' id='word_1_329' title='bbox 1357 910 1415 940; x_wconf 87' lang='lat' dir='ltr'>cim</span> <span class='ocrx_word' id='word_1_330' title='bbox 1428 910 1688 950; x_wconf 84' lang='lat' dir='ltr'>juramentorum.</span> 
     </span>
    </p>

    <p class='ocr_par' dir='ltr' id='par_1_21' title="bbox 1356 960 2157 1155">
     <span class='ocr_line' id='line_1_66' title="bbox 1378 960 2156 1001; baseline 0 -10"><span class='ocrx_word' id='word_1_331' title='bbox 1378 961 1502 991; x_wconf 86' lang='lat' dir='ltr'>Inserta</span> <span class='ocrx_word' id='word_1_332' title='bbox 1525 966 1572 991; x_wconf 85' lang='lat' dir='ltr'>est</span> <span class='ocrx_word' id='word_1_333' title='bbox 1595 961 1634 991; x_wconf 89' lang='lat' dir='ltr'>ad</span> <span class='ocrx_word' id='word_1_334' title='bbox 1660 961 1709 991; x_wconf 86' lang='lat' dir='ltr'>fol.</span> <span class='ocrx_word' id='word_1_335' title='bbox 1729 971 1798 1001; x_wconf 69' lang='lat'>294,</span> <span class='ocrx_word' id='word_1_336' title='bbox 1823 960 1932 991; x_wconf 88' lang='lat' dir='ltr'>tabula</span> <span class='ocrx_word' id='word_1_337' title='bbox 1955 961 2156 991; x_wconf 86' lang='lat' dir='ltr'>materiarum</span> 
     </span>
     <span class='ocr_line' id='line_1_67' title="bbox 1356 1012 2157 1053; baseline 0 -11"><span class='ocrx_word' id='word_1_338' title='bbox 1356 1013 1386 1042; x_wconf 92' lang='lat' dir='ltr'>in</span> <span class='ocrx_word' id='word_1_339' title='bbox 1402 1012 1677 1042; x_wconf 85' lang='lat' dir='ltr'>constitutionibus</span> <span class='ocrx_word' id='word_1_340' title='bbox 1698 1012 1944 1053; x_wconf 83' lang='lat' dir='ltr'>provincialibus,</span> <span class='ocrx_word' id='word_1_341' title='bbox 1962 1012 2052 1052; x_wconf 89' lang='lat' dir='ltr'>incip.</span> <span class='ocrx_word' id='word_1_342' title='bbox 2071 1012 2157 1043; x_wconf 73' lang='lat' dir='ltr'><em>“Ab-</em></span> 
     </span>
     <span class='ocr_line' id='line_1_68' title="bbox 1357 1063 2157 1104; baseline 0.001 -11"><span class='ocrx_word' id='word_1_343' title='bbox 1357 1063 1417 1099; x_wconf 76' lang='lat' dir='ltr'>bas,</span> <span class='ocrx_word' id='word_1_344' title='bbox 1435 1064 1564 1094; x_wconf 83' lang='lat' dir='ltr'>abbates</span> <span class='ocrx_word' id='word_1_345' title='bbox 1585 1068 1615 1094; x_wconf 86' lang='lat' dir='ltr'>et</span> <span class='ocrx_word' id='word_1_346' title='bbox 1637 1063 1755 1104; x_wconf 81' lang='lat' dir='ltr'>priores</span> <span class='ocrx_word' id='word_1_347' title='bbox 1778 1063 1892 1094; x_wconf 85' lang='lat' dir='ltr'>debent</span> <span class='ocrx_word' id='word_1_348' title='bbox 1917 1063 2044 1104; x_wconf 83' lang='lat' dir='ltr'>singulis</span> <span class='ocrx_word' id='word_1_349' title='bbox 2067 1064 2157 1094; x_wconf 85' lang='lat' dir='ltr'>annis</span> 
     </span>
     <span class='ocr_line' id='line_1_69' title="bbox 1356 1115 1786 1155; baseline 0 -11"><span class='ocrx_word' id='word_1_350' title='bbox 1356 1122 1478 1145; x_wconf 86' lang='lat' dir='ltr'>mutare</span> <span class='ocrx_word' id='word_1_351' title='bbox 1495 1125 1566 1145; x_wconf 79' lang='lat' dir='ltr'>suos</span> <span class='ocrx_word' id='word_1_352' title='bbox 1583 1115 1786 1155; x_wconf 71' lang='lat' dir='ltr'>capellanos.”</span> 
     </span>
    </p>

    <p class='ocr_par' dir='ltr' id='par_1_22' title="bbox 1399 1166 1589 1206">
     <span class='ocr_line' id='line_1_70' title="bbox 1399 1166 1589 1206; baseline 0.011 -12"><span class='ocrx_word' id='word_1_353' title='bbox 1399 1166 1589 1206; x_wconf 73' lang='lat' dir='ltr'>Sequuntur,</span> 
     </span>
    </p>

    <p class='ocr_par' dir='ltr' id='par_1_23' title="bbox 1313 1217 2155 1259">
     <span class='ocr_line' id='line_1_71' title="bbox 1313 1217 2155 1259; baseline 0.002 -12"><span class='ocrx_word' id='word_1_354' title='bbox 1313 1229 1340 1248; x_wconf 89' lang='lat' dir='ltr'>a.</span> <span class='ocrx_word' id='word_1_355' title='bbox 1358 1217 1488 1248; x_wconf 80' lang='lat' dir='ltr'>Roberti</span> <span class='ocrx_word' id='word_1_356' title='bbox 1508 1217 1733 1257; x_wconf 85' lang='lat' dir='ltr'>[Winchelsea]</span> <span class='ocrx_word' id='word_1_357' title='bbox 1748 1221 1870 1248; x_wconf 84' lang='lat' dir='ltr'>statuta</span> <span class='ocrx_word' id='word_1_358' title='bbox 1884 1218 2033 1248; x_wconf 86' lang='lat' dir='ltr'>Cantuar.</span> <span class='ocrx_word' id='word_1_359' title='bbox 2050 1218 2070 1248; x_wconf 87' lang='lat' dir='ltr'>f.</span> <span class='ocrx_word' id='word_1_360' title='bbox 2083 1220 2155 1259; x_wconf 81' lang='lat'>387.</span> 
     </span>
    </p>

    <p class='ocr_par' dir='ltr' id='par_1_24' title="bbox 1376 1268 2155 1362">
     <span class='ocr_line' id='line_1_72' title="bbox 1400 1268 2155 1309; baseline 0.001 -11"><span class='ocrx_word' id='word_1_361' title='bbox 1400 1269 1496 1309; x_wconf 88' lang='lat' dir='ltr'>Incip.</span> <span class='ocrx_word' id='word_1_362' title='bbox 1515 1268 1714 1304; x_wconf 66' lang='lat' dir='ltr'>“Robex-t11s,</span> <span class='ocrx_word' id='word_1_363' title='bbox 1731 1274 1790 1299; x_wconf 81' lang='lat' dir='ltr'>etc.</span> <span class='ocrx_word' id='word_1_364' title='bbox 1816 1269 1866 1299; x_wconf 89' lang='lat' dir='ltr'>Ad</span> <span class='ocrx_word' id='word_1_365' title='bbox 1884 1269 1963 1299; x_wconf 90' lang='lat' dir='ltr'>viam</span> <span class='ocrx_word' id='word_1_366' title='bbox 1987 1269 2085 1300; x_wconf 85' lang='lat' dir='ltr'>nostri</span> <span class='ocrx_word' id='word_1_367' title='bbox 2109 1281 2155 1299; x_wconf 86' lang='lat' dir='ltr'>re-</span> 
     </span>
     <span class='ocr_line' id='line_1_73' title="bbox 1376 1320 2118 1362; baseline 0.001 -12"><span class='ocrx_word' id='word_1_368' title='bbox 1376 1320 1499 1360; x_wconf 87' lang='lat' dir='ltr'>giminis</span> <span class='ocrx_word' id='word_1_369' title='bbox 1510 1320 1535 1356; x_wconf 74' lang='grc'>;”</span> <span class='ocrx_word' id='word_1_370' title='bbox 1559 1325 1593 1350; x_wconf 91' lang='lat' dir='ltr'>ut</span> <span class='ocrx_word' id='word_1_371' title='bbox 1609 1320 1691 1360; x_wconf 90' lang='lat' dir='ltr'>apud</span> <span class='ocrx_word' id='word_1_372' title='bbox 1707 1320 1853 1357; x_wconf 81' lang='lat' dir='ltr'>wilkins,</span> <span class='ocrx_word' id='word_1_373' title='bbox 1868 1327 1942 1351; x_wconf 84' lang='lat' dir='ltr'>tom.</span> <span class='ocrx_word' id='word_1_374' title='bbox 1958 1321 1989 1351; x_wconf 90' lang='lat' dir='ltr'>ii.</span> <span class='ocrx_word' id='word_1_375' title='bbox 2007 1332 2035 1362; x_wconf 93' lang='lat' dir='ltr'>p.</span> <span class='ocrx_word' id='word_1_376' title='bbox 2049 1331 2118 1359; x_wconf 80' lang='lat'>204.</span> 
     </span>
    </p>

    <p class='ocr_par' dir='ltr' id='par_1_25' title="bbox 1314 1370 2155 1462">
     <span class='ocr_line' id='line_1_74' title="bbox 1314 1370 2155 1413; baseline 0.001 -12"><span class='ocrx_word' id='word_1_377' title='bbox 1314 1371 1343 1401; x_wconf 93' lang='lat' dir='ltr'>b.</span> <span class='ocrx_word' id='word_1_378' title='bbox 1364 1370 1612 1401; x_wconf 84' lang='lat' dir='ltr'>Consuetudincs</span> <span class='ocrx_word' id='word_1_379' title='bbox 1636 1382 1697 1401; x_wconf 90' lang='lat' dir='ltr'>non</span> <span class='ocrx_word' id='word_1_380' title='bbox 1720 1371 1844 1413; x_wconf 81' lang='lat' dir='ltr'>scriptae</span> <span class='ocrx_word' id='word_1_381' title='bbox 1868 1372 1899 1402; x_wconf 94' lang='lat' dir='ltr'>in</span> <span class='ocrx_word' id='word_1_382' title='bbox 1922 1372 2056 1403; x_wconf 86' lang='lat' dir='ltr'>arcubus</span> <span class='ocrx_word' id='word_1_383' title='bbox 2077 1371 2155 1402; x_wconf 88' lang='lat' dir='ltr'>Lon-</span> 
     </span>
     <span class='ocr_line' id='line_1_75' title="bbox 1378 1422 1641 1462; baseline 0 -10"><span class='ocrx_word' id='word_1_384' title='bbox 1378 1423 1449 1452; x_wconf 88' lang='lat' dir='ltr'>don.</span> <span class='ocrx_word' id='word_1_385' title='bbox 1465 1422 1516 1452; x_wconf 82' lang='lat' dir='ltr'>sol.</span> <span class='ocrx_word' id='word_1_386' title='bbox 1533 1431 1594 1462; x_wconf 70' lang='lat'>392</span> <span class='ocrx_word' id='word_1_387' title='bbox 1611 1422 1641 1452; x_wconf 88' lang='lat' dir='ltr'>b.</span> 
     </span>
    </p>

    <p class='ocr_par' dir='ltr' id='par_1_26' title="bbox 1400 1473 2028 1515">
     <span class='ocr_line' id='line_1_76' title="bbox 1400 1473 2028 1515; baseline 0.003 -12"><span class='ocrx_word' id='word_1_388' title='bbox 1400 1474 1496 1514; x_wconf 83' lang='lat' dir='ltr'>Incip.</span> <span class='ocrx_word' id='word_1_389' title='bbox 1515 1479 1532 1490; x_wconf 80' lang='lat'>⁴‘</span> <span class='ocrx_word' id='word_1_390' title='bbox 1549 1473 1695 1514; x_wconf 84' lang='lat' dir='ltr'>Inprimis</span> <span class='ocrx_word' id='word_1_391' title='bbox 1711 1473 1736 1504; x_wconf 87' lang='lat' dir='ltr'>si</span> <span class='ocrx_word' id='word_1_392' title='bbox 1752 1485 1825 1515; x_wconf 88' lang='lat' dir='ltr'>pars</span> <span class='ocrx_word' id='word_1_393' title='bbox 1840 1474 2028 1515; x_wconf 56' lang='lat' dir='ltr'>appellans*</span> 
     </span>
    </p>

    <p class='ocr_par' dir='ltr' id='par_1_27' title="bbox 1314 1525 2155 1671">
     <span class='ocr_line' id='line_1_77' title="bbox 1314 1525 2155 1567; baseline 0.001 -11"><span class='ocrx_word' id='word_1_394' title='bbox 1314 1537 1339 1556; x_wconf 90' lang='lat' dir='ltr'>c.</span> <span class='ocrx_word' id='word_1_395' title='bbox 1359 1525 1377 1555; x_wconf 85' lang='lat' dir='ltr'>J</span> <span class='ocrx_word' id='word_1_396' title='bbox 1381 1525 1511 1555; x_wconf 82' lang='lat' dir='ltr'>ohannis</span> <span class='ocrx_word' id='word_1_397' title='bbox 1526 1525 1724 1565; x_wconf 78' lang='lat' dir='ltr'>[Stratford],</span> <span class='ocrx_word' id='word_1_398' title='bbox 1737 1525 1871 1567; x_wconf 86' lang='lat' dir='ltr'>archiep.</span> <span class='ocrx_word' id='word_1_399' title='bbox 1884 1526 2032 1557; x_wconf 85' lang='lat' dir='ltr'>Cantuar.</span> <span class='ocrx_word' id='word_1_400' title='bbox 2043 1527 2155 1557; x_wconf 89' lang='lat' dir='ltr'>consti-</span> 
     </span>
     <span class='ocr_line' id='line_1_78' title="bbox 1378 1576 2155 1614; baseline 0.004 -8"><span class='ocrx_word' id='word_1_401' title='bbox 1378 1576 1514 1614; x_wconf 83' lang='lat' dir='ltr'>tutiones</span> <span class='ocrx_word' id='word_1_402' title='bbox 1538 1577 1578 1607; x_wconf 87' lang='lat' dir='ltr'>ad</span> <span class='ocrx_word' id='word_1_403' title='bbox 1603 1577 1693 1606; x_wconf 61' lang='lat' dir='ltr'>eurise</span> <span class='ocrx_word' id='word_1_404' title='bbox 1718 1577 1866 1608; x_wconf 87' lang='lat' dir='ltr'>Cantuar.</span> <span class='ocrx_word' id='word_1_405' title='bbox 1887 1578 2063 1613; x_wconf 70' lang='lat' dir='ltr'>ministros,</span> <span class='ocrx_word' id='word_1_406' title='bbox 2090 1579 2155 1609; x_wconf 75' lang='lat' dir='ltr'>dat.</span> 
     </span>
     <span class='ocr_line' id='line_1_79' title="bbox 1380 1628 2069 1671; baseline 0.003 -13"><span class='ocrx_word' id='word_1_407' title='bbox 1380 1628 1543 1659; x_wconf 82' lang='lat' dir='ltr'>Lambcth.</span> <span class='ocrx_word' id='word_1_408' title='bbox 1559 1638 1576 1669; x_wconf 79' lang='lat'>3</span> <span class='ocrx_word' id='word_1_409' title='bbox 1596 1628 1657 1658; x_wconf 87' lang='lat' dir='ltr'>kal.</span> <span class='ocrx_word' id='word_1_410' title='bbox 1676 1629 1758 1669; x_wconf 85' lang='lat' dir='ltr'>Aug.</span> <span class='ocrx_word' id='word_1_411' title='bbox 1779 1639 1868 1670; x_wconf 72' lang='lat'>1320.</span> <span class='ocrx_word' id='word_1_412' title='bbox 1893 1629 1942 1659; x_wconf 88' lang='lat' dir='ltr'>fol.</span> <span class='ocrx_word' id='word_1_413' title='bbox 1961 1640 2022 1671; x_wconf 85' lang='lat'>393</span> <span class='ocrx_word' id='word_1_414' title='bbox 2042 1631 2069 1660; x_wconf 94' lang='lat' dir='ltr'>b.</span> 
     </span>
    </p>

    <p class='ocr_par' dir='ltr' id='par_1_28' title="bbox 1377 1679 2155 1772">
     <span class='ocr_line' id='line_1_80' title="bbox 1401 1679 2155 1720; baseline 0.001 -10"><span class='ocrx_word' id='word_1_415' title='bbox 1401 1679 1497 1720; x_wconf 87' lang='lat' dir='ltr'>Incip.</span> <span class='ocrx_word' id='word_1_416' title='bbox 1519 1680 1722 1716; x_wconf 81' lang='lat' dir='ltr'>“JohanneS‚</span> <span class='ocrx_word' id='word_1_417' title='bbox 1743 1683 1802 1710; x_wconf 88' lang='lat' dir='ltr'>etc.</span> <span class='ocrx_word' id='word_1_418' title='bbox 1826 1680 1903 1710; x_wconf 82' lang='lat' dir='ltr'>Cum</span> <span class='ocrx_word' id='word_1_419' title='bbox 1926 1681 1966 1711; x_wconf 89' lang='lat' dir='ltr'>ad</span> <span class='ocrx_word' id='word_1_420' title='bbox 1988 1681 2078 1711; x_wconf 87' lang='lat' dir='ltr'>curiae</span> <span class='ocrx_word' id='word_1_421' title='bbox 2102 1692 2155 1711; x_wconf 91' lang='lat' dir='ltr'>no-</span> 
     </span>
     <span class='ocr_line' id='line_1_81' title="bbox 1377 1731 1825 1772; baseline 0.002 -11"><span class='ocrx_word' id='word_1_422' title='bbox 1377 1732 1491 1765; x_wconf 50' lang='lat' dir='ltr'>strae?</span> <span class='ocrx_word' id='word_1_423' title='bbox 1514 1731 1550 1761; x_wconf 85' lang='lat' dir='ltr'>cf.</span> <span class='ocrx_word' id='word_1_424' title='bbox 1570 1731 1642 1762; x_wconf 90' lang='lat' dir='ltr'>ibid.</span> <span class='ocrx_word' id='word_1_425' title='bbox 1662 1732 1692 1762; x_wconf 87' lang='lat' dir='ltr'>ii.</span> <span class='ocrx_word' id='word_1_426' title='bbox 1709 1743 1738 1772; x_wconf 90' lang='lat' dir='ltr'>p.</span> <span class='ocrx_word' id='word_1_427' title='bbox 1754 1732 1825 1762; x_wconf 85' lang='lat'>681.</span> 
     </span>
    </p>

    <p class='ocr_par' dir='ltr' id='par_1_29' title="bbox 1313 1781 2155 1874">
     <span class='ocr_line' id='line_1_82' title="bbox 1313 1781 2155 1823; baseline 0 -10"><span class='ocrx_word' id='word_1_428' title='bbox 1313 1783 1342 1813; x_wconf 91' lang='lat' dir='ltr'>d.</span> <span class='ocrx_word' id='word_1_429' title='bbox 1361 1782 1494 1812; x_wconf 70' lang='lat' dir='ltr'>Simonis</span> <span class='ocrx_word' id='word_1_430' title='bbox 1521 1782 1698 1823; x_wconf 87' lang='lat' dir='ltr'>[Mepham]</span> <span class='ocrx_word' id='word_1_431' title='bbox 1731 1782 1867 1823; x_wconf 87' lang='lat' dir='ltr'>archiep.</span> <span class='ocrx_word' id='word_1_432' title='bbox 1892 1781 2043 1813; x_wconf 86' lang='lat' dir='ltr'>Cantuar.</span> <span class='ocrx_word' id='word_1_433' title='bbox 2076 1782 2155 1813; x_wconf 93' lang='lat' dir='ltr'>Lon-</span> 
     </span>
     <span class='ocr_line' id='line_1_83' title="bbox 1377 1833 1931 1874; baseline -0.002 -10"><span class='ocrx_word' id='word_1_434' title='bbox 1377 1834 1448 1864; x_wconf 88' lang='lat' dir='ltr'>don.</span> <span class='ocrx_word' id='word_1_435' title='bbox 1465 1833 1556 1864; x_wconf 74' lang='lat' dir='ltr'>editae</span> <span class='ocrx_word' id='word_1_436' title='bbox 1572 1844 1621 1864; x_wconf 86' lang='lat' dir='ltr'>an.</span> <span class='ocrx_word' id='word_1_437' title='bbox 1644 1834 1731 1874; x_wconf 73' lang='lat'>1328.</span> <span class='ocrx_word' id='word_1_438' title='bbox 1756 1833 1807 1863; x_wconf 83' lang='lat' dir='ltr'>fol.</span> <span class='ocrx_word' id='word_1_439' title='bbox 1824 1835 1885 1872; x_wconf 87' lang='lat'>406</span> <span class='ocrx_word' id='word_1_440' title='bbox 1903 1833 1931 1863; x_wconf 95' lang='lat' dir='ltr'>b.</span> 
     </span>
    </p>

    <p class='ocr_par' dir='ltr' id='par_1_30' title="bbox 1400 1884 2101 1926">
     <span class='ocr_line' id='line_1_84' title="bbox 1400 1884 2101 1926; baseline -0.001 -11"><span class='ocrx_word' id='word_1_441' title='bbox 1400 1885 1497 1926; x_wconf 89' lang='lat' dir='ltr'>Incip.</span> <span class='ocrx_word' id='word_1_442' title='bbox 1516 1890 1532 1901; x_wconf 64' lang='lat'>⁶·</span> <span class='ocrx_word' id='word_1_443' title='bbox 1546 1885 1648 1915; x_wconf 81' lang='lat' dir='ltr'>Zelari</span> <span class='ocrx_word' id='word_1_444' title='bbox 1666 1889 1791 1926; x_wconf 89' lang='lat' dir='ltr'>oportet</span> <span class='ocrx_word' id='word_1_445' title='bbox 1802 1885 1829 1921; x_wconf 78' lang='grc'>;”</span> <span class='ocrx_word' id='word_1_446' title='bbox 1852 1884 1925 1915; x_wconf 88' lang='lat' dir='ltr'>ibid.</span> <span class='ocrx_word' id='word_1_447' title='bbox 1938 1885 1967 1915; x_wconf 94' lang='lat' dir='ltr'>ii.</span> <span class='ocrx_word' id='word_1_448' title='bbox 1985 1896 2014 1926; x_wconf 92' lang='lat' dir='ltr'>p.</span> <span class='ocrx_word' id='word_1_449' title='bbox 2027 1894 2101 1926; x_wconf 83' lang='lat'>552.</span> 
     </span>
    </p>

    <p class='ocr_par' dir='ltr' id='par_1_31' title="bbox 1313 1936 2154 2078">
     <span class='ocr_line' id='line_1_85' title="bbox 1313 1936 2154 1977; baseline 0 -10"><span class='ocrx_word' id='word_1_450' title='bbox 1313 1949 1338 1967; x_wconf 85' lang='lat' dir='ltr'>e.</span> <span class='ocrx_word' id='word_1_451' title='bbox 1364 1937 1508 1967; x_wconf 79' lang='lat' dir='ltr'>Edwardi</span> <span class='ocrx_word' id='word_1_452' title='bbox 1541 1937 1621 1977; x_wconf 84' lang='lat' dir='ltr'>regis</span> <span class='ocrx_word' id='word_1_453' title='bbox 1651 1936 1865 1977; x_wconf 86' lang='lat' dir='ltr'>responsiones</span> <span class='ocrx_word' id='word_1_454' title='bbox 1895 1936 1935 1966; x_wconf 93' lang='lat' dir='ltr'>ad</span> <span class='ocrx_word' id='word_1_455' title='bbox 1971 1937 2154 1977; x_wconf 85' lang='lat' dir='ltr'>gravamina</span> 
     </span>
     <span class='ocr_line' id='line_1_86' title="bbox 1376 1987 2153 2026; baseline 0 -8"><span class='ocrx_word' id='word_1_456' title='bbox 1376 1988 1457 2019; x_wconf 88' lang='lat' dir='ltr'>clero</span> <span class='ocrx_word' id='word_1_457' title='bbox 1473 2000 1491 2018; x_wconf 91' lang='lat' dir='ltr'>a</span> <span class='ocrx_word' id='word_1_458' title='bbox 1507 1988 1591 2018; x_wconf 86' lang='lat' dir='ltr'>laicis</span> <span class='ocrx_word' id='word_1_459' title='bbox 1607 1988 1714 2022; x_wconf 81' lang='lat' dir='ltr'>illata;</span> <span class='ocrx_word' id='word_1_460' title='bbox 1739 1988 1802 2018; x_wconf 86' lang='lat' dir='ltr'>dat.</span> <span class='ocrx_word' id='word_1_461' title='bbox 1822 1987 1916 2018; x_wconf 83' lang='lat' dir='ltr'>Ebor.</span> <span class='ocrx_word' id='word_1_462' title='bbox 1943 1997 1981 2026; x_wconf 80' lang='lat'>24</span> <span class='ocrx_word' id='word_1_463' title='bbox 2004 1988 2153 2019; x_wconf 85' lang='lat' dir='ltr'>Novemb.</span> 
     </span>
     <span class='ocr_line' id='line_1_87' title="bbox 1382 2038 1822 2078; baseline -0.002 -9"><span class='ocrx_word' id='word_1_464' title='bbox 1382 2050 1416 2069; x_wconf 85' lang='lat'>10</span> <span class='ocrx_word' id='word_1_465' title='bbox 1434 2039 1519 2069; x_wconf 71' lang='lat' dir='ltr'>dev,</span> <span class='ocrx_word' id='word_1_466' title='bbox 1537 2038 1601 2069; x_wconf 90' lang='lat' dir='ltr'>III.</span> <span class='ocrx_word' id='word_1_467' title='bbox 1620 2040 1658 2077; x_wconf 66' lang='grc' dir='ltr'>(ἔ)</span> <span class='ocrx_word' id='word_1_468' title='bbox 1683 2039 1732 2069; x_wconf 83' lang='lat' dir='ltr'>sol.</span> <span class='ocrx_word' id='word_1_469' title='bbox 1750 2049 1822 2078; x_wconf 82' lang='lat'>409.</span> 
     </span>
    </p>

    <p class='ocr_par' dir='ltr' id='par_1_32' title="bbox 1399 2089 2003 2131">
     <span class='ocr_line' id='line_1_88' title="bbox 1399 2089 2003 2131; baseline 0.002 -11"><span class='ocrx_word' id='word_1_470' title='bbox 1399 2090 1495 2131; x_wconf 86' lang='lat' dir='ltr'>Incip.</span> <span class='ocrx_word' id='word_1_471' title='bbox 1512 2095 1531 2106; x_wconf 68' lang='lat'>‘⁵</span> <span class='ocrx_word' id='word_1_472' title='bbox 1545 2089 1658 2120; x_wconf 88' lang='lat' dir='ltr'>Sciatis</span> <span class='ocrx_word' id='word_1_473' title='bbox 1674 2090 1756 2131; x_wconf 87' lang='lat' dir='ltr'>quod</span> <span class='ocrx_word' id='word_1_474' title='bbox 1773 2101 1841 2120; x_wconf 90' lang='lat' dir='ltr'>cum</span> <span class='ocrx_word' id='word_1_475' title='bbox 1858 2090 2003 2122; x_wconf 69' lang='lat' dir='ltr'>duduni.”</span> 
     </span>
    </p>

    <p class='ocr_par' dir='ltr' id='par_1_33' title="bbox 1313 2141 2154 2232">
     <span class='ocr_line' id='line_1_89' title="bbox 1313 2141 2154 2182; baseline 0.001 -11"><span class='ocrx_word' id='word_1_476' title='bbox 1313 2142 1330 2173; x_wconf 82' lang='lat' dir='ltr'>f.</span> <span class='ocrx_word' id='word_1_477' title='bbox 1355 2142 1503 2172; x_wconf 75' lang='lat' dir='ltr'>Glossulae</span> <span class='ocrx_word' id='word_1_478' title='bbox 1527 2152 1619 2182; x_wconf 88' lang='lat' dir='ltr'>super</span> <span class='ocrx_word' id='word_1_479' title='bbox 1641 2141 1791 2172; x_wconf 84' lang='lat' dir='ltr'>Bonifacii</span> <span class='ocrx_word' id='word_1_480' title='bbox 1816 2142 1947 2172; x_wconf 84' lang='lat' dir='ltr'>Sextum</span> <span class='ocrx_word' id='word_1_481' title='bbox 1970 2142 2082 2173; x_wconf 87' lang='lat' dir='ltr'>librum</span> <span class='ocrx_word' id='word_1_482' title='bbox 2101 2142 2154 2172; x_wconf 88' lang='lat' dir='ltr'>de-</span> 
     </span>
     <span class='ocr_line' id='line_1_90' title="bbox 1376 2192 2142 2232; baseline 0 -9"><span class='ocrx_word' id='word_1_483' title='bbox 1376 2192 1538 2223; x_wconf 86' lang='lat' dir='ltr'>cretalium</span> <span class='ocrx_word' id='word_1_484' title='bbox 1554 2204 1593 2223; x_wconf 81' lang='lat' dir='ltr'>ex</span> <span class='ocrx_word' id='word_1_485' title='bbox 1608 2192 1661 2222; x_wconf 88' lang='lat' dir='ltr'>Jo.</span> <span class='ocrx_word' id='word_1_486' title='bbox 1672 2193 1808 2223; x_wconf 75' lang='lat' dir='ltr'>Andreae</span> <span class='ocrx_word' id='word_1_487' title='bbox 1825 2193 1982 2224; x_wconf 74' lang='lat' dir='ltr'>confectae.</span> <span class='ocrx_word' id='word_1_488' title='bbox 2007 2193 2057 2223; x_wconf 86' lang='lat' dir='ltr'>fol.</span> <span class='ocrx_word' id='word_1_489' title='bbox 2070 2203 2106 2232; x_wconf 82' lang='lat'>41</span> <span class='ocrx_word' id='word_1_490' title='bbox 2119 2204 2142 2223; x_wconf 87' lang='lat'>1.</span> 
     </span>
    </p>

    <p class='ocr_par' dir='ltr' id='par_1_34' title="bbox 1398 2243 2078 2285">
     <span class='ocr_line' id='line_1_91' title="bbox 1398 2243 2078 2285; baseline 0.001 -11"><span class='ocrx_word' id='word_1_491' title='bbox 1398 2244 1495 2285; x_wconf 88' lang='lat' dir='ltr'>Incip.</span> <span class='ocrx_word' id='word_1_492' title='bbox 1514 2248 1531 2261; x_wconf 74' lang='lat'>‘⁶</span> <span class='ocrx_word' id='word_1_493' title='bbox 1545 2243 1739 2285; x_wconf 60' lang='lat' dir='ltr'>Bonifacius.</span> <span class='ocrx_word' id='word_1_494' title='bbox 1764 2244 1801 2274; x_wconf 88' lang='lat' dir='ltr'>In</span> <span class='ocrx_word' id='word_1_495' title='bbox 1817 2244 1874 2275; x_wconf 90' lang='lat' dir='ltr'>hoc</span> <span class='ocrx_word' id='word_1_496' title='bbox 1890 2244 2078 2285; x_wconf 77' lang='lat' dir='ltr'>prohemio.”</span> 
     </span>
    </p>

    <p class='ocr_par' dir='ltr' id='par_1_35' title="bbox 1374 2295 2153 2692">
     <span class='ocr_line' id='line_1_92' title="bbox 1399 2295 2152 2332; baseline 0.001 -7"><span class='ocrx_word' id='word_1_497' title='bbox 1399 2297 1437 2326; x_wconf 92' lang='lat' dir='ltr'>In</span> <span class='ocrx_word' id='word_1_498' title='bbox 1454 2296 1536 2326; x_wconf 82' lang='lat' dir='ltr'>ealce</span> <span class='ocrx_word' id='word_1_499' title='bbox 1552 2300 1624 2326; x_wconf 85' lang='lat' dir='ltr'>sunt</span> <span class='ocrx_word' id='word_1_500' title='bbox 1636 2301 1731 2326; x_wconf 79' lang='lat' dir='ltr'>cartae</span> <span class='ocrx_word' id='word_1_501' title='bbox 1752 2300 1816 2326; x_wconf 89' lang='lat' dir='ltr'>tres</span> <span class='ocrx_word' id='word_1_502' title='bbox 1830 2296 1945 2326; x_wconf 86' lang='lat' dir='ltr'>Adami</span> <span class='ocrx_word' id='word_1_503' title='bbox 1958 2295 2105 2332; x_wconf 87' lang='lat' dir='ltr'>Abbatis‚</span> <span class='ocrx_word' id='word_1_504' title='bbox 2121 2296 2152 2326; x_wconf 89' lang='lat' dir='ltr'>S.</span> 
     </span>
     <span class='ocr_line' id='line_1_93' title="bbox 1374 2340 2151 2388; baseline 0 -11"><span class='ocrx_word' id='word_1_505' title='bbox 1374 2340 1446 2377; x_wconf 67' lang='lat' dir='ltr'>Iloh.</span> <span class='ocrx_word' id='word_1_506' title='bbox 1459 2348 1496 2378; x_wconf 85' lang='grc'>(10</span> <span class='ocrx_word' id='word_1_507' title='bbox 1508 2347 1698 2377; x_wconf 71' lang='lat' dir='ltr'>Colocestria</span> <span class='ocrx_word' id='word_1_508' title='bbox 1711 2354 1742 2377; x_wconf 84' lang='lat' dir='ltr'>et</span> <span class='ocrx_word' id='word_1_509' title='bbox 1756 2347 1894 2388; x_wconf 84' lang='lat' dir='ltr'>R[ogeri]</span> <span class='ocrx_word' id='word_1_510' title='bbox 1906 2347 1998 2388; x_wconf 84' lang='lat' dir='ltr'>episc.</span> <span class='ocrx_word' id='word_1_511' title='bbox 2012 2347 2151 2377; x_wconf 89' lang='lat' dir='ltr'>London.</span> 
     </span>
     <span class='ocr_line' id='line_1_94' title="bbox 1374 2398 2151 2439; baseline -0.001 -10"><span class='ocrx_word' id='word_1_512' title='bbox 1374 2399 1414 2429; x_wconf 86' lang='lat' dir='ltr'>ad</span> <span class='ocrx_word' id='word_1_513' title='bbox 1438 2398 1598 2429; x_wconf 79' lang='lat' dir='ltr'>ecclesian]</span> <span class='ocrx_word' id='word_1_514' title='bbox 1622 2398 1660 2428; x_wconf 88' lang='lat' dir='ltr'>dc</span> <span class='ocrx_word' id='word_1_515' title='bbox 1684 2398 1838 2439; x_wconf 83' lang='lat' dir='ltr'>Takeleye</span> <span class='ocrx_word' id='word_1_516' title='bbox 1861 2403 1893 2428; x_wconf 85' lang='lat' dir='ltr'>et</span> <span class='ocrx_word' id='word_1_517' title='bbox 1913 2398 2075 2439; x_wconf 79' lang='lat' dir='ltr'>Ardeleye,</span> <span class='ocrx_word' id='word_1_518' title='bbox 2093 2402 2151 2429; x_wconf 84' lang='lat' dir='ltr'>etc.</span> 
     </span>
     <span class='ocr_line' id='line_1_95' title="bbox 1375 2448 2153 2490; baseline 0 -11"><span class='ocrx_word' id='word_1_519' title='bbox 1375 2454 1562 2490; x_wconf 88' lang='lat' dir='ltr'>spectantes,</span> <span class='ocrx_word' id='word_1_520' title='bbox 1593 2449 1672 2480; x_wconf 78' lang='lat' dir='ltr'>datt.</span> <span class='ocrx_word' id='word_1_521' title='bbox 1694 2459 1792 2490; x_wconf 81' lang='lat'>12373</span> <span class='ocrx_word' id='word_1_522' title='bbox 1823 2453 1854 2480; x_wconf 88' lang='lat' dir='ltr'>et</span> <span class='ocrx_word' id='word_1_523' title='bbox 1881 2449 1912 2479; x_wconf 92' lang='lat' dir='ltr'>in</span> <span class='ocrx_word' id='word_1_524' title='bbox 1932 2448 1993 2480; x_wconf 82' lang='lat' dir='ltr'>fine</span> <span class='ocrx_word' id='word_1_525' title='bbox 2010 2454 2028 2465; x_wconf 86' lang='grc'>“</span> <span class='ocrx_word' id='word_1_526' title='bbox 2041 2449 2153 2480; x_wconf 87' lang='lat' dir='ltr'>Omnia</span> 
     </span>
     <span class='ocr_line' id='line_1_96' title="bbox 1375 2500 2153 2531; baseline 0 -1"><span class='ocrx_word' id='word_1_527' title='bbox 1375 2500 1430 2530; x_wconf 89' lang='lat' dir='ltr'>hec</span> <span class='ocrx_word' id='word_1_528' title='bbox 1447 2505 1478 2530; x_wconf 87' lang='lat' dir='ltr'>ct</span> <span class='ocrx_word' id='word_1_529' title='bbox 1497 2500 1595 2531; x_wconf 88' lang='lat' dir='ltr'>multa</span> <span class='ocrx_word' id='word_1_530' title='bbox 1618 2500 1680 2530; x_wconf 88' lang='lat' dir='ltr'>alia</span> <span class='ocrx_word' id='word_1_531' title='bbox 1701 2500 1919 2530; x_wconf 83' lang='lat' dir='ltr'>concernentia</span> <span class='ocrx_word' id='word_1_532' title='bbox 1939 2500 2098 2530; x_wconf 87' lang='lat' dir='ltr'>ecclesiam</span> <span class='ocrx_word' id='word_1_533' title='bbox 2115 2500 2153 2530; x_wconf 87' lang='lat' dir='ltr'>de</span> 
     </span>
     <span class='ocr_line' id='line_1_97' title="bbox 1375 2550 2152 2591; baseline 0 -11"><span class='ocrx_word' id='word_1_534' title='bbox 1375 2550 1528 2591; x_wconf 79' lang='lat' dir='ltr'>Ardelcye</span> <span class='ocrx_word' id='word_1_535' title='bbox 1563 2550 1703 2591; x_wconf 85' lang='lat' dir='ltr'>predicta</span> <span class='ocrx_word' id='word_1_536' title='bbox 1737 2550 1768 2580; x_wconf 92' lang='lat' dir='ltr'>in</span> <span class='ocrx_word' id='word_1_537' title='bbox 1802 2550 1935 2580; x_wconf 86' lang='lat' dir='ltr'>archivis</span> <span class='ocrx_word' id='word_1_538' title='bbox 1970 2550 2030 2580; x_wconf 93' lang='lat' dir='ltr'>divi</span> <span class='ocrx_word' id='word_1_539' title='bbox 2062 2550 2152 2581; x_wconf 89' lang='lat' dir='ltr'>Pauli</span> 
     </span>
     <span class='ocr_line' id='line_1_98' title="bbox 1378 2601 2151 2643; baseline -0.001 -12"><span class='ocrx_word' id='word_1_540' title='bbox 1378 2601 1514 2632; x_wconf 87' lang='lat' dir='ltr'>London.</span> <span class='ocrx_word' id='word_1_541' title='bbox 1533 2602 1589 2632; x_wconf 86' lang='lat' dir='ltr'>sub</span> <span class='ocrx_word' id='word_1_542' title='bbox 1613 2601 1728 2643; x_wconf 83' lang='lat' dir='ltr'>sigillis,</span> <span class='ocrx_word' id='word_1_543' title='bbox 1753 2601 1784 2631; x_wconf 92' lang='lat' dir='ltr'>in</span> <span class='ocrx_word' id='word_1_544' title='bbox 1801 2601 1912 2632; x_wconf 89' lang='lat' dir='ltr'>scrinio</span> <span class='ocrx_word' id='word_1_545' title='bbox 1930 2601 1959 2631; x_wconf 93' lang='lat' dir='ltr'><strong>U</strong></span> <span class='ocrx_word' id='word_1_546' title='bbox 1978 2601 2087 2642; x_wconf 83' lang='lat' dir='ltr'>quinto</span> <span class='ocrx_word' id='word_1_547' title='bbox 2106 2612 2151 2631; x_wconf 89' lang='lat' dir='ltr'>re-</span> 
     </span>
     <span class='ocr_line' id='line_1_99' title="bbox 1376 2651 1823 2692; baseline 0.002 -12"><span class='ocrx_word' id='word_1_548' title='bbox 1376 2651 1467 2691; x_wconf 82' lang='lat' dir='ltr'>periri</span> <span class='ocrx_word' id='word_1_549' title='bbox 1483 2656 1515 2682; x_wconf 85' lang='lat' dir='ltr'>et</span> <span class='ocrx_word' id='word_1_550' title='bbox 1532 2651 1627 2682; x_wconf 87' lang='lat' dir='ltr'>videri</span> <span class='ocrx_word' id='word_1_551' title='bbox 1643 2652 1823 2692; x_wconf 87' lang='lat' dir='ltr'>poterunt.&#39;’</span> 
     </span>
    </p>

    <p class='ocr_par' dir='ltr' id='par_1_36' title="bbox 1397 2701 1775 2743">
     <span class='ocr_line' id='line_1_100' title="bbox 1397 2701 1775 2743; baseline -0.003 -11"><span class='ocrx_word' id='word_1_552' title='bbox 1397 2702 1570 2743; x_wconf 84' lang='lat' dir='ltr'>Subjuncta</span> <span class='ocrx_word' id='word_1_553' title='bbox 1586 2706 1658 2732; x_wconf 88' lang='lat' dir='ltr'>sunt</span> <span class='ocrx_word' id='word_1_554' title='bbox 1673 2701 1775 2739; x_wconf 88' lang='lat' dir='ltr'>indici,</span> 
     </span>
    </p>

    <p class='ocr_par' dir='ltr' id='par_1_37' title="bbox 1311 2751 2152 2794">
     <span class='ocr_line' id='line_1_101' title="bbox 1311 2751 2152 2794; baseline -0.002 -11"><span class='ocrx_word' id='word_1_555' title='bbox 1311 2763 1339 2783; x_wconf 87' lang='lat' dir='ltr'>a.</span> <span class='ocrx_word' id='word_1_556' title='bbox 1357 2752 1455 2784; x_wconf 86' lang='lat' dir='ltr'>Carta</span> <span class='ocrx_word' id='word_1_557' title='bbox 1481 2753 1554 2783; x_wconf 88' lang='lat' dir='ltr'>Joh.</span> <span class='ocrx_word' id='word_1_558' title='bbox 1582 2764 1629 2794; x_wconf 84' lang='lat' dir='ltr'>ep.</span> <span class='ocrx_word' id='word_1_559' title='bbox 1659 2752 1796 2784; x_wconf 90' lang='lat' dir='ltr'>Lincoln.</span> <span class='ocrx_word' id='word_1_560' title='bbox 1823 2752 1863 2782; x_wconf 85' lang='lat' dir='ltr'>ad</span> <span class='ocrx_word' id='word_1_561' title='bbox 1888 2751 2047 2783; x_wconf 83' lang='lat' dir='ltr'>ecclesiam</span> <span class='ocrx_word' id='word_1_562' title='bbox 2075 2763 2152 2792; x_wconf 65' lang='lat' dir='ltr'>prze-</span> 
     </span>
    </p>
   </div>
  </div>
 </body>
</html>
