2254 3117
402 263 480 290 vent.
506 259 632 290 Cisterc.
656 269 710 299 per
726 258 891 299 Angliam;
916 259 980 289 dat.
1005 259 1148 289 Avinion.
1165 259 1194 289 ii.

403 322 473 341 non.
491 311 581 341 Febr.
598 321 646 340 an.
664 309 772 350 pontif.
788 320 818 349 3.
843 310 892 339 fol.
912 320 949 351 75
967 310 996 340 b.

341 372 367 391 c.
384 361 570 392 Recordatio
594 360 712 390 dierum
736 364 894 391 tentorum
918 361 999 402 apud
1023 361 1194 391 Oecharde-

404 422 499 447 sacm,
515 422 596 441 anno
614 410 740 440 Domini
754 411 915 442 millesimo
928 423 987 442 ccc.
1005 411 1193 442 duodecimo.

403 461 452 491 fol.
471 463 520 500 76.

445 512 542 553 Incip.
566 517 584 529 “
603 512 662 543 Die
689 512 819 543 Veneris
849 525 934 554 prox.
967 518 1036 554 post
1064 514 1131 544 fest.
1161 515 1192 543 S.

403 563 544 603 Dyonisii
575 563 711 594 martiris
737 575 819 594 anno
845 565 929 605 regni
955 566 1035 606 regis
1063 565 1192 595 Edward

402 618 501 649 sexto,
521 615 716 654 presentibus
732 615 866 646 Ricardo
883 617 920 646 de
940 616 1095 651 Atforton,
1117 617 1193 646 Wil-

401 665 490 694 lelmo
504 665 542 695 de
559 665 713 702 stretton,
726 670 782 697 etc.
801 674 807 682 ⁵
824 667 907 698 venit
922 667 1019 698 frater
1034 668 1194 698 Johannos

401 716 439 746 de
462 716 492 746 la
508 716 769 758 W⁷alkyngmulne
792 719 874 758 apud
902 718 1141 749 Cochardisacre
1162 722 1194 748 ct

402 767 474 797 fecit
497 767 594 808 legem
621 779 707 798 suam
727 780 819 809 quam
841 769 918 799 alias
935 769 1069 800 vadiavit
1085 775 1193 800 contra

401 817 558 848 dominum
580 819 602 849 J
606 819 757 850 ohannem
782 820 819 850 de
844 820 873 850 la
891 821 931 849 W
935 831 1004 850 arre
1025 832 1080 861 per
1096 820 1192 850 eonsi-

402 869 595 899 deracionem
612 871 778 911 proborum
795 871 982 901 hominum.”

338 921 368 950 d.
386 921 471 951 Ordo
487 922 635 952 festorum
659 924 824 954 secundum
847 923 952 954 literas
976 923 1191 953 Dominicalcs.

402 972 450 1003 fol.
469 981 517 1012 77.

318 1091 437 1125 Codex
471 1091 762 1132 membranaceus,
795 1094 827 1125 iu
858 1093 948 1131 folio,
975 1093 1006 1126 ff.
1027 1096 1107 1129 325,
1126 1105 1191 1126 sec.

340 1150 419 1187 xiv.⁹
439 1149 526 1183 binis
544 1149 712 1183 columnis
730 1156 899 1184 exaratus.

358 1212 387 1240 1.
403 1209 559 1251 Anonymi
584 1210 742 1249 cujusdam
767 1211 832 1241 ord.
856 1212 1098 1242 Praedieatorum
1124 1212 1191 1241 Ser*

420 1271 528 1290 mones
553 1260 584 1290 in
612 1261 781 1302 Evangelia
808 1262 1012 1293 Dominicalia
1043 1274 1096 1304 per
1119 1263 1190 1294 anni

420 1322 552 1347 cursum,
568 1322 637 1341 cum
653 1312 788 1352 prologo.
813 1313 863 1342 fol.
887 1323 907 1342 ι.

462 1362 560 1403 Incip.
573 1362 648 1403 prol.
663 1368 680 1379 “⁴
693 1362 838 1393 Humane
854 1363 915 1394 vite
931 1364 1030 1394 labilis
1046 1365 1191 1395 decursus

442 1413 557 1444 salubri
573 1413 746 1444 erudicione
763 1425 810 1444 me
826 1415 958 1445 lnovet.”

464 1464 562 1505 Incip.
585 1475 676 1495 serm.
694 1464 712 1495 i.
736 1470 752 1482 ⁴·
771 1465 943 1507 Preparatc
973 1466 1003 1496 in
1032 1477 1190 1496 occursum

443 1515 534 1551 Dei,’'
548 1518 606 1545 etc.
651 1519 670 1532 ‘⁴
683 1514 760 1545 Cum
780 1527 834 1546 rex
855 1516 901 1546 vel
921 1516 1030 1557 aliquis
1051 1516 1192 1557 princeps

442 1565 572 1606 ingenue
588 1565 776 1606 dignitatis.”

463 1616 568 1647 Desin.
587 1616 642 1647 ult.
668 1622 686 1634 ‘⁶
704 1618 843 1648 omnibus
865 1619 944 1648 sicut
968 1619 1035 1659 ipsa
1059 1618 1122 1648 vita
1145 1623 1192 1648 est

442 1668 630 1704 communis3
648 1669 699 1699 Ad
714 1669 797 1699 illum
807 1670 1001 1701 benedictum
1018 1670 1109 1700 finem
1126 1681 1191 1711 pcr-

443 1720 536 1750 ducat
552 1730 607 1749 nos
623 1719 689 1756 Ille,
707 1720 765 1759 Qui
782 1721 844 1751 sine
860 1722 920 1752 fine
936 1721 1038 1758 vivit‚⁷'
1055 1726 1113 1752 etc.

464 1770 610 1811 Sequitur
633 1771 740 1802 tabula
761 1772 965 1813 alphabetica,
983 1772 1073 1813 incip.
1091 1778 1111 1790 “
1126 1772 1189 1802 Ab.

441 1822 588 1853 stinencie
604 1833 658 1852 sex
675 1828 747 1853 sunt
763 1824 911 1864 species.”

357 1876 386 1904 2.
410 1873 566 1915 Anonymi
603 1874 761 1915 cujusdam
801 1875 963 1905 Semnones
997 1876 1191 1916 quadragesi-

422 1925 524 1956 males.
548 1924 599 1955 fol.
615 1926 683 1955 218.

464 1975 560 2016 Incip.
586 1980 605 1993 ‘⁶
625 1975 705 2006 Filia
735 1977 839 2018 populi
869 1978 927 2008 mei
955 1978 1108 2013 indilex·e,”
1135 1982 1190 2008 etc.

466 2032 483 2044 “
500 2027 607 2058 Omnis
635 2027 835 2068 solempnitas
861 2029 1133 2070 quadragesimalis
1162 2029 1192 2058 in

444 2078 583 2119 sequenti
600 2078 793 2109 Dominica.”

466 2129 571 2160 Desin.
605 2129 660 2160 ult.
693 2134 712 2147 ‘⁶
735 2133 767 2160 et
800 2130 941 2171 precibus
976 2130 1193 2171 gloriosissime

445 2180 546 2211 Marie
562 2180 687 2221 virginis
712 2181 821 2211 matris
845 2181 975 2212 Domine
1000 2185 1104 2212 nostre
1130 2181 1193 2222 ipse

446 2231 542 2262 Filius
557 2231 617 2261 Dei
629 2231 657 2267 3⁷³
680 2235 738 2262 etc.

467 2282 614 2323 Sequitur
629 2283 736 2313 tabula
748 2282 952 2323 alphabetico.9
965 2284 1054 2324 incip.
1068 2283 1193 2313 “Abra-

446 2334 517 2364 ham
534 2334 594 2365 tria
609 2334 890 2365 connnendabilia.”

728 2426 795 2461 ΙΙΙ.

323 2490 620 2527 Membranaceus,
646 2492 681 2524 in
709 2490 791 2524 folio
817 2491 949 2529 minori,
976 2491 1107 2531 ff.143‚
1129 2503 1193 2525 sec.

347 2550 416 2582 xiv.
436 2550 605 2588 exeuntis,
632 2549 721 2582 binis
747 2548 916 2582 columnis
944 2555 1123 2589 exaratum
1152 2562 1195 2583 ex

348 2609 437 2640 dono
471 2602 626 2652 magistri
659 2607 798 2640 Thomae
830 2606 978 2643 Baroun,
1007 2607 1088 2640 olim
1119 2608 1194 2641 coll.

350 2664 460 2697 Exon.
479 2665 656 2709 capellani.

367 2725 385 2755 J
389 2725 475 2755 acobi
491 2724 659 2756 Januensis
673 2725 781 2756 tabula
801 2735 893 2766 super
908 2724 1054 2755 historias
1071 2725 1195 2759 Bibba-2

388 2777 494 2807 ordine
510 2776 714 2817 alphabetico.

875 159 1173 195 CATALOGUS
1200 159 1432 195 CODICUM
1460 160 1568 194 MSS.

1353 259 1414 289 Tit.
1429 262 1446 275 ‘⁴
1458 257 1572 299 Incipit
1584 256 1691 288 tabula
1703 256 1808 287 fratris
1819 256 1929 287 Jacobi
1942 256 2120 294 Januensis,

1331 320 1416 340 sacre
1434 308 1587 348 theologie
1603 307 1748 342 doctoris,
1766 306 1881 336 ordinis
1896 307 2028 337 fratrum
2046 307 2119 337 Pre-

1330 360 1502 390 dicatorum
1518 369 1610 400 super
1626 357 1769 388 historias
1784 357 1904 387 biblie.”

1352 410 1447 450 Incip.
1465 415 1483 427 “
1498 408 1702 440 Abstinencia
1718 419 1789 439 earo
1805 409 1978 439 domatur?

1352 461 1456 491 Desiu.
1476 466 1493 477 “
1506 466 1536 491 et
1553 461 1648 490 eciam
1665 460 1715 490 ubi
1733 460 1834 500 passio
1850 471 1904 500 per
1919 461 2049 490 totum?¹

1352 513 1388 543 Iu
1414 513 1507 548 culce,
1533 517 1552 529 “
1572 511 1751 551 Explieiunt
1777 522 1932 542 sermones
1954 511 2121 542 Januensis

1330 564 1434 594 fratris
1450 563 1565 593 ordinis
1582 562 1845 593 Predicatwumf’

1352 613 1497 653 Sequitur
1513 613 1620 643 tabula
1636 612 1805 643 titulorum.

1245 783 1364 815 Codex
1383 783 1673 820 membranaceus,
1689 782 1721 814 in
1742 781 1823 814 folio
1841 782 1975 821 minori,
1994 782 2026 815 ff.
2041 783 2118 818 142,

1269 853 1335 873 see.
1352 841 1407 879 xi„
1427 840 1514 873 bene
1535 844 1696 873 exaratus
1714 845 1749 872 et
1767 844 1930 873 servatus.

1288 900 1446 934 Prisciani,
1464 899 1665 930 Grammatici
1691 899 1895 935 Caesariensis,
1918 899 1956 929 (le
1981 900 2121 940 partibus

1307 951 1455 981 orationis
1476 951 1544 980 libri
1570 951 1712 987 sedecim,
1728 951 1841 991 praevia
1864 951 1994 991 epistola
2009 951 2047 981 ad
2064 951 2119 981 Ju-

1306 1003 1420 1033 lianum
1437 1002 1591 1032 consulem
1603 1007 1635 1033 et
1652 1002 1825 1043 patricium.

1349 1053 1410 1083 Tit.
1428 1053 1573 1093 “Incipit
1597 1064 1647 1083 ars
1670 1053 1818 1083 Prisciani
1842 1053 2036 1093 grammatici
2057 1053 2120 1084 Cae-

1328 1104 1471 1135 sariensis
1502 1104 1637 1134 doctoris
1664 1104 1748 1134 urbis
1774 1104 1879 1133 Romae
1904 1104 2120 1134 Constantino-

1328 1155 1471 1196 politanfc
1488 1155 1525 1185 dc
1542 1166 1614 1185 voce
1631 1160 1661 1185 et
1678 1155 1743 1194 ejus
1759 1155 1944 1195 sp(·ciebus.'⁷

1350 1207 1385 1236 In
1402 1206 1495 1242 ealce,
1512 1212 1530 1224 ‘¹‘
1547 1206 1695 1236 Prisciani
1713 1207 1899 1237 Cesariensis
1926 1207 2119 1247 grammatici

1328 1258 1383 1288 viri
1396 1257 1587 1288 disertissimi
1605 1258 1740 1288 doctoris
1755 1257 1840 1288 urbis
1852 1257 1958 1288 Romae
1971 1258 2120 1288 Constan-

1328 1309 1541 1350 tinopolitanae
1557 1309 1595 1338 de
1619 1314 1689 1339 octo
1716 1309 1855 1349 partibus
1878 1309 2026 1339 orationis
2045 1309 2121 1340 liber

1328 1361 1385 1390 xvi.
1403 1359 1561 1401 cxplicit.''

1660 1441 1705 1475 V.

1246 1503 1541 1541 Membranaceus,
1568 1505 1602 1538 in
1631 1504 1712 1537 folio
1739 1504 1873 1545 minori,
1896 1504 2024 1545 ff.333‚
2051 1517 2118 1539 sec.

1269 1562 1338 1595 xiii.
1368 1563 1536 1599 exeuntis,
1564 1563 1652 1595 binis
1676 1562 1845 1595 columnis
1870 1563 1979 1596 nitide
2003 1575 2120 1597 exara-

1268 1625 1342 1659 tus3
1371 1620 1452 1653 olim
1474 1620 1533 1653 W.
1549 1620 1712 1653 Howard.

1286 1680 1388 1710 Biblia
1411 1692 1499 1711 sacra
1523 1681 1675 1718 universa,
1699 1692 1736 1711 ex
1760 1681 1898 1711 versione
1924 1681 2061 1722 vulgata,
2087 1682 2119 1712 S.

1308 1731 1500 1772 Hieronymi,
1515 1743 1632 1762 necnon
1645 1733 1746 1773 quoad
1763 1732 2009 1762 Maccahaeorum
2026 1732 2120 1763 libros

1307 1783 1427 1813 Rabani
1445 1783 1562 1819 Mauri,
1578 1783 1712 1824 prologis
1728 1783 1853 1814 usitatis
1868 1783 2030 1814 instructa.

1350 1834 1498 1875 Sequitur
1521 1834 1747 1875 Interpretatio
1771 1835 1928 1865 nominum
1952 1835 2119 1866 Hebraico-

1327 1897 1394 1916 rum
1417 1886 1583 1916 secundum
1604 1886 1780 1927 Remigium
1798 1886 2101 1917 Autissiodorensem
2113 1900 2120 1924 ;

1328 1937 1427 1968 mutil.

1350 1987 1466 2018 Deficit
1486 1987 1517 2017 in
1542 1988 1653 2024 verbis,
1669 1991 1688 2005 ‘⁶
1703 1988 1856 2023 Azoride;
1881 1988 2056 2019 incendium
2076 1990 2121 2020 vel

1329 2038 1408 2079 ignis
1423 2038 1590 2079 patruelis”

1649 2132 1716 2166 VI.

1247 2195 1545 2235 Membranaceus,
1572 2195 1606 2228 in
1631 2195 1713 2229 folio
1736 2196 1869 2234 minori,
1896 2195 1929 2229 ff.
1946 2195 2025 2235 267,
2055 2207 2120 2229 sec.

1269 2254 1357 2291 xiv.;
1386 2253 1473 2286 binis
1491 2252 1659 2286 columnis
1677 2258 1847 2287 exaratus.

1255 2323 1263 2330 ⁴
1289 2318 1318 2348 S.
1329 2317 1351 2348 J
1354 2317 1484 2348 ohannis
1500 2317 1712 2358 Chrysostomi
1727 2317 1759 2348 in
1776 2317 1805 2347 S.
1821 2317 1967 2349 Matthaei
1983 2317 2121 2359 Evange-

1308 2369 1382 2399 lium
1399 2375 1407 2386 ⁶
1421 2380 1497 2409 opus
1518 2368 1752 2409 impe1·fectum‚'
1767 2368 1900 2399 homiliis
1922 2369 2122 2410 quinquagin-

1309 2424 1343 2450 ta
1358 2423 1476 2460 septem
1492 2419 1754 2460 comprehensum,
1771 2418 1886 2460 praevia
1901 2419 2016 2449 tabula.

1352 2470 1451 2511 Incip.
1467 2470 1552 2512 praef.
1571 2475 1588 2486 ‘⁵
1600 2470 1688 2500 Sicut
1703 2470 1841 2501 referunt
1857 2469 1982 2510 quidam
1998 2469 2122 2500 Mathe-

1331 2533 1382 2551 um
1399 2521 1532 2552 scribere
1548 2521 1738 2562 evangelium
1755 2532 1848 2552 causa
1864 2521 2012 2562 compulit
2024 2521 2123 2551 talis?

1354 2573 1490 2603 Exstant
1516 2572 1652 2614 impress.
1683 2573 1715 2602 in
1743 2572 1833 2603 editt.
1858 2572 1912 2603 Gr.
1939 2571 2007 2602 Lat.
2032 2570 2123 2601 variis

1332 2635 1403 2664 opp.
1421 2623 1451 2654 S.
1465 2623 1688 2665 Chrysostomi.

1305 2681 1308 2685 '
1356 2675 1392 2705 In
1409 2675 1501 2712 calce,
1518 2681 1538 2693 ‘⁶
1550 2675 1729 2716 Expliciunt
1744 2674 1852 2705 omelie
1868 2674 1889 2704 J
1892 2674 2021 2704 ohannis
2037 2673 2124 2704 Chri-

1333 2726 1460 2756 sostomi
1482 2726 1657 2766 patriarche
1673 2724 2012 2766 Constantinopolitani
2032 2735 2123 2765 super

1335 2778 1499 2808 Matheum
1515 2777 1616 2818 operis
1632 2776 1803 2818 imperfecti
1819 2780 1850 2807 et
1866 2776 1997 2807 cetera.”
