2254 3117
333 161 379 192 24

461 255 557 297 Incip.
573 255 593 287 i.
610 259 630 273 “
642 256 815 296 Postquam
831 255 1037 286 consummati
1057 261 1140 294 sunt,
1155 260 1214 287 etc.
1246 259 1248 306 y

438 306 542 345 Quia
534 318 565 336 ln
581 306 642 337 ista
658 316 747 336 sacla
762 305 1012 345 solempnitate?

352 366 380 396 7.
400 365 527 395 Thomae
549 364 699 400 Maldoni
723 364 788 394 ord.
805 364 937 394 Carmel.
958 363 988 394 S.
1003 364 1038 395 Τ
1050 365 1087 395 Ρ.
1104 366 1218 396 Canta-

415 416 586 458 brigiensis,
597 416 731 446 Lectura
741 426 834 456 super
843 415 995 456 psalmum
1004 417 1102 447 cxviii.
1111 417 1216 459 [cxix]

415 466 465 496 fol.
485 476 552 505 ¹90·

458 517 552 557 Incip.
571 520 589 532 “
602 516 781 547 Bonitatcm
799 520 831 547 et
847 517 1051 558 disciplinam,
1064 523 1122 550 ctc.
1155 519 1216 550 Re-

433 568 557 598 verendi
575 567 709 604 Domini,
726 571 807 598 teste
825 568 1028 604 Damasceno.
1046 570 1175 610 primo.”

454 619 492 648 In
515 619 606 655 calce,
632 619 802 660 “Explicit
825 619 944 650 lectura
969 621 1075 651 fratris
1098 621 1216 651 Thome

433 671 471 701 de
488 670 650 706 Maldona,
668 671 846 707 Carmelite,
863 683 950 702 sacre
970 673 1082 713 pagine
1099 673 1215 703 confes-

433 721 511 752 soris
528 721 595 762 [sz'c]
612 722 761 752 cathedre
778 723 1017 764 Oantebrigge.”

453 772 491 802 In
509 777 644 813 quatuor
664 772 745 803 foliis
768 773 875 814 primis
896 774 1057 814 rejectitiis
1082 774 1217 805 habetur

431 824 641 865 fragmentum
656 824 876 865 disputationis
889 825 927 855 dc
944 825 1106 866 religiosis,
1123 826 1213 867 incip.

433 879 450 891 “
463 878 597 906 —est
620 886 675 916 per
695 874 797 911 fidem,
820 876 901 906 unde
925 876 1039 907 dicitur
1056 876 1154 907 Ilebr.
1173 877 1212 907 xi.

431 926 643 957 Accedentem
663 927 704 956 ad
725 926 826 957 Deum
848 931 973 968 oportet
995 928 1120 958 credere
1142 929 1214 969 quia

431 977 508 1007 est.”

680 1058 860 1092 LXXXI.

323 1123 445 1157 Codex
472 1122 767 1155 membranaceus.
795 1122 829 1154 in
860 1121 941 1154 folio
967 1123 1151 1166 grandiori.
1180 1123 1211 1156 ff.

348 1182 431 1220 391,
456 1191 522 1213 sec.
543 1191 598 1213 xv.
621 1178 794 1217 exeuntis,
822 1178 910 1211 binis
937 1178 1107 1212 columnis
1134 1191 1214 1212 exa-

348 1242 465 1277 ratus3
501 1249 544 1271 ex
577 1237 667 1270 dono
698 1236 843 1269 Roberti
872 1235 987 1280 Abay,
1020 1236 1097 1269 coll.
1124 1237 1211 1270 Ball.

346 1296 513 1341 magistri.

366 1359 539 1391 Alexandri
560 1359 746 1400 Carpentcr,
767 1358 832 1389 coll.
855 1358 928 1389 Ball.
948 1359 1103 1400 quondam
1129 1359 1212 1396 socii,

387 1410 640 1442 Destructorium
659 1410 828 1446 Vitiorum,
852 1410 882 1439 in
906 1415 1012 1450 partes
1035 1416 1106 1441 octo
1130 1411 1213 1450 prin·
1242 1442 1243 1446 ,

386 1462 499 1503 cipales
516 1461 709 1497 distinctum,
725 1461 840 1502 przevia
857 1461 1063 1502 capitulorum
1080 1461 1198 1491 tabula.

428 1513 527 1554 Incip.
544 1523 648 1553 expos.
663 1512 727 1542 tab.
746 1517 763 1528 “
776 1512 842 1542 Iste
859 1512 943 1548 liber,
960 1512 1010 1553 qui
1029 1512 1211 1543 Destructo-

407 1564 487 1595 rium
504 1564 664 1594 Viciorum
688 1568 897 1604 nuncupatur,
918 1568 988 1594 octo
1012 1567 1118 1604 partes
1142 1575 1211 1594 con-

407 1616 486 1647 tinet
503 1615 718 1657 p1·incipalcS.”

428 1668 552 1698 Exstat.
570 1667 710 1708 impress.
727 1667 757 1696 in
774 1666 823 1696 fol.
840 1666 940 1697 Paris.
957 1668 1048 1707 1516,
1065 1670 1095 1697 et
1112 1666 1195 1697 alibi.

428 1719 635 1760 Subjungit-ur
650 1718 743 1749 index
759 1718 985 1759 alphabeticus,
1002 1717 1049 1747 cui
1072 1718 1210 1748 succedit

407 1771 557 1811 colophon
579 1781 720 1811 sequens,
737 1774 754 1786 “
768 1770 922 1799 Auferens
943 1769 1105 1809 angustias
1125 1775 1210 1800 tene·
1240 1795 1241 1798 ,

407 1823 534 1853 brarum
545 1822 706 1863 cujusdam
722 1820 802 1851 fabri
819 1820 940 1861 lignarii
957 1820 1037 1850 filius
1052 1820 1109 1850 hec
1122 1824 1209 1851 nota·
1240 1816 1241 1855 1

406 1872 481 1902 bilia
501 1871 682 1913 supradicta
701 1882 739 1901 ex
761 1875 941 1901 sanctorum
957 1870 1121 1900 doctorum
1143 1882 1209 1901 sen·

407 1923 517 1954 tenciis
537 1929 569 1954 et
588 1934 674 1953 sacre
696 1922 848 1963 scripture
869 1922 1063 1952 documentis
1087 1921 1209 1963 collegit
1240 1916 1241 1926 ¹

407 1978 439 2005 et
462 1975 502 2005 ad
526 1974 674 2004 honorem
698 1974 758 2004 Dei
785 1973 920 2004 scribere
944 1977 975 2003 et
1002 1984 1056 2003 suc
1084 1973 1210 2004 ecclesie

407 2025 575 2055 utilitatem
597 2024 741 2055 decrevit.
788 2023 830 2054 Et
851 2034 928 2064 opus
950 2023 1107 2064 inceptum
1128 2034 1210 2053 anno
1240 2018 1241 2037 ³

408 2076 533 2106 Domini
557 2075 718 2105 millesimo
741 2074 915 2105 eccc.xxix.
940 2075 980 2104 ad
1003 2074 1096 2104 finem
1119 2079 1208 2116 opta·
1239 2103 1241 2107 ,

408 2131 475 2157 tum
512 2126 659 2167 perduxit
695 2130 726 2156 et
760 2125 1013 2156 Destructorium
1046 2125 1208 2156 Viciorum

407 2177 597 2218 nuncupavit
623 2177 768 2213 libellum,
798 2177 866 2207 Deo
896 2176 1028 2217 gracias,
1059 2177 1209 2217 scriptum

412 2230 523 2269 1475·’'
759 2238 766 2245 ·
1239 2212 1240 2257 l

430 2280 520 2310 Folia
536 2280 566 2310 in
581 2279 670 2310 initio
682 2283 714 2309 et
726 2278 786 2309 fine
802 2279 979 2319 rejectanea
995 2279 1208 2309 commentarii
1239 2272 1240 2308 1

406 2330 523 2361 habent
539 2330 749 2371 fragmentum
765 2340 857 2369 super
874 2328 1076 2359 Hieremiam.
1239 2318 1240 2329 ¹

667 2431 865 2465 LXXXII.
1238 2427 1239 2502 ἒ

323 2495 624 2535 Membranaceus,
651 2494 686 2527 in
714 2493 796 2527 folio
822 2493 958 2533 minori,
982 2493 1015 2526 ff.
1035 2496 1115 2533 177,
1141 2505 1206 2526 sec.
1238 2515 1239 2538 1

347 2555 416 2587 xiv.
443 2554 606 2593 ineuntis,
632 2553 720 2586 binis
751 2545 921 2585 columnis
949 2555 1131 2590 exalatus3
1163 2562 1206 2584 ex
1238 2542 1239 2549 ἵ

347 2612 437 2646 dono
457 2611 556 2645 Will.
576 2611 680 2656 Gray.

386 2732 487 2763 tineus
500 2733 538 2762 dc
550 2732 636 2762 libris
648 2730 808 2766 tredecim,
822 2732 964 2770 [quorum
975 2728 1111 2758 omnium
1125 2728 1207 2769 capi·

386 2782 452 2813 tula
472 2783 502 2812 in
523 2781 673 2824 principio
689 2781 816 2812 exhibet
835 2780 926 2810 index
949 2778 1123 2820 peculiaris]
1143 2783 1206 2809 tres

1237 2579 1239 2595 1

368 2681 468 2721 [Petri
485 2680 642 2719 Canonici]
664 2678 895 2719 l'antheologiae
918 2689 989 2718 pars
1010 2677 1118 2717 prima.
1136 2688 1206 2708 con-
1236 2646 1238 2722 1
1261 2693 1265 2696 <

1236 2800 1237 2816 1

893 157 1193 193 CATALOGUS
1219 157 1455 194 CODICUM
1483 159 1592 194 MSS.

1331 261 1455 289 tantum
1470 258 1607 299 priores;
1627 268 1757 299 quorum
1772 257 1889 299 primus
1905 257 2041 299 capitula
2056 258 2151 290 habet

1331 319 1382 350 59,
1399 313 1508 350 estque
1524 310 1562 340 de
1578 309 1728 349 personis,
1745 309 1914 339 secundum
1933 309 2069 340 diversos
2090 314 2151 341 sta-

1331 363 1383 390 tus
1403 360 1577 395 distinctim
1601 360 1752 390 secundus
1773 359 1810 390 de
1831 360 2024 397 animalibus,
2044 361 2151 402 capiti-

1332 410 1389 440 bus
1410 420 1486 447 120;
1506 411 1619 441 tertius
1635 411 1672 441 de
1687 410 1866 441 animalium
1882 411 2034 451 partibus,
2051 409 2152 452 capita

1332 462 1449 492 habens
1467 464 1515 501 76,
1532 473 1662 502 quorum
1678 461 1821 492 ultimum
1838 470 1885 492 est
1901 462 1939 492 de
1955 462 2059 493 asella.

1376 513 1473 553 Ineip.
1497 518 1514 529 “
1528 513 1614 543 Deus
1637 513 1851 554 multipliciter
1874 513 1988 544 dicitur
2010 513 2040 543 in
2065 524 2154 544 sacra

1352 563 1516 604 scriptura,
1530 564 1683 600 videlicet,
1696 564 1924 601 Essenffialiter,
1938 568 1973 595 ut
1989 564 2074 595 Deus
2087 564 2154 594 Tri-

1353 614 1454 649 11itas;
1480 615 1634 656 adoptive,
1652 620 1687 645 ut
1703 616 1804 656 angeli
1825 620 1860 646 ut
1881 615 2020 646 homines
2036 616 2154 652 sancti,

1354 666 1569 706 nuncupative,
1587 666 1639 707 qui
1655 667 1720 697 solo
1736 667 1859 697 nomine
1876 667 2022 697 dicuntur
2037 667 2121 697 Dii.”

1374 716 1472 746 Defic.
1490 716 1521 746 in
1538 716 1648 752 verbis,
1667 722 1684 733 ²⁴
1698 728 1753 758 pro
1770 717 1893 748 nichillo
1908 722 2106 759 reputantur⁷
2121 723 2153 748 et

1352 780 1413 800 non
1430 769 1616 810 respiciunt'*

1599 863 1819 896 LXXXIII.

1266 925 1386 959 Codex
1414 925 1708 965 membranaceus,
1737 925 1770 958 in
1803 925 1894 965 folio,
1924 926 1955 959 ff.
1977 925 2058 966 168,
2086 938 2152 961 sec.

1290 984 1368 1019 x‘iv..
1392 984 1480 1017 binis
1508 983 1677 1017 columnis
1704 989 1884 1023 cxaratus3
1912 995 1956 1017 cx
1980 984 2070 1018 dono
2095 984 2155 1018 Ri-

1289 1042 1381 1075 cardi
1402 1041 1499 1080 Esne,
1525 1041 1757 1075 archidiaconi
1781 1041 1940 1081 Elieusis,
1967 1042 2048 1075 olim
2074 1042 2151 1076 coll.

1292 1099 1379 1134 Ball.
1399 1099 1493 1132 socii.

1308 1161 1335 1191 1.
1355 1160 1509 1190 Johannis
1539 1160 1576 1190 de
1608 1159 1722 1201 Burg0‚
1756 1159 1818 1190 sive
1850 1160 2069 1201 cujuscumque
2098 1161 2150 1197 sit,

1371 1212 1486 1243 Oculus
1503 1211 1692 1247 Sacerdotis,
1710 1211 1740 1241 in
1757 1216 1821 1242 tres
1841 1216 1946 1252 partes
1965 1212 2147 1247 distinctus;

1371 1263 1497 1299 scilicet,

1329 1329 1354 1348 a.
1373 1319 1509 1353 Summa,
1527 1329 1594 1359 qum
1611 1323 1740 1348 vocatur
1756 1329 1828 1359 pars
1849 1318 1928 1348 oculi
1945 1318 2149 1349 sacerdotum.

1391 1369 1443 1399 fol.
1456 1379 1485 1409 3.

1435 1419 1532 1460 Incip.
1546 1424 1562 1435 ²²
1571 1420 1647 1450 Cum
1661 1418 1786 1449 ecclesie
1798 1418 1909 1459 quibus
1922 1418 2152 1460 preficiuntur.”

1328 1475 1356 1504 b.
1375 1474 1510 1509 Summa,
1528 1485 1596 1514 qua*
1614 1478 1750 1509 vocatur,
1770 1473 1891 1503 Dextra
1912 1483 1984 1514 pars
2005 1473 2084 1503 oculi
2104 1484 2151 1503 sa-

1391 1525 1562 1555 cerdotum.
1587 1525 1637 1554 fol.
1655 1533 1702 1564 27.

1434 1576 1531 1617 Incip.
1550 1582 1567 1592 *⁵
1580 1575 1673 1605 Multi
1690 1580 1763 1605 suut
1779 1575 1988 1605 sacerdotes.’'

1327 1643 1351 1662 c.
1373 1631 1520 1672 [Sinistra
1537 1642 1609 1672 pars
1625 1631 1730 1671 oculi]
1756 1630 1807 1660 fol.
1820 1640 1863 1671 54
1875 1631 1903 1661 b.

1402 1712 1404 1714 ,
1434 1683 1529 1723 Incip.
1549 1688 1565 1699 ⁵⁴
1582 1681 1765 1722 lguorancia
1781 1683 2011 1712 sacerdotum.’'

1432 1734 1480 1764 Cf.
1505 1734 1593 1764 codd.
1621 1734 1715 1764 MSS.
1739 1733 1806 1763 coll.
1832 1733 1908 1763 Nov.
1933 1733 2038 1771 ccxcii,
2063 1732 2149 1763 Trin.

1411 1785 1493 1815 xviii.
1511 1791 1542 1815 ct
1558 1785 1593 1815 C.
1605 1785 1638 1816 C.
1652 1785 1686 1815 O.
1706 1794 1773 1824 145.

1304 1846 1334 1875 Ω.
1350 1844 1493 1876 Gulielmi
1532 1845 1570 1874 (le
1604 1844 1715 1874 Monte
1746 1843 1911 1879 Landuno,
1943 1843 2149 1874 Decretorum

1368 1896 1514 1932 doctoris,
1528 1896 1605 1926 liber
1617 1895 1669 1937 qui
1683 1895 1797 1925 dieitur
1813 1894 2055 1930 sacramentale,
2071 1905 2150 1935 prae-

1369 1948 1424 1978 viis
1445 1947 1545 1978 titulis
1566 1951 1598 1977 et
1618 1946 1746 1988 prologo
1767 1946 1806 1976 ad
1824 1945 1975 1975 Poncium
1997 1945 2035 1975 dc
2050 1945 2149 1976 Villa-

1367 2009 1464 2029 muro.
1488 1998 1537 2028 fol.
1554 1998 1602 2028 88.

1412 2050 1507 2090 Incip.
1526 2049 1600 2090 prol.
1619 2054 1636 2065 “
1648 2048 1691 2079 Et
1708 2059 1788 2078 nuuc
1804 2048 1920 2078 virtute
1936 2047 2061 2078 vestri.'’

1412 2101 1507 2142 Ineip.
1526 2101 1577 2131 lib.
1601 2105 1618 2117 “
1632 2100 1679 2130 De
1701 2100 1887 2135 Cametcre,
1913 2098 2076 2139 Signatum
2100 2102 2147 2129 est

1388 2163 1480 2194 super
1496 2163 1552 2182 nos
1568 2151 1698 2181 lunicn.”

1410 2204 1515 2234 Desin.
1547 2208 1564 2220 ‘⁴
1581 2203 1691 2233 Nullus
1724 2213 1794 2232 cum
1824 2202 1985 2237 similibus,
2017 2201 2146 2232 Gratias

1388 2255 1456 2285 Deo
1473 2254 1563 2285 Patri
1580 2254 1706 2294 ejusque
1724 2253 1812 2290 Filio.
1828 2264 1897 2283 cum
1914 2252 2032 2294 Spiritu
2049 2251 2146 2282 Para-

1388 2306 1459 2336 clito
1470 2305 1499 2340 3⁷⁵
1517 2309 1576 2335 etc.

1412 2357 1448 2386 In
1466 2357 1558 2393 calce,
1577 2361 1594 2372 “
1608 2355 1745 2396 Explicit
1767 2359 1923 2386 tractatus
1944 2354 1995 2396 qui
2017 2358 2146 2385 vocatur

1389 2408 1565 2438 XVillelmus
1581 2407 1611 2437 in
1628 2406 1886 2437 Sacramentali.”

1302 2472 1329 2500 8.
1348 2469 1395 2499 De
1425 2468 1593 2499 virtutibus
1631 2472 1662 2497 ct
1692 2467 1775 2498 vitiis
1805 2466 2009 2497 auctoritates
2041 2466 2143 2497 Sacrae

1366 2520 1533 2560 Scriptura*
1557 2525 1588 2549 ct
1614 2518 1801 2549 Sanctorum
1829 2523 1861 2549 et
1885 2518 2144 2558 Philosophorum

1365 2571 1395 2601 in
1412 2570 1513 2611 capita
1529 2570 1612 2600 lxxii.
1630 2570 1795 2607 ‹listinetae‚
1813 2579 1943 2610 quorum
1959 2568 2051 2599 index
2066 2579 2144 2609 prae-

1364 2622 1510 2653 mittitur.
1536 2622 1588 2652 fol.
1605 2623 1674 2663 136.

1409 2674 1504 2715 Iucip.
1531 2673 1611 2704 “De
1637 2673 1794 2714 sapiencia
1819 2677 1850 2703 et
1876 2671 2014 2703 sciencia.
2062 2670 2142 2701 Nam

1386 2729 1459 2755 sunt
1474 2735 1580 2754 omnes
1596 2724 1736 2754 homines
1749 2737 1755 2761 ;
1771 2728 1830 2755 etc.
1863 2723 1921 2753 Est
1937 2723 2041 2763 itaque
2055 2721 2142 2762 quasi

1387 2776 1487 2806 lumen
1504 2775 1694 2816 sig1101·um.”
