2254 3117
347 155 391 184 ΞΩ
904 146 1204 182 CATALOGUS
1233 147 1465 182 CODICUM
1496 147 1603 181 MSS.

392 248 533 289 Origcnis
548 246 719 288 presbyteri
735 244 883 286 opuscula
898 245 1002 281 varia;
1028 245 1155 283 scilicet,

372 301 399 330 1.
418 298 564 330 Homiliae
590 298 671 327 xxiv.
700 297 730 326 in
752 296 863 327 Jesum
890 296 989 333 Naue,
1018 307 1088 327 cum
1113 296 1228 327 Ruffini

434 350 569 391 prologo
593 349 643 378 fol.
664 358 689 378 2.

477 401 541 431 Tit.
561 406 578 416 ⁵·
592 399 703 440 Incipit
724 398 917 440 prohemium
940 398 1145 439 exposicionis
1161 398 1229 429 Ori-

453 451 540 492 genis
556 451 586 480 in
599 450 618 480 J
622 451 730 480 hesum
747 449 854 487 Naue3
879 449 1080 480 leronimus.”

476 501 613 532 Exstant
624 501 762 542 impl-ess.
775 501 857 532 inter
869 511 974 542 opera,
986 505 1061 531 tom.
1072 499 1101 530 ii.
1115 511 1144 541 p.
1155 508 1227 541 397.

379 561 388 577 s.-

370 563 397 587 ι.
416 557 560 587 Homiliae
576 561 647 587 octo
661 556 692 586 111
708 556 819 587 librum
835 556 994 587 Judicum.
1018 556 1069 587 fol.
1081 567 1124 595 44
1136 556 1166 586 b.

477 609 592 638 Exstat
608 608 681 638 ibid.
698 613 773 639 tom.
788 607 818 638 ii.
833 619 864 649 p.
877 608 948 649 458.

370 667 397 694 3.
417 664 554 694 Homilia
583 664 614 693 in
645 664 808 694 Canticum
839 663 1050 698 Canticorum,
1081 663 1144 693 sive
1170 666 1178 680 ‘
1191 663 1229 693 de

433 715 601 746 Hclkanah
618 719 649 746 et
666 715 813 746 Fenenna
828 719 860 746 et
876 715 990 750 Anna:
1007 719 1065 746 etc.
1090 714 1140 744 fol.
1153 724 1204 755 59.

475 766 555 796 Ibid.
573 771 648 796 tom.
663 766 693 796 ii.
710 777 738 807 p.
751 766 825 804 481.

370 825 397 853 4.
416 822 560 853 Homiliae
571 822 638 852 dum
649 822 679 852 in
691 822 854 853 Canticum
864 822 1075 853 Canticorum.
1088 821 1139 851 fol.
1152 822 1190 851 66
1200 820 1228 850 b.

475 875 555 904 Ibid.
573 878 646 905 tom.
661 874 701 904 iii.
720 886 749 915 p.
766 883 810 904 12.

369 933 398 961 5.
419 930 562 960 Homiliae
580 940 687 959 novem
704 929 734 959 in
752 928 868 959 Isaiam
884 928 1079 970 prophetam.
1111 928 1161 958 sol.
1181 930 1228 967 76.

477 980 554 1010 Ibid.
572 985 646 1011 toni.
660 980 700 1010 iii.
718 991 746 1021 p.
766 989 833 1019 107.

476 1032 612 1072 Longior
627 1037 673 1062 cst
692 1031 802 1062 ultima
824 1031 855 1061 in
878 1030 983 1062 codice
1006 1041 1099 1072 quam
1122 1030 1153 1060 in
1176 1030 1229 1060 im-

453 1083 576 1124 pressis.

369 1138 561 1169 6.H0n1iliae
579 1138 638 1168 xiV.
663 1138 692 1168 in
716 1138 896 1175 Jeremiam,
920 1138 1087 1168 secundum
1112 1136 1227 1167 Hiero-

433 1201 567 1231 nymum.
592 1190 641 1220 sol.
660 1200 695 1231 91
713 1189 741 1220 b.

478 1241 557 1271 Ibid.
575 1241 628 1271 scd
650 1241 752 1281 plures
775 1250 904 1270 numero
923 1242 955 1270 et
975 1242 1099 1269 mutato
1113 1237 1229 1270 ordino.

455 1296 529 1323 tom.
543 1292 572 1322 ii.
589 1303 618 1333 p.
638 1302 703 1332 125.

371 1350 398 1380 7.
416 1346 562 1377 Homiliae
580 1346 641 1376 xiii.
658 1346 688 1376 in
706 1345 909 1383 Ezechielem,
921 1356 991 1376 cum
1004 1345 1034 1375 S.
1048 1344 1230 1385 Hieronymi

433 1398 569 1440 prologO.
595 1397 645 1428 fol.
667 1407 733 1438 ¹3¹·

476 1449 555 1480 Ibid.
573 1454 648 1480 tom.
662 1449 703 1479 iii.
721 1460 749 1489 p.
763 1458 835 1490 353.

478 1500 512 1530 In
529 1501 668 1541 margine
684 1500 735 1530 fol.
756 1509 791 1540 15
810 1499 969 1540 superiori,
982 1504 999 1515 “
1012 1499 1105 1529 Liber
1120 1499 1231 1528 domus

456 1552 618 1583 scolarium
633 1552 671 1582 do
683 1551 821 1582 Merton.
834 1550 865 1581 in
878 1550 978 1580 Oxon.
992 1561 1029 1580 ex
1042 1549 1146 1591 legato
1159 1549 1231 1579 Joh.

457 1603 630 1644 Raynham,
648 1613 734 1633 sacre
755 1602 868 1643 pagine
888 1601 1070 1642 professoris
1088 1604 1119 1631 et
1137 1611 1232 1641 quon—

456 1656 528 1685 dam
547 1655 619 1685 socii
637 1654 774 1695 ejusden]
796 1654 915 1691 domus,
932 1653 1018 1694 cujus
1037 1652 1137 1683 anime
1159 1664 1230 1693 pro-

456 1706 587 1746 picietur
604 1706 706 1741 Deus;
731 1705 864 1735 Amen.”

728 1794 854 1828 XXX.

352 1847 470 1880 Codex
500 1845 792 1880 membranaceus.
820 1845 854 1877 in
882 1843 976 1883 folio,
1003 1843 1037 1877 ff.
1056 1846 1137 1882 ⁶228,
1165 1856 1231 1877 sec.

376 1905 458 1943 xiii„
478 1904 566 1937 binis
585 1903 754 1936 columnis
771 1902 881 1936 nitide
900 1907 1070 1935 exaratus.

395 1965 423 1992 l.
441 1963 471 1993 S.
485 1963 638 1993 Johannis
655 1962 867 2003 Chrysostomi
884 1962 915 1992 in
932 1962 962 1993 S.
978 1962 1126 1993 Matthaei
1144 1974 1232 1993 evan-

457 2014 568 2055 gelium
592 2014 725 2044 homilia»
748 2013 918 2054 nonaginta
935 2013 1046 2044 Latine
1061 2025 1155 2044 1101511Ἰ
1179 2025 1234 2055 per

456 2065 530 2095 Joh.
544 2065 793 2106 Burgundionem
806 2065 950 2095 Judicem
964 2064 1060 2095 civem
1074 2065 1231 2100 Pisanum,

456 2116 598 2157 glossulis
627 2116 847 2157 marginalibus
877 2116 1049 2152 instructa),
1075 2127 1142 2146 cum
1170 2122 1233 2147 tra-

458 2168 595 2198 duc-toris
611 2168 749 2209 prologo.
773 2168 822 2198 fol.
844 2178 870 2198 1.

503 2219 568 2249 Tit.
594 2225 611 2236 ⁴*
626 2219 776 2260 Prologus
803 2218 1034 2260 Burgundionis
1060 2218 1091 2248 in
1122 2218 1234 2248 librum

480 2270 587 2301 Sancti
616 2271 771 2301 Johannis
801 2270 986 2301 Crisostomi
1023 2280 1116 2310 super
1146 2269 1232 2300 Mat-

480 2322 596 2357 theum,
615 2333 704 2363 quern
728 2322 890 2353 transtulit
913 2321 951 2351 de
968 2320 1070 2351 Greco
1093 2321 1124 2350 in
1146 2320 1233 2351 Lati-

481 2373 581 2402 1111111.“’

504 2424 618 2454 Exstat
641 2424 786 2465 prologus
808 2423 948 2464 impress.
966 2422 998 2452 in
1017 2422 1160 2453 Bandini.
1177 2422 1233 2453 Ca-

481 2474 535 2506 tal.
551 2475 639 2505 codd.
658 2474 803 2505 Laurent.
820 2478 894 2505 tom.
908 2474 948 2504 iv.
964 2473 1021 2504 col.
1033 2475 1105 2512 448.

502 2526 599 2567 Incip.
617 2537 704 2567 opus,
721 2532 739 2543 ⁴⁶
752 2526 928 2567 Oportebat
949 2525 1073 2567 quidem
1094 2536 1150 2555 nos
1172 2535 1234 2555 non

482 2578 628 2619 indigere,
645 2589 681 2608 eo
697 2578 779 2619 quod
796 2588 815 2608 a
830 2576 956 2608 literis.''

505 2629 609 2659 Desin.
624 2636 642 2645 ³*
654 2629 749 2659 vitam
762 2633 794 2659 et
807 2628 960 2663 stabilem,
974 2632 1082 2658 eterna
1098 2627 1235 2657 fruemur

484 2679 555 2714 vita,
579 2691 641 2720 qua
667 2680 707 2710 sit
734 2691 790 2710 nos
813 2690 919 2710 omncs
945 2679 1048 2720 potiri,
1072 2678 1177 2720 gratia
1202 2682 1233 2709 et

484 2730 692 2771 philantropia
716 2730 841 2761 Domini
864 2731 962 2761 nostri
987 2730 1085 2761 ε1110511
1107 2729 1232 2767 Christi,

484 2781 531 2811 0111
547 2782 644 2822 gloria
659 2782 690 2812 in
706 2782 808 2813 secula
824 2782 1013 2819 seculorum3
1038 2782 1174 2812 Amen.’'

1303 247 1331 277 2.
1348 245 1497 287 Ejusdem
1512 245 1533 275 J
1537 244 1667 275 ohannis
1690 243 1720 273 in
1743 243 1775 273 S.
1792 242 1815 273 J
1818 242 1948 273 ohannis
1971 242 2161 284 evangelium

1366 296 1500 327 homiliae
1513 295 1673 336 octoginta
1685 299 1766 329 octo,
1778 294 1887 324 eodem
1902 294 2082 334 interprete,
2094 304 2163 324 011111

1365 347 1546 388 interpretis
1561 346 1698 387 prologo.
1722 345 1772 375 fol.
1793 355 1860 386 133-

1409 399 1471 429 Tit.
1488 402 1505 414 ‘⁴
1520 396 1633 437 Incipit
1648 395 1794 436 prologus
1810 395 2040 436 Burgundionis
2050 395 2164 437 judicis

1388 450 1419 480 in
1434 447 1694 479 commentatione
1708 446 1726 476 J
1731 447 1861 477 ohannis
1874 446 2055 478 Crisostomi
2071 457 2165 487 supra

1388 499 1579 541 evangelium
1596 498 1695 528 sancti
1713 498 1732 528 J
1735 498 1866 528 ohannis
1881 497 2097 539 evangeliste.”

1411 551 1507 591 Incip.
1527 556 1544 566 ²*
1558 550 1635 581 Cum
1657 548 1928 590 Constantinopoli
1952 560 2008 590 pro
2031 548 2164 590 negociis

1389 601 1519 643 publicis
1550 600 1651 642 patrie
1681 611 1748 630 mee
1772 611 1791 630 a
1821 600 1996 631 concivibus
2022 600 2098 630 meis
2124 600 2163 630 ad

1390 653 1616 693 Imperatorem
1642 651 1820 682 Manuelem
1846 651 1956 682 missus
1981 650 2076 692 legati
2100 661 2165 681 mu-

1389 715 1462 734 nere
1491 704 1644 744 fungerer,
1676 707 1707 733 et
1739 703 1893 744 quendam
1923 702 2019 733 filium
2049 713 2163 733 meum.

1390 754 1582 796 Hugolinum
1617 753 1749 790 nomine,
1785 765 1876 794 quem
1911 765 2030 784 mecum
2064 754 2164 785 direx-

1389 816 1474 835 eram
1500 804 1532 834 in
1555 804 1666 835 itinere
1687 804 1795 834 morbo
1815 810 1977 845 arreptum
1999 805 2164 839 amiserim,

1388 868 1445 898 pro
1470 855 1682 897 redemptione
1704 855 1806 886 anime
1829 856 1894 897 ejus
1917 856 2164 897 explanationem

1389 907 1538 948 evangelii
1552 907 1658 938 Sancti
1671 907 1827 938 Johannis
1840 907 2028 948 evangeliste
2041 918 2061 938 a
2072 907 2165 938 beato

1389 959 1535 990 Johannc
1559 959 1751 989 Crisostomo
1776 958 2089 999 Canstantinopoleos
2113 970 2166 1000 pa—

1391 1010 1529 1041 triarcha
1541 1010 1726 1041 mirabiliter
1738 1010 1854 1041 editam
1870 1010 1909 1041 de
1920 1011 2021 1041 Greco
2036 1011 2067 1041 in
2081 1010 2166 1042 Lati-

1390 1074 1464 1093 num
1479 1066 1599 1093 vertere
1615 1061 1712 1092 statui
1728 1062 1933 1092 ser1uonem.”

1412 1113 1518 1144 Desin.
1537 1118 1554 1130 “
1567 1118 1598 1144 et
1615 1113 1646 1143 in
1662 1113 1753 1153 hujus
1774 1113 1923 1154 evangelii
1939 1117 2046 1144 textus
2061 1113 2165 1154 expla-

1391 1165 1525 1202 natione,
1557 1169 1589 1195 013
1622 1164 1653 1194 111
1683 1164 1753 1194 fidei
1784 1164 1900 1195 Christi
1930 1164 2166 1195 confirmacione

1390 1216 1505 1247 habere
1520 1216 1740 1247 auctoritatem
1753 1228 1760 1252 ;
1786 1215 1872 1246 Finit
1887 1216 2061 1257 prologus.”

1413 1267 1512 1309 Incip.
1543 1267 1646 1298 homil.
1668 1267 1686 1298 i.
1714 1272 1732 1284 ‘²
1746 1267 1804 1306 Qui
1834 1279 1978 1309 agonum,
2010 1268 2063 1309 qui
2093 1267 2167 1298 foris

1391 1323 1473 1355 sunt,
1490 1319 1682 1360 inspectores
1700 1318 1850 1354 existunt,
1866 1329 1934 1349 cum
1957 1319 2091 1360 aliquem
2114 1330 2167 1350 no-

1391 1371 1497 1401 bilium
1514 1377 1545 1401 et
1561 1371 1768 1401 coronabilem
1785 1370 1966 1401 athletani.”

1412 1420 1519 1451 Desin.
1537 1421 1591 1452 ult.
1614 1426 1633 1438 ·'‘
1647 1425 1679 1452 et
1702 1432 1757 1462 per
1779 1421 1930 1451 bonorum
1953 1421 2166 1462 operacionem

1392 1471 1521 1512 perfecti
1548 1471 1622 1502 facti
1649 1471 1789 1501 fruamur
1811 1472 1926 1502 eternis
1950 1472 2048 1509 bonis,
2065 1473 2168 1514 gratia

1392 1526 1424 1553 et
1445 1523 1610 1553 clementia
1626 1523 1751 1553 Domini
1775 1523 1884 1559 nostri,
1901 1534 1969 1553 cum
1994 1534 2055 1564 quo
2080 1525 2167 1555 Patri

1391 1575 1498 1616 gloria,
1516 1575 1688 1616 imperium,
1706 1575 1836 1610 honor?
1852 1579 1910 1606 etc.

1414 1626 1451 1656 In
1475 1626 1567 1664 calce,
1584 1631 1603 1643 ‘⁶
1619 1626 1706 1656 Finis
1731 1626 1937 1667 exposicionis
1962 1626 2045 1657 beati
2070 1627 2168 1668 patris

1391 1678 1489 1708 nostri
1513 1678 1620 1708 Sancti
1642 1678 1795 1708 Johannis
1819 1678 1999 1709 Crisostomi
2025 1679 2056 1709 in
2083 1690 2169 1709 sanc-

1392 1734 1457 1760 tum
1485 1729 1705 1770 evangelistam
1731 1729 1906 1759 Johannem
1932 1741 1950 1760 a
1978 1729 2167 1771 Burgundio,

1387 1782 1492 1823 judice
1519 1782 1633 1811 Pisano
1665 1782 1738 1815 cive,
1763 1782 1800 1811 (le
1825 1781 1927 1811 Greco
1957 1781 1987 1811 in
2019 1781 2166 1812 Latinum

1393 1833 1544 1864 translate
1560 1844 1641 1863 anno
1658 1833 1773 1863 Christi
1790 1833 1968 1873 m.c.lxxiiij.

1415 1884 1552 1925 Explicit
1568 1884 1721 1925 expositio
1738 1895 1831 1923 super
1847 1884 2051 1914 J‹›11a11nem.”

1654 1974 1799 2008 XXXI.

1287 2038 1405 2072 Codex
1438 2039 1730 2075 membranaceus,
1759 2038 1791 2069 in
1824 2037 1916 2075 folio,
1943 2037 1977 2070 ff.
1994 2039 2073 2076 219,
2100 2048 2167 2070 sec.

1310 2109 1377 2136 xv„
1392 2097 1479 2130 binis
1497 2095 1666 2129 columnis
1682 2106 1788 2128 manu
1804 2093 1941 2127 Nicolai
1960 2093 2099 2127 Voocht
2118 2095 2168 2126 ni-

1312 2155 1383 2189 tide
1401 2159 1574 2194 exaratus,
1598 2165 1642 2187 ex
1669 2153 1759 2187 dono
1788 2151 1931 2185 Henrici
1953 2150 2070 2191 80101,
2089 2151 2166 2185 coll.

1312 2213 1466 2246 Merton.
1485 2212 1648 2246 custodis.

1330 2274 1358 2303 1.
1375 2273 1503 2303 Thomae
1534 2271 1700 2303 Gualensis
1730 2275 1761 2302 et
1789 2270 1909 2301 Nicolai
1937 2269 2053 2300 Triveti
2080 2270 2110 2300 in
2136 2270 2165 2299 S.

1393 2323 1563 2365 Augustini
1587 2324 1625 2353 de
1649 2323 1775 2353 civitate
1801 2321 1859 2352 Dei
1884 2321 1979 2352 libros
1996 2321 2067 2352 xxii.
2088 2332 2166 2351 com-

1393 2375 1546 2406 mentarii.
1573 2374 1624 2405 fol.
1646 2385 1668 2404 1.

1436 2428 1574 2457 Exstant
1590 2426 1726 2467 impress.
1745 2424 1873 2461 Tolosae,
1894 2424 1972 2462 1488
1990 2427 2021 2454 ct
2038 2422 2119 2453 alibi.

1435 2480 1582 2521 Sequitur
1609 2479 1716 2510 tabula
1741 2476 1947 2518 alphabetica,
1970 2480 2002 2506 ct
2028 2475 2058 2505 in
2086 2475 2167 2505 calve

1413 2529 1561 2571 ejusdem,
1585 2533 1605 2546 ‘⁶
1619 2528 1756 2569 Explicit
1782 2526 1935 2568 expositio
1958 2537 2050 2566 super
2073 2525 2166 2555 libros

1415 2580 1583 2622 Augustini
1601 2581 1638 2610 de
1654 2580 1781 2610 civitate
1794 2579 1866 2615 Dei,
1878 2589 1947 2609 cum
1963 2578 2080 2615 tabula,
2093 2588 2165 2619 quo-

1413 2644 1481 2663 rum
1504 2643 1538 2663 10
1554 2631 1644 2673 primi
1661 2636 1733 2661 sunt
1750 2630 1917 2661 secundum
1934 2629 2085 2659 Thomam
2102 2629 2165 2658 An-

1411 2684 1558 2725 glicum.”

1328 2729 1357 2758 2.
1375 2727 1567 2758 Testimonia
1582 2725 1716 2767 quinque
1733 2724 1786 2755 SS.
1804 2723 1973 2764 Augustini
1997 2727 2028 2754 et
2054 2722 2165 2753 Hiero-

1390 2779 1473 2820 nymi
1489 2779 1527 2808 de
1546 2777 1722 2808 Lactantio.
1746 2775 1798 2806 fol.
1818 2785 1885 2805 101.
