<?xml version="1.0" encoding="UTF-8"?>
<!DOCTYPE html PUBLIC "-//W3C//DTD XHTML 1.0 Transitional//EN"
    "http://www.w3.org/TR/xhtml1/DTD/xhtml1-transitional.dtd">
<html xmlns="http://www.w3.org/1999/xhtml" xml:lang="en" lang="en">
 <head>
  <title>
</title>
<meta http-equiv="Content-Type" content="text/html;charset=utf-8" />
  <meta name='ocr-system' content='tesseract 3.04.00' />
  <meta name='ocr-capabilities' content='ocr_page ocr_carea ocr_par ocr_line ocrx_word'/>
</head>
<body>
  <div class='ocr_page' id='page_1' title='image "./cataloguscodicum01coxeuoft_0241.png"; bbox 0 0 2254 3117; ppageno 0'>
   <div class='ocr_carea' id='block_1_1' title="bbox 630 160 1862 206">
    <p class='ocr_par' dir='ltr' id='par_1_1' title="bbox 630 160 1862 206">
     <span class='ocr_line' id='line_1_1' title="bbox 630 160 1862 206; baseline 0.009 -11"><span class='ocrx_word' id='word_1_1' title='bbox 630 160 869 195; x_wconf 76' lang='lat' dir='ltr'><strong>COLLEGII</strong></span> <span class='ocrx_word' id='word_1_2' title='bbox 899 161 1273 200; x_wconf 70' lang='lat' dir='ltr'><strong>MERTONENSIS.</strong></span> <span class='ocrx_word' id='word_1_3' title='bbox 1821 176 1862 206; x_wconf 66' lang='lat'><strong>41</strong></span> 
     </span>
    </p>
   </div>
   <div class='ocr_carea' id='block_1_2' title="bbox 60 256 930 1129">
    <p class='ocr_par' dir='ltr' id='par_1_2' title="bbox 61 256 930 350">
     <span class='ocr_line' id='line_1_2' title="bbox 61 256 930 299; baseline 0.003 -12"><span class='ocrx_word' id='word_1_4' title='bbox 61 257 89 286; x_wconf 70' lang='lat'><strong>2.</strong></span> <span class='ocrx_word' id='word_1_5' title='bbox 109 256 253 287; x_wconf 82' lang='lat' dir='ltr'><strong>Gulielmi</strong></span> <span class='ocrx_word' id='word_1_6' title='bbox 283 257 478 296; x_wconf 69' lang='lat' dir='ltr'><strong>parisiensis,</strong></span> <span class='ocrx_word' id='word_1_7' title='bbox 506 257 575 287; x_wconf 84' lang='lat' dir='ltr'><strong>ord.</strong></span> <span class='ocrx_word' id='word_1_8' title='bbox 602 257 704 288; x_wconf 74' lang='lat' dir='ltr'><strong>Praed.</strong></span> <span class='ocrx_word' id='word_1_9' title='bbox 728 258 758 288; x_wconf 92' lang='lat' dir='ltr'><strong>in</strong></span> <span class='ocrx_word' id='word_1_10' title='bbox 783 259 930 299; x_wconf 72' lang='lat' dir='ltr'>epistolas</span> 
     </span>
     <span class='ocr_line' id='line_1_3' title="bbox 126 308 648 350; baseline 0.002 -13"><span class='ocrx_word' id='word_1_11' title='bbox 126 308 340 339; x_wconf 86' lang='lat' dir='ltr'><strong>Dominieales</strong></span> <span class='ocrx_word' id='word_1_12' title='bbox 356 309 506 340; x_wconf 78' lang='lat' dir='ltr'><strong>Postillae.</strong></span> <span class='ocrx_word' id='word_1_13' title='bbox 531 308 581 338; x_wconf 85' lang='lat' dir='ltr'><strong>fol.</strong></span> <span class='ocrx_word' id='word_1_14' title='bbox 597 318 648 350; x_wconf 86' lang='lat'><strong>93.</strong></span> 
     </span>
    </p>

    <p class='ocr_par' dir='ltr' id='par_1_3' title="bbox 141 359 929 493">
     <span class='ocr_line' id='line_1_4' title="bbox 168 359 927 401; baseline 0.003 -12"><span class='ocrx_word' id='word_1_15' title='bbox 168 359 269 401; x_wconf 88' lang='lat' dir='ltr'><strong>Incip.</strong></span> <span class='ocrx_word' id='word_1_16' title='bbox 287 365 305 377; x_wconf 69' lang='lat'><strong>‘⁸</strong></span> <span class='ocrx_word' id='word_1_17' title='bbox 321 360 414 391; x_wconf 84' lang='lat' dir='ltr'><strong>Hora</strong></span> <span class='ocrx_word' id='word_1_18' title='bbox 429 365 477 391; x_wconf 90' lang='lat' dir='ltr'><strong>est</strong></span> <span class='ocrx_word' id='word_1_19' title='bbox 494 360 560 401; x_wconf 90' lang='lat' dir='ltr'><strong>jam</strong></span> <span class='ocrx_word' id='word_1_20' title='bbox 577 371 633 390; x_wconf 90' lang='lat' dir='ltr'><strong>nos</strong></span> <span class='ocrx_word' id='word_1_21' title='bbox 653 360 691 390; x_wconf 81' lang='lat' dir='ltr'><strong>de</strong></span> <span class='ocrx_word' id='word_1_22' title='bbox 715 371 844 401; x_wconf 78' lang='lat' dir='ltr'>sompno</span> <span class='ocrx_word' id='word_1_23' title='bbox 861 371 927 391; x_wconf 87' lang='lat' dir='ltr'><strong>sur-</strong></span> 
     </span>
     <span class='ocr_line' id='line_1_5' title="bbox 145 410 929 453; baseline 0.003 -13"><span class='ocrx_word' id='word_1_24' title='bbox 145 422 230 452; x_wconf 78' lang='lat' dir='ltr'><strong>gere,</strong></span> <span class='ocrx_word' id='word_1_25' title='bbox 247 415 307 442; x_wconf 87' lang='lat' dir='ltr'><strong>etc.</strong></span> <span class='ocrx_word' id='word_1_26' title='bbox 353 411 424 442; x_wconf 93' lang='lat' dir='ltr'><strong>Hoc</strong></span> <span class='ocrx_word' id='word_1_27' title='bbox 445 416 568 452; x_wconf 86' lang='lat' dir='ltr'><strong>tempus</strong></span> <span class='ocrx_word' id='word_1_28' title='bbox 591 410 708 442; x_wconf 90' lang='lat' dir='ltr'><strong>dicitur</strong></span> <span class='ocrx_word' id='word_1_29' title='bbox 730 416 853 453; x_wconf 86' lang='lat' dir='ltr'><strong>tempus</strong></span> <span class='ocrx_word' id='word_1_30' title='bbox 875 412 929 442; x_wconf 86' lang='lat' dir='ltr'><strong>ad-</strong></span> 
     </span>
     <span class='ocr_line' id='line_1_6' title="bbox 141 463 280 493; baseline 0.022 -2"><span class='ocrx_word' id='word_1_31' title='bbox 141 463 280 493; x_wconf 74' lang='lat' dir='ltr'><strong>ventus.&#39;&#39;</strong></span> 
     </span>
    </p>

    <p class='ocr_par' dir='ltr' id='par_1_4' title="bbox 147 513 925 605">
     <span class='ocr_line' id='line_1_7' title="bbox 167 513 925 555; baseline 0.001 -11"><span class='ocrx_word' id='word_1_32' title='bbox 167 514 274 544; x_wconf 83' lang='lat' dir='ltr'><strong>Desin.</strong></span> <span class='ocrx_word' id='word_1_33' title='bbox 306 518 322 530; x_wconf 52' lang='lat'><em>⁶</em></span> <span class='ocrx_word' id='word_1_34' title='bbox 334 514 409 555; x_wconf 90' lang='lat' dir='ltr'><strong>quin</strong></span> <span class='ocrx_word' id='word_1_35' title='bbox 440 516 529 544; x_wconf 86' lang='lat' dir='ltr'><strong>ornet</strong></span> <span class='ocrx_word' id='word_1_36' title='bbox 567 523 598 543; x_wconf 88' lang='lat' dir='ltr'><strong>se</strong></span> <span class='ocrx_word' id='word_1_37' title='bbox 635 513 772 544; x_wconf 77' lang='lat' dir='ltr'>crinibus</span> <span class='ocrx_word' id='word_1_38' title='bbox 807 514 925 545; x_wconf 84' lang='lat' dir='ltr'><strong>alienis.</strong></span> 
     </span>
     <span class='ocr_line' id='line_1_8' title="bbox 147 564 314 605; baseline 0.006 -11"><span class='ocrx_word' id='word_1_39' title='bbox 147 564 314 605; x_wconf 76' lang='lat' dir='ltr'><strong>Explicit.”</strong></span> 
     </span>
    </p>

    <p class='ocr_par' dir='ltr' id='par_1_5' title="bbox 60 623 928 766">
     <span class='ocr_line' id='line_1_9' title="bbox 60 623 928 666; baseline 0.005 -12"><span class='ocrx_word' id='word_1_40' title='bbox 60 625 90 654; x_wconf 70' lang='lat'><strong>3.</strong></span> <span class='ocrx_word' id='word_1_41' title='bbox 110 624 261 665; x_wconf 85' lang='lat' dir='ltr'><strong>Ejusdem</strong></span> <span class='ocrx_word' id='word_1_42' title='bbox 291 623 436 655; x_wconf 84' lang='lat' dir='ltr'><strong>Gulielmi</strong></span> <span class='ocrx_word' id='word_1_43' title='bbox 472 626 630 666; x_wconf 87' lang='lat' dir='ltr'><strong>speculum</strong></span> <span class='ocrx_word' id='word_1_44' title='bbox 667 627 831 658; x_wconf 85' lang='lat' dir='ltr'><strong>beatorum</strong></span> <span class='ocrx_word' id='word_1_45' title='bbox 865 627 928 658; x_wconf 81' lang='lat' dir='ltr'><strong>sive</strong></span> 
     </span>
     <span class='ocr_line' id='line_1_10' title="bbox 124 675 926 720; baseline 0.004 -14"><span class='ocrx_word' id='word_1_46' title='bbox 124 676 201 706; x_wconf 86' lang='lat' dir='ltr'><strong>liber</strong></span> <span class='ocrx_word' id='word_1_47' title='bbox 223 676 261 706; x_wconf 86' lang='lat' dir='ltr'><strong>dc</strong></span> <span class='ocrx_word' id='word_1_48' title='bbox 276 675 359 706; x_wconf 78' lang='lat' dir='ltr'><strong>vitiis</strong></span> <span class='ocrx_word' id='word_1_49' title='bbox 380 680 411 706; x_wconf 88' lang='lat' dir='ltr'><strong>et</strong></span> <span class='ocrx_word' id='word_1_50' title='bbox 428 676 606 715; x_wconf 79' lang='lat' dir='ltr'><strong>virtutibus,</strong></span> <span class='ocrx_word' id='word_1_51' title='bbox 623 689 692 709; x_wconf 91' lang='lat' dir='ltr'><strong>cum</strong></span> <span class='ocrx_word' id='word_1_52' title='bbox 713 678 821 709; x_wconf 86' lang='lat' dir='ltr'><strong>tabula</strong></span> <span class='ocrx_word' id='word_1_53' title='bbox 844 679 926 720; x_wconf 88' lang='lat' dir='ltr'><strong>capi-</strong></span> 
     </span>
     <span class='ocr_line' id='line_1_11' title="bbox 124 727 430 766; baseline 0 -8"><span class='ocrx_word' id='word_1_54' title='bbox 124 728 270 758; x_wconf 82' lang='lat' dir='ltr'><strong>tulorum.</strong></span> <span class='ocrx_word' id='word_1_55' title='bbox 294 727 343 757; x_wconf 84' lang='lat' dir='ltr'><strong>fol.</strong></span> <span class='ocrx_word' id='word_1_56' title='bbox 363 736 430 766; x_wconf 84' lang='lat'><strong>170.</strong></span> 
     </span>
    </p>

    <p class='ocr_par' dir='ltr' id='par_1_6' title="bbox 144 778 926 913">
     <span class='ocr_line' id='line_1_12' title="bbox 167 778 926 822; baseline 0.004 -13"><span class='ocrx_word' id='word_1_57' title='bbox 167 779 204 809; x_wconf 88' lang='lat' dir='ltr'><strong>In</strong></span> <span class='ocrx_word' id='word_1_58' title='bbox 221 778 303 809; x_wconf 88' lang='lat' dir='ltr'><strong>calce</strong></span> <span class='ocrx_word' id='word_1_59' title='bbox 320 779 384 810; x_wconf 87' lang='lat' dir='ltr'><strong>tab.</strong></span> <span class='ocrx_word' id='word_1_60' title='bbox 402 784 419 795; x_wconf 86' lang='grc'>“</span> <span class='ocrx_word' id='word_1_61' title='bbox 433 779 570 820; x_wconf 80' lang='lat' dir='ltr'><strong>Explicit</strong></span> <span class='ocrx_word' id='word_1_62' title='bbox 587 780 696 811; x_wconf 83' lang='lat' dir='ltr'><strong>tabula</strong></span> <span class='ocrx_word' id='word_1_63' title='bbox 718 781 834 822; x_wconf 86' lang='lat' dir='ltr'><strong>speculi</strong></span> <span class='ocrx_word' id='word_1_64' title='bbox 854 782 926 812; x_wconf 86' lang='lat' dir='ltr'><strong>bca-</strong></span> 
     </span>
     <span class='ocr_line' id='line_1_13' title="bbox 144 831 925 864; baseline 0.005 -4"><span class='ocrx_word' id='word_1_65' title='bbox 144 835 247 860; x_wconf 88' lang='lat' dir='ltr'><strong>torum</strong></span> <span class='ocrx_word' id='word_1_66' title='bbox 275 834 432 861; x_wconf 81' lang='lat' dir='ltr'><strong>tractatus</strong></span> <span class='ocrx_word' id='word_1_67' title='bbox 458 831 497 862; x_wconf 87' lang='lat' dir='ltr'><strong>de</strong></span> <span class='ocrx_word' id='word_1_68' title='bbox 523 831 691 863; x_wconf 82' lang='lat' dir='ltr'><strong>Parisiensi</strong></span> <span class='ocrx_word' id='word_1_69' title='bbox 720 833 867 864; x_wconf 70' lang='lat' dir='ltr'><strong>viciorum</strong></span> <span class='ocrx_word' id='word_1_70' title='bbox 894 838 925 864; x_wconf 88' lang='lat' dir='ltr'><strong>et</strong></span> 
     </span>
     <span class='ocr_line' id='line_1_14' title="bbox 145 882 515 913; baseline 0.005 -2"><span class='ocrx_word' id='word_1_71' title='bbox 145 882 295 912; x_wconf 78' lang='lat' dir='ltr'><strong>virtutum</strong></span> <span class='ocrx_word' id='word_1_72' title='bbox 311 882 515 913; x_wconf 74' lang='lat' dir='ltr'><strong>abbreviati.”</strong></span> 
     </span>
    </p>

    <p class='ocr_par' dir='ltr' id='par_1_7' title="bbox 144 933 926 1077">
     <span class='ocr_line' id='line_1_15' title="bbox 166 933 925 974; baseline 0.004 -11"><span class='ocrx_word' id='word_1_73' title='bbox 166 933 263 974; x_wconf 86' lang='lat' dir='ltr'><strong>Incip.</strong></span> <span class='ocrx_word' id='word_1_74' title='bbox 288 933 341 963; x_wconf 90' lang='lat' dir='ltr'><strong>lib.</strong></span> <span class='ocrx_word' id='word_1_75' title='bbox 360 933 442 964; x_wconf 74' lang='lat' dir='ltr'><strong>“‘De</strong></span> <span class='ocrx_word' id='word_1_76' title='bbox 465 934 550 965; x_wconf 84' lang='lat' dir='ltr'><strong>viciis</strong></span> <span class='ocrx_word' id='word_1_77' title='bbox 573 940 605 966; x_wconf 83' lang='lat' dir='ltr'><strong>et</strong></span> <span class='ocrx_word' id='word_1_78' title='bbox 628 935 797 967; x_wconf 85' lang='lat' dir='ltr'><strong>virtutibus</strong></span> <span class='ocrx_word' id='word_1_79' title='bbox 819 941 925 968; x_wconf 84' lang='lat' dir='ltr'><strong>aucto-</strong></span> 
     </span>
     <span class='ocr_line' id='line_1_16' title="bbox 144 984 926 1029; baseline 0.006 -15"><span class='ocrx_word' id='word_1_80' title='bbox 144 984 255 1015; x_wconf 80' lang='lat' dir='ltr'><strong>ritates</strong></span> <span class='ocrx_word' id='word_1_81' title='bbox 271 995 358 1015; x_wconf 80' lang='lat' dir='ltr'>sacre</span> <span class='ocrx_word' id='word_1_82' title='bbox 374 985 527 1027; x_wconf 79' lang='lat' dir='ltr'>scripture</span> <span class='ocrx_word' id='word_1_83' title='bbox 544 990 575 1018; x_wconf 86' lang='lat' dir='ltr'><strong>et</strong></span> <span class='ocrx_word' id='word_1_84' title='bbox 598 992 777 1018; x_wconf 86' lang='lat' dir='ltr'><strong>sanctorum</strong></span> <span class='ocrx_word' id='word_1_85' title='bbox 801 999 837 1019; x_wconf 91' lang='lat' dir='ltr'><strong>ac</strong></span> <span class='ocrx_word' id='word_1_86' title='bbox 860 989 926 1029; x_wconf 92' lang='lat' dir='ltr'><strong>phi-</strong></span> 
     </span>
     <span class='ocr_line' id='line_1_17' title="bbox 144 1035 373 1077; baseline 0.004 -11"><span class='ocrx_word' id='word_1_87' title='bbox 144 1035 373 1077; x_wconf 88' lang='lat' dir='ltr'><strong>losophorum.&#39;’</strong></span> 
     </span>
    </p>

    <p class='ocr_par' dir='ltr' id='par_1_8' title="bbox 166 1086 893 1129">
     <span class='ocr_line' id='line_1_18' title="bbox 166 1086 893 1129; baseline 0.008 -14"><span class='ocrx_word' id='word_1_88' title='bbox 166 1087 205 1116; x_wconf 92' lang='lat' dir='ltr'><strong>In</strong></span> <span class='ocrx_word' id='word_1_89' title='bbox 221 1086 313 1123; x_wconf 83' lang='lat' dir='ltr'><strong>calce,</strong></span> <span class='ocrx_word' id='word_1_90' title='bbox 331 1090 349 1103; x_wconf 85' lang='lat'><strong>“</strong></span> <span class='ocrx_word' id='word_1_91' title='bbox 365 1086 503 1128; x_wconf 77' lang='lat' dir='ltr'><strong>Explicit</strong></span> <span class='ocrx_word' id='word_1_92' title='bbox 520 1089 679 1129; x_wconf 85' lang='lat' dir='ltr'><strong>speculum</strong></span> <span class='ocrx_word' id='word_1_93' title='bbox 695 1089 893 1121; x_wconf 78' lang='lat' dir='ltr'><strong>beatorum.&#39;’</strong></span> 
     </span>
    </p>
   </div>
   <div class='ocr_carea' id='block_1_3' title="bbox 59 1146 925 1240">
    <p class='ocr_par' dir='ltr' id='par_1_9' title="bbox 59 1146 925 1240">
     <span class='ocr_line' id='line_1_19' title="bbox 59 1146 925 1187; baseline 0.005 -11"><span class='ocrx_word' id='word_1_94' title='bbox 59 1149 86 1177; x_wconf 70' lang='lat'><strong>4.</strong></span> <span class='ocrx_word' id='word_1_95' title='bbox 105 1146 137 1176; x_wconf 91' lang='lat' dir='ltr'><strong>S.</strong></span> <span class='ocrx_word' id='word_1_96' title='bbox 155 1146 308 1177; x_wconf 87' lang='lat' dir='ltr'><strong>Bernardi</strong></span> <span class='ocrx_word' id='word_1_97' title='bbox 331 1146 489 1187; x_wconf 85' lang='lat' dir='ltr'><strong>speculum</strong></span> <span class='ocrx_word' id='word_1_98' title='bbox 513 1148 720 1186; x_wconf 80' lang='lat' dir='ltr'><strong>eonscientiae,</strong></span> <span class='ocrx_word' id='word_1_99' title='bbox 741 1149 804 1180; x_wconf 83' lang='lat' dir='ltr'><strong>sive</strong></span> <span class='ocrx_word' id='word_1_100' title='bbox 825 1150 864 1180; x_wconf 88' lang='lat' dir='ltr'><strong>de</strong></span> <span class='ocrx_word' id='word_1_101' title='bbox 882 1151 925 1180; x_wconf 84' lang='lat' dir='ltr'><strong>in-</strong></span> 
     </span>
     <span class='ocr_line' id='line_1_20' title="bbox 123 1198 603 1240; baseline 0.002 -12"><span class='ocrx_word' id='word_1_102' title='bbox 123 1198 229 1229; x_wconf 89' lang='lat' dir='ltr'><strong>teriori</strong></span> <span class='ocrx_word' id='word_1_103' title='bbox 246 1198 338 1228; x_wconf 90' lang='lat' dir='ltr'><strong>domo</strong></span> <span class='ocrx_word' id='word_1_104' title='bbox 354 1198 439 1229; x_wconf 88' lang='lat' dir='ltr'><strong>liber.</strong></span> <span class='ocrx_word' id='word_1_105' title='bbox 466 1198 517 1229; x_wconf 85' lang='lat' dir='ltr'><strong>fol.</strong></span> <span class='ocrx_word' id='word_1_106' title='bbox 534 1201 603 1240; x_wconf 84' lang='lat'><strong>196.</strong></span> 
     </span>
    </p>
   </div>
   <div class='ocr_carea' id='block_1_4' title="bbox 167 1250 958 1293">
    <p class='ocr_par' dir='ltr' id='par_1_10' title="bbox 167 1250 958 1293">
     <span class='ocr_line' id='line_1_21' title="bbox 167 1250 958 1293; baseline 0.004 -12"><span class='ocrx_word' id='word_1_107' title='bbox 167 1251 282 1281; x_wconf 77' lang='lat' dir='ltr'>Exstat</span> <span class='ocrx_word' id='word_1_108' title='bbox 305 1250 444 1292; x_wconf 87' lang='lat' dir='ltr'><strong>impress.</strong></span> <span class='ocrx_word' id='word_1_109' title='bbox 461 1251 543 1282; x_wconf 87' lang='lat' dir='ltr'><strong>inter</strong></span> <span class='ocrx_word' id='word_1_110' title='bbox 561 1263 668 1293; x_wconf 85' lang='lat' dir='ltr'><strong>opera,</strong></span> <span class='ocrx_word' id='word_1_111' title='bbox 690 1254 781 1293; x_wconf 79' lang='lat'>1690,</span> <span class='ocrx_word' id='word_1_112' title='bbox 800 1258 874 1284; x_wconf 87' lang='lat' dir='ltr'><strong>tom.</strong></span> <span class='ocrx_word' id='word_1_113' title='bbox 892 1254 923 1284; x_wconf 87' lang='lat' dir='ltr'><strong>ii.</strong></span> <span class='ocrx_word' id='word_1_114' title='bbox 956 1284 958 1290; x_wconf 70' lang='grc'>,</span> 
     </span>
    </p>
   </div>
   <div class='ocr_carea' id='block_1_5' title="bbox 143 1302 287 1343">
    <p class='ocr_par' dir='ltr' id='par_1_11' title="bbox 143 1302 287 1343">
     <span class='ocr_line' id='line_1_22' title="bbox 143 1302 287 1343; baseline -0.007 -11"><span class='ocrx_word' id='word_1_115' title='bbox 143 1302 200 1332; x_wconf 84' lang='lat' dir='ltr'><strong>col.</strong></span> <span class='ocrx_word' id='word_1_116' title='bbox 213 1310 287 1343; x_wconf 83' lang='lat'><strong>335.</strong></span> 
     </span>
    </p>
   </div>
   <div class='ocr_carea' id='block_1_6' title="bbox 166 1352 958 1395">
    <p class='ocr_par' dir='ltr' id='par_1_12' title="bbox 166 1352 958 1395">
     <span class='ocr_line' id='line_1_23' title="bbox 166 1352 958 1395; baseline 0.004 -12"><span class='ocrx_word' id='word_1_117' title='bbox 166 1353 203 1383; x_wconf 89' lang='lat' dir='ltr'><strong>In</strong></span> <span class='ocrx_word' id='word_1_118' title='bbox 233 1352 325 1389; x_wconf 83' lang='lat' dir='ltr'><strong>calce,</strong></span> <span class='ocrx_word' id='word_1_119' title='bbox 351 1352 521 1394; x_wconf 73' lang='lat' dir='ltr'><strong>“Explicit</strong></span> <span class='ocrx_word' id='word_1_120' title='bbox 551 1354 708 1395; x_wconf 83' lang='lat' dir='ltr'><strong>speculum</strong></span> <span class='ocrx_word' id='word_1_121' title='bbox 738 1355 925 1387; x_wconf 72' lang='lat' dir='ltr'><strong>conscientie</strong></span> <span class='ocrx_word' id='word_1_122' title='bbox 956 1357 958 1361; x_wconf 77' lang='grc'>’</span> 
     </span>
    </p>
   </div>
   <div class='ocr_carea' id='block_1_7' title="bbox 143 1404 847 1447">
    <p class='ocr_par' dir='ltr' id='par_1_13' title="bbox 143 1404 847 1447">
     <span class='ocr_line' id='line_1_24' title="bbox 143 1404 847 1447; baseline 0.003 -12"><span class='ocrx_word' id='word_1_123' title='bbox 143 1404 261 1436; x_wconf 87' lang='lat' dir='ltr'><strong>editum</strong></span> <span class='ocrx_word' id='word_1_124' title='bbox 277 1415 296 1434; x_wconf 90' lang='lat' dir='ltr'><strong>a</strong></span> <span class='ocrx_word' id='word_1_125' title='bbox 312 1404 406 1435; x_wconf 89' lang='lat' dir='ltr'><strong>beato</strong></span> <span class='ocrx_word' id='word_1_126' title='bbox 422 1405 603 1441; x_wconf 78' lang='lat' dir='ltr'><strong>Beruard03</strong></span> <span class='ocrx_word' id='word_1_127' title='bbox 631 1406 697 1436; x_wconf 92' lang='lat' dir='ltr'><strong>Deo</strong></span> <span class='ocrx_word' id='word_1_128' title='bbox 712 1407 847 1447; x_wconf 74' lang='lat' dir='ltr'><strong>g1·aeia.‘&#39;</strong></span> 
     </span>
    </p>
   </div>
   <div class='ocr_carea' id='block_1_8' title="bbox 56 1463 925 1812">
    <p class='ocr_par' dir='ltr' id='par_1_14' title="bbox 56 1463 925 1812">
     <span class='ocr_line' id='line_1_25' title="bbox 59 1463 925 1505; baseline 0 -9"><span class='ocrx_word' id='word_1_129' title='bbox 59 1468 88 1496; x_wconf 84' lang='lat'><strong>5.</strong></span> <span class='ocrx_word' id='word_1_130' title='bbox 108 1464 234 1495; x_wconf 89' lang='lat' dir='ltr'><strong>Ricardi</strong></span> <span class='ocrx_word' id='word_1_131' title='bbox 255 1463 355 1498; x_wconf 82' lang='lat' dir='ltr'><strong>Bone,</strong></span> <span class='ocrx_word' id='word_1_132' title='bbox 371 1464 409 1494; x_wconf 91' lang='lat' dir='ltr'><strong>de</strong></span> <span class='ocrx_word' id='word_1_133' title='bbox 431 1463 602 1505; x_wconf 84' lang='lat' dir='ltr'><strong>Hampole,</strong></span> <span class='ocrx_word' id='word_1_134' title='bbox 619 1464 740 1495; x_wconf 88' lang='lat' dir='ltr'><strong>libellus</strong></span> <span class='ocrx_word' id='word_1_135' title='bbox 763 1466 801 1496; x_wconf 83' lang='lat' dir='ltr'><strong>de</strong></span> <span class='ocrx_word' id='word_1_136' title='bbox 824 1477 925 1497; x_wconf 86' lang='lat' dir='ltr'><strong>emen-</strong></span> 
     </span>
     <span class='ocr_line' id='line_1_26' title="bbox 123 1515 859 1556; baseline 0.003 -11"><span class='ocrx_word' id='word_1_137' title='bbox 123 1516 249 1546; x_wconf 80' lang='lat' dir='ltr'><strong>datione</strong></span> <span class='ocrx_word' id='word_1_138' title='bbox 264 1515 346 1551; x_wconf 75' lang='lat' dir='ltr'><strong>vitae,</strong></span> <span class='ocrx_word' id='word_1_139' title='bbox 363 1515 506 1556; x_wconf 86' lang='lat' dir='ltr'><strong>capitulis</strong></span> <span class='ocrx_word' id='word_1_140' title='bbox 523 1516 697 1546; x_wconf 76' lang='lat' dir='ltr'><strong>duodecim.</strong></span> <span class='ocrx_word' id='word_1_141' title='bbox 722 1516 774 1547; x_wconf 83' lang='lat' dir='ltr'><strong>fol.</strong></span> <span class='ocrx_word' id='word_1_142' title='bbox 789 1527 821 1547; x_wconf 80' lang='lat'><strong>21</strong></span> <span class='ocrx_word' id='word_1_143' title='bbox 835 1528 859 1547; x_wconf 88' lang='lat'><strong>1.</strong></span> 
     </span>
     <span class='ocr_line' id='line_1_27' title="bbox 166 1566 911 1608; baseline 0.004 -11"><span class='ocrx_word' id='word_1_144' title='bbox 166 1566 264 1608; x_wconf 87' lang='lat' dir='ltr'><strong>Incip.</strong></span> <span class='ocrx_word' id='word_1_145' title='bbox 281 1570 300 1583; x_wconf 79' lang='lat'><strong>‘⁶</strong></span> <span class='ocrx_word' id='word_1_146' title='bbox 314 1566 362 1597; x_wconf 86' lang='lat' dir='ltr'><strong>Ne</strong></span> <span class='ocrx_word' id='word_1_147' title='bbox 378 1566 485 1597; x_wconf 78' lang='lat' dir='ltr'><strong>tardes</strong></span> <span class='ocrx_word' id='word_1_148' title='bbox 501 1567 639 1598; x_wconf 84' lang='lat' dir='ltr'><strong>converti</strong></span> <span class='ocrx_word' id='word_1_149' title='bbox 656 1568 696 1598; x_wconf 85' lang='lat' dir='ltr'><strong>ad</strong></span> <span class='ocrx_word' id='word_1_150' title='bbox 713 1568 911 1600; x_wconf 44' lang='lat' dir='ltr'><strong>Dominum?¹</strong></span> 
     </span>
     <span class='ocr_line' id='line_1_28' title="bbox 164 1617 925 1660; baseline 0.007 -12"><span class='ocrx_word' id='word_1_151' title='bbox 164 1618 202 1648; x_wconf 90' lang='lat' dir='ltr'><strong>In</strong></span> <span class='ocrx_word' id='word_1_152' title='bbox 219 1618 312 1655; x_wconf 85' lang='lat' dir='ltr'><strong>calce,</strong></span> <span class='ocrx_word' id='word_1_153' title='bbox 327 1622 344 1634; x_wconf 71' lang='lat'><strong>‘⁴</strong></span> <span class='ocrx_word' id='word_1_154' title='bbox 359 1617 497 1660; x_wconf 81' lang='lat' dir='ltr'><strong>Explicit</strong></span> <span class='ocrx_word' id='word_1_155' title='bbox 514 1618 634 1650; x_wconf 89' lang='lat' dir='ltr'><strong>libellus</strong></span> <span class='ocrx_word' id='word_1_156' title='bbox 650 1620 689 1650; x_wconf 89' lang='lat' dir='ltr'><strong>de</strong></span> <span class='ocrx_word' id='word_1_157' title='bbox 705 1622 925 1653; x_wconf 65' lang='lat' dir='ltr'><strong>emendacione</strong></span> 
     </span>
     <span class='ocr_line' id='line_1_29' title="bbox 121 1669 212 1701; baseline 0 -1"><span class='ocrx_word' id='word_1_158' title='bbox 121 1669 212 1701; x_wconf 58' lang='lat' dir='ltr'><strong>vites*</strong></span> 
     </span>
     <span class='ocr_line' id='line_1_30' title="bbox 56 1729 924 1765; baseline 0.005 -5"><span class='ocrx_word' id='word_1_159' title='bbox 56 1729 85 1761; x_wconf 88' lang='lat'><strong>6.</strong></span> <span class='ocrx_word' id='word_1_160' title='bbox 103 1729 197 1760; x_wconf 87' lang='lat' dir='ltr'><strong>Liber</strong></span> <span class='ocrx_word' id='word_1_161' title='bbox 213 1729 233 1759; x_wconf 81' lang='lat' dir='ltr'><strong>J</strong></span> <span class='ocrx_word' id='word_1_162' title='bbox 236 1729 368 1760; x_wconf 89' lang='lat' dir='ltr'><strong>ohannis</strong></span> <span class='ocrx_word' id='word_1_163' title='bbox 384 1729 570 1761; x_wconf 87' lang='lat' dir='ltr'><strong>Damasceni</strong></span> <span class='ocrx_word' id='word_1_164' title='bbox 588 1736 716 1763; x_wconf 82' lang='lat' dir='ltr'><strong>vocatus</strong></span> <span class='ocrx_word' id='word_1_165' title='bbox 734 1733 868 1764; x_wconf 84' lang='lat' dir='ltr'><strong>Mansur</strong></span> <span class='ocrx_word' id='word_1_166' title='bbox 887 1735 924 1765; x_wconf 90' lang='lat' dir='ltr'><strong>de</strong></span> 
     </span>
     <span class='ocr_line' id='line_1_31' title="bbox 120 1781 542 1812; baseline 0 0"><span class='ocrx_word' id='word_1_167' title='bbox 120 1781 296 1812; x_wconf 86' lang='lat' dir='ltr'><strong>orthodoxa</strong></span> <span class='ocrx_word' id='word_1_168' title='bbox 312 1781 382 1812; x_wconf 84' lang='lat' dir='ltr'><strong>fide.</strong></span> <span class='ocrx_word' id='word_1_169' title='bbox 405 1781 457 1812; x_wconf 88' lang='lat' dir='ltr'><strong>fol.</strong></span> <span class='ocrx_word' id='word_1_170' title='bbox 473 1784 542 1812; x_wconf 86' lang='lat'><strong>216.</strong></span> 
     </span>
    </p>
   </div>
   <div class='ocr_carea' id='block_1_9' title="bbox 163 1832 955 1872">
    <p class='ocr_par' dir='ltr' id='par_1_15' title="bbox 163 1832 955 1872">
     <span class='ocr_line' id='line_1_32' title="bbox 163 1832 955 1872; baseline 0.006 -11"><span class='ocrx_word' id='word_1_171' title='bbox 163 1832 261 1872; x_wconf 88' lang='lat' dir='ltr'><strong>Incip.</strong></span> <span class='ocrx_word' id='word_1_172' title='bbox 280 1836 298 1848; x_wconf 85' lang='lat'>“</span> <span class='ocrx_word' id='word_1_173' title='bbox 310 1832 411 1862; x_wconf 91' lang='lat' dir='ltr'><strong>Deum</strong></span> <span class='ocrx_word' id='word_1_174' title='bbox 428 1843 518 1862; x_wconf 86' lang='lat' dir='ltr'><strong>nemo</strong></span> <span class='ocrx_word' id='word_1_175' title='bbox 535 1833 649 1869; x_wconf 57' lang='lat' dir='ltr'><strong>viditg&#39;q</strong></span> <span class='ocrx_word' id='word_1_176' title='bbox 672 1838 731 1865; x_wconf 89' lang='lat' dir='ltr'><strong>etc.</strong></span> <span class='ocrx_word' id='word_1_177' title='bbox 750 1839 785 1866; x_wconf 90' lang='lat' dir='ltr'><strong>ut</strong></span> <span class='ocrx_word' id='word_1_178' title='bbox 802 1835 832 1865; x_wconf 94' lang='lat' dir='ltr'><strong>in</strong></span> <span class='ocrx_word' id='word_1_179' title='bbox 847 1836 922 1866; x_wconf 83' lang='lat' dir='ltr'><strong>edit.</strong></span> <span class='ocrx_word' id='word_1_180' title='bbox 954 1854 955 1859; x_wconf 67' lang='lat'>=</span> 
     </span>
    </p>
   </div>
   <div class='ocr_carea' id='block_1_10' title="bbox 145 1884 850 1977">
    <p class='ocr_par' dir='ltr' id='par_1_16' title="bbox 145 1884 850 1977">
     <span class='ocr_line' id='line_1_33' title="bbox 145 1884 571 1926; baseline 0.002 -12"><span class='ocrx_word' id='word_1_181' title='bbox 145 1884 188 1914; x_wconf 87' lang='lat' dir='ltr'><strong>Le</strong></span> <span class='ocrx_word' id='word_1_182' title='bbox 205 1884 313 1923; x_wconf 84' lang='lat' dir='ltr'><strong>Quien.</strong></span> <span class='ocrx_word' id='word_1_183' title='bbox 331 1888 406 1914; x_wconf 90' lang='lat' dir='ltr'><strong>tom.</strong></span> <span class='ocrx_word' id='word_1_184' title='bbox 420 1884 438 1914; x_wconf 91' lang='lat' dir='ltr'><strong>i.</strong></span> <span class='ocrx_word' id='word_1_185' title='bbox 455 1895 485 1924; x_wconf 68' lang='lat' dir='ltr'><strong>p⁴</strong></span> <span class='ocrx_word' id='word_1_186' title='bbox 503 1895 571 1926; x_wconf 77' lang='lat'><strong>123.</strong></span> 
     </span>
     <span class='ocr_line' id='line_1_34' title="bbox 164 1936 850 1977; baseline 0.003 -11"><span class='ocrx_word' id='word_1_187' title='bbox 164 1936 279 1966; x_wconf 84' lang='lat' dir='ltr'><strong>Deficit</strong></span> <span class='ocrx_word' id='word_1_188' title='bbox 295 1936 407 1973; x_wconf 83' lang='lat' dir='ltr'><strong>verbis,</strong></span> <span class='ocrx_word' id='word_1_189' title='bbox 427 1941 444 1952; x_wconf 87' lang='grc'>“</span> <span class='ocrx_word' id='word_1_190' title='bbox 458 1936 594 1977; x_wconf 78' lang='lat' dir='ltr'><strong>Tempus</strong></span> <span class='ocrx_word' id='word_1_191' title='bbox 610 1948 682 1967; x_wconf 90' lang='lat' dir='ltr'><strong>vero</strong></span> <span class='ocrx_word' id='word_1_192' title='bbox 698 1949 715 1968; x_wconf 88' lang='lat' dir='ltr'><strong>a</strong></span> <span class='ocrx_word' id='word_1_193' title='bbox 732 1938 850 1968; x_wconf 61' lang='lat' dir='ltr'><strong>sub—“⁵</strong></span> 
     </span>
    </p>
   </div>
   <div class='ocr_carea' id='block_1_11' title="bbox 393 2040 570 2075">
    <p class='ocr_par' dir='ltr' id='par_1_17' title="bbox 393 2040 570 2075">
     <span class='ocr_line' id='line_1_35' title="bbox 393 2040 570 2075; baseline 0.011 -2"><span class='ocrx_word' id='word_1_194' title='bbox 393 2040 570 2075; x_wconf 89' lang='lat' dir='ltr'><strong>LXVIII.</strong></span> 
     </span>
    </p>
   </div>
   <div class='ocr_carea' id='block_1_12' title="bbox 35 2103 923 2199">
    <p class='ocr_par' dir='ltr' id='par_1_18' title="bbox 35 2103 923 2199">
     <span class='ocr_line' id='line_1_36' title="bbox 35 2103 923 2150; baseline 0.007 -15"><span class='ocrx_word' id='word_1_195' title='bbox 35 2103 155 2136; x_wconf 76' lang='lat' dir='ltr'><strong>Codex</strong></span> <span class='ocrx_word' id='word_1_196' title='bbox 174 2103 470 2143; x_wconf 82' lang='lat' dir='ltr'><strong>membranaceus,</strong></span> <span class='ocrx_word' id='word_1_197' title='bbox 485 2104 518 2137; x_wconf 90' lang='lat' dir='ltr'><strong>in</strong></span> <span class='ocrx_word' id='word_1_198' title='bbox 539 2104 623 2138; x_wconf 77' lang='lat' dir='ltr'><strong>folio</strong></span> <span class='ocrx_word' id='word_1_199' title='bbox 643 2106 775 2150; x_wconf 82' lang='lat' dir='ltr'><strong>majori,</strong></span> <span class='ocrx_word' id='word_1_200' title='bbox 791 2106 824 2139; x_wconf 81' lang='lat' dir='ltr'><strong>ff.</strong></span> <span class='ocrx_word' id='word_1_201' title='bbox 841 2109 923 2147; x_wconf 76' lang='lat'><strong>302,</strong></span> 
     </span>
     <span class='ocr_line' id='line_1_37' title="bbox 59 2161 697 2199; baseline 0.005 -6"><span class='ocrx_word' id='word_1_202' title='bbox 59 2172 124 2194; x_wconf 71' lang='lat' dir='ltr'><strong>see.</strong></span> <span class='ocrx_word' id='word_1_203' title='bbox 140 2172 208 2199; x_wconf 55' lang='lat' dir='ltr'><strong>xxm,</strong></span> <span class='ocrx_word' id='word_1_204' title='bbox 228 2161 317 2194; x_wconf 84' lang='lat' dir='ltr'><strong>binis</strong></span> <span class='ocrx_word' id='word_1_205' title='bbox 336 2161 506 2195; x_wconf 87' lang='lat' dir='ltr'><strong>columnis</strong></span> <span class='ocrx_word' id='word_1_206' title='bbox 524 2170 697 2197; x_wconf 83' lang='lat' dir='ltr'><strong>exaratus.</strong></span> 
     </span>
    </p>
   </div>
   <div class='ocr_carea' id='block_1_13' title="bbox 78 2224 953 2268">
    <p class='ocr_par' dir='ltr' id='par_1_19' title="bbox 78 2224 953 2268">
     <span class='ocr_line' id='line_1_38' title="bbox 78 2224 953 2268; baseline 0.007 -14"><span class='ocrx_word' id='word_1_207' title='bbox 78 2226 103 2254; x_wconf 91' lang='lat'><strong>1.</strong></span> <span class='ocrx_word' id='word_1_208' title='bbox 121 2224 169 2255; x_wconf 87' lang='lat' dir='ltr'><strong>De</strong></span> <span class='ocrx_word' id='word_1_209' title='bbox 198 2225 382 2255; x_wconf 76' lang='lat' dir='ltr'><strong>adoratione</strong></span> <span class='ocrx_word' id='word_1_210' title='bbox 412 2225 525 2263; x_wconf 84' lang='lat' dir='ltr'><strong>latriae,</strong></span> <span class='ocrx_word' id='word_1_211' title='bbox 551 2226 743 2268; x_wconf 75' lang='lat' dir='ltr'><strong>hyperduliae</strong></span> <span class='ocrx_word' id='word_1_212' title='bbox 768 2234 798 2259; x_wconf 89' lang='lat' dir='ltr'><strong>et</strong></span> <span class='ocrx_word' id='word_1_213' title='bbox 831 2229 922 2260; x_wconf 83' lang='lat' dir='ltr'><strong>duliae</strong></span> <span class='ocrx_word' id='word_1_214' title='bbox 952 2261 953 2267; x_wconf 23' lang='lat'>¹</span> 
     </span>
    </p>
   </div>
   <div class='ocr_carea' id='block_1_14' title="bbox 139 2275 387 2307">
    <p class='ocr_par' dir='ltr' id='par_1_20' title="bbox 139 2275 387 2307">
     <span class='ocr_line' id='line_1_39' title="bbox 139 2275 387 2307; baseline 0.008 -2"><span class='ocrx_word' id='word_1_215' title='bbox 139 2275 268 2306; x_wconf 82' lang='lat' dir='ltr'><strong>libellus.</strong></span> <span class='ocrx_word' id='word_1_216' title='bbox 292 2276 344 2307; x_wconf 82' lang='lat' dir='ltr'><strong>sol.</strong></span> <span class='ocrx_word' id='word_1_217' title='bbox 362 2287 387 2307; x_wconf 90' lang='lat'><strong>1.</strong></span> 
     </span>
    </p>
   </div>
   <div class='ocr_carea' id='block_1_15' title="bbox 159 2326 953 2471">
    <p class='ocr_par' dir='ltr' id='par_1_21' title="bbox 159 2326 953 2471">
     <span class='ocr_line' id='line_1_40' title="bbox 182 2326 953 2371; baseline 0.009 -15"><span class='ocrx_word' id='word_1_218' title='bbox 182 2326 282 2368; x_wconf 88' lang='lat' dir='ltr'><strong>Incip.</strong></span> <span class='ocrx_word' id='word_1_219' title='bbox 297 2332 314 2344; x_wconf 70' lang='lat'><strong>‘⁴</strong></span> <span class='ocrx_word' id='word_1_220' title='bbox 324 2327 433 2358; x_wconf 83' lang='lat' dir='ltr'><strong>Latria</strong></span> <span class='ocrx_word' id='word_1_221' title='bbox 444 2332 493 2359; x_wconf 82' lang='lat' dir='ltr'><strong>est</strong></span> <span class='ocrx_word' id='word_1_222' title='bbox 506 2329 606 2359; x_wconf 87' lang='lat' dir='ltr'><strong>honor</strong></span> <span class='ocrx_word' id='word_1_223' title='bbox 618 2329 673 2359; x_wconf 90' lang='lat' dir='ltr'><strong>soli</strong></span> <span class='ocrx_word' id='word_1_224' title='bbox 688 2331 757 2360; x_wconf 75' lang='lat' dir='ltr'><strong>Deo</strong></span> <span class='ocrx_word' id='word_1_225' title='bbox 769 2331 921 2363; x_wconf 46' lang='lat' dir='ltr'><strong>debitus?</strong></span> <span class='ocrx_word' id='word_1_226' title='bbox 952 2361 953 2371; x_wconf 55' lang='grc'>,</span> 
     </span>
     <span class='ocr_line' id='line_1_41' title="bbox 177 2379 953 2423; baseline 0.008 -15"><span class='ocrx_word' id='word_1_227' title='bbox 177 2379 348 2409; x_wconf 81' lang='lat' dir='ltr'><strong>Auctorem</strong></span> <span class='ocrx_word' id='word_1_228' title='bbox 359 2380 452 2410; x_wconf 89' lang='lat' dir='ltr'><strong>fuisse</strong></span> <span class='ocrx_word' id='word_1_229' title='bbox 463 2381 631 2421; x_wconf 80' lang='lat' dir='ltr'><strong>Anglicum</strong></span> <span class='ocrx_word' id='word_1_230' title='bbox 644 2381 735 2412; x_wconf 82' lang='lat' dir='ltr'><strong>liceat</strong></span> <span class='ocrx_word' id='word_1_231' title='bbox 746 2383 921 2423; x_wconf 89' lang='lat' dir='ltr'><strong>conjectare</strong></span> <span class='ocrx_word' id='word_1_232' title='bbox 952 2399 953 2406; x_wconf 62' lang='lat'><strong>.</strong></span> 
     </span>
     <span class='ocr_line' id='line_1_42' title="bbox 159 2431 952 2471; baseline 0.008 -11"><span class='ocrx_word' id='word_1_233' title='bbox 159 2442 197 2460; x_wconf 85' lang='lat' dir='ltr'><strong>ex</strong></span> <span class='ocrx_word' id='word_1_234' title='bbox 220 2441 257 2460; x_wconf 90' lang='lat' dir='ltr'><strong>eo</strong></span> <span class='ocrx_word' id='word_1_235' title='bbox 280 2431 363 2471; x_wconf 86' lang='lat' dir='ltr'><strong>quod</strong></span> <span class='ocrx_word' id='word_1_236' title='bbox 387 2431 469 2461; x_wconf 83' lang='lat' dir='ltr'><strong>inter</strong></span> <span class='ocrx_word' id='word_1_237' title='bbox 487 2432 694 2463; x_wconf 78' lang='lat' dir='ltr'><strong>auctoritates</strong></span> <span class='ocrx_word' id='word_1_238' title='bbox 710 2433 787 2464; x_wconf 87' lang='lat' dir='ltr'><strong>alias</strong></span> <span class='ocrx_word' id='word_1_239' title='bbox 804 2434 920 2465; x_wconf 80' lang='lat' dir='ltr'><strong>Rober-</strong></span> <span class='ocrx_word' id='word_1_240' title='bbox 951 2446 952 2451; x_wconf 63' lang='lat'>¹</span> 
     </span>
    </p>
   </div>
   <div class='ocr_carea' id='block_1_16' title="bbox 158 2481 806 2523">
    <p class='ocr_par' dir='ltr' id='par_1_22' title="bbox 158 2481 806 2523">
     <span class='ocr_line' id='line_1_43' title="bbox 158 2481 806 2523; baseline 0.008 -13"><span class='ocrx_word' id='word_1_241' title='bbox 158 2485 227 2510; x_wconf 89' lang='lat' dir='ltr'><strong>tum</strong></span> <span class='ocrx_word' id='word_1_242' title='bbox 242 2481 391 2511; x_wconf 83' lang='lat' dir='ltr'><strong>Grostete</strong></span> <span class='ocrx_word' id='word_1_243' title='bbox 409 2481 701 2523; x_wconf 46' lang='lat' dir='ltr'><strong>&amp;Vodefordumque</strong></span> <span class='ocrx_word' id='word_1_244' title='bbox 717 2484 806 2515; x_wconf 85' lang='lat' dir='ltr'><strong>citat.</strong></span> 
     </span>
    </p>
   </div>
   <div class='ocr_carea' id='block_1_17' title="bbox 74 2539 921 2842">
    <p class='ocr_par' dir='ltr' id='par_1_23' title="bbox 74 2539 921 2842">
     <span class='ocr_line' id='line_1_44' title="bbox 74 2539 921 2584; baseline 0.008 -15"><span class='ocrx_word' id='word_1_245' title='bbox 74 2542 104 2570; x_wconf 70' lang='lat'><strong>2.</strong></span> <span class='ocrx_word' id='word_1_246' title='bbox 120 2540 151 2570; x_wconf 88' lang='lat' dir='ltr'><strong>S.</strong></span> <span class='ocrx_word' id='word_1_247' title='bbox 168 2539 397 2571; x_wconf 75' lang='lat' dir='ltr'><strong>Bonaventurae</strong></span> <span class='ocrx_word' id='word_1_248' title='bbox 424 2541 591 2572; x_wconf 86' lang='lat' dir='ltr'><strong>cardinalis</strong></span> <span class='ocrx_word' id='word_1_249' title='bbox 620 2542 700 2573; x_wconf 87' lang='lat' dir='ltr'><strong>liber</strong></span> <span class='ocrx_word' id='word_1_250' title='bbox 726 2544 777 2584; x_wconf 89' lang='lat' dir='ltr'><strong>qui</strong></span> <span class='ocrx_word' id='word_1_251' title='bbox 807 2545 921 2576; x_wconf 88' lang='lat' dir='ltr'><strong>dicitur</strong></span> 
     </span>
     <span class='ocr_line' id='line_1_45' title="bbox 138 2591 919 2628; baseline 0.009 -7"><span class='ocrx_word' id='word_1_252' title='bbox 138 2591 274 2622; x_wconf 86' lang='lat' dir='ltr'><strong>Parvum</strong></span> <span class='ocrx_word' id='word_1_253' title='bbox 288 2592 402 2622; x_wconf 92' lang='lat' dir='ltr'><strong>bonum</strong></span> <span class='ocrx_word' id='word_1_254' title='bbox 419 2592 482 2623; x_wconf 87' lang='lat' dir='ltr'><strong>sive</strong></span> <span class='ocrx_word' id='word_1_255' title='bbox 498 2592 673 2624; x_wconf 83' lang='lat' dir='ltr'><strong>incendium</strong></span> <span class='ocrx_word' id='word_1_256' title='bbox 686 2596 809 2626; x_wconf 83' lang='lat' dir='ltr'><strong>amoris.</strong></span> <span class='ocrx_word' id='word_1_257' title='bbox 826 2597 876 2627; x_wconf 87' lang='lat' dir='ltr'><strong>fol.</strong></span> <span class='ocrx_word' id='word_1_258' title='bbox 892 2607 919 2628; x_wconf 85' lang='lat'><strong>2.</strong></span> 
     </span>
     <span class='ocr_line' id='line_1_46' title="bbox 179 2642 918 2684; baseline 0.009 -12"><span class='ocrx_word' id='word_1_259' title='bbox 179 2642 242 2673; x_wconf 84' lang='lat' dir='ltr'><strong>Tit.</strong></span> <span class='ocrx_word' id='word_1_260' title='bbox 262 2648 279 2659; x_wconf 73' lang='lat'><strong>⁶·</strong></span> <span class='ocrx_word' id='word_1_261' title='bbox 293 2642 407 2684; x_wconf 87' lang='lat' dir='ltr'><strong>Incipit</strong></span> <span class='ocrx_word' id='word_1_262' title='bbox 434 2654 564 2684; x_wconf 88' lang='lat' dir='ltr'><strong>parvum</strong></span> <span class='ocrx_word' id='word_1_263' title='bbox 591 2645 707 2676; x_wconf 89' lang='lat' dir='ltr'><strong>bonum</strong></span> <span class='ocrx_word' id='word_1_264' title='bbox 732 2646 839 2678; x_wconf 85' lang='lat' dir='ltr'><strong>fratris</strong></span> <span class='ocrx_word' id='word_1_265' title='bbox 863 2648 918 2679; x_wconf 88' lang='lat' dir='ltr'><strong>SS.</strong></span> 
     </span>
     <span class='ocr_line' id='line_1_47' title="bbox 157 2694 920 2737; baseline 0.01 -14"><span class='ocrx_word' id='word_1_266' title='bbox 157 2694 386 2732; x_wconf 79' lang='lat' dir='ltr'><strong>Bonaventure,</strong></span> <span class='ocrx_word' id='word_1_267' title='bbox 414 2696 497 2736; x_wconf 92' lang='lat' dir='ltr'><strong>quod</strong></span> <span class='ocrx_word' id='word_1_268' title='bbox 528 2706 548 2726; x_wconf 80' lang='lat' dir='ltr'><strong>a</strong></span> <span class='ocrx_word' id='word_1_269' title='bbox 578 2697 764 2737; x_wconf 87' lang='lat' dir='ltr'><strong>quibusdam</strong></span> <span class='ocrx_word' id='word_1_270' title='bbox 791 2704 920 2731; x_wconf 86' lang='lat' dir='ltr'><strong>vocatur</strong></span> 
     </span>
     <span class='ocr_line' id='line_1_48' title="bbox 157 2745 436 2788; baseline 0.007 -14"><span class='ocrx_word' id='word_1_271' title='bbox 157 2745 322 2777; x_wconf 86' lang='lat' dir='ltr'><strong>meditatio</strong></span> <span class='ocrx_word' id='word_1_272' title='bbox 338 2746 436 2788; x_wconf 58' lang='grc' dir='ltr'><strong>01115.ῚἾ</strong></span> 
     </span>
     <span class='ocr_line' id='line_1_49' title="bbox 177 2796 824 2842; baseline 0.009 -16"><span class='ocrx_word' id='word_1_273' title='bbox 177 2796 295 2828; x_wconf 78' lang='lat' dir='ltr'><strong>Exstat</strong></span> <span class='ocrx_word' id='word_1_274' title='bbox 310 2797 393 2828; x_wconf 89' lang='lat' dir='ltr'><strong>inter</strong></span> <span class='ocrx_word' id='word_1_275' title='bbox 409 2808 514 2839; x_wconf 83' lang='lat' dir='ltr'><strong>opera,</strong></span> <span class='ocrx_word' id='word_1_276' title='bbox 527 2802 603 2830; x_wconf 89' lang='lat' dir='ltr'><strong>tom.</strong></span> <span class='ocrx_word' id='word_1_277' title='bbox 616 2799 665 2831; x_wconf 91' lang='lat' dir='ltr'><strong>vii.</strong></span> <span class='ocrx_word' id='word_1_278' title='bbox 685 2801 740 2831; x_wconf 90' lang='grc'>001.</span> <span class='ocrx_word' id='word_1_279' title='bbox 757 2811 824 2842; x_wconf 83' lang='grc'>197.</span> 
     </span>
    </p>
   </div>
   <div class='ocr_carea' id='block_1_18' title="bbox 952 320 962 2491">
    <p class='ocr_par' dir='ltr' id='par_1_24' title="bbox 952 320 962 2491">
     <span class='ocr_line' id='line_1_50' title="bbox 952 320 962 2491; baseline 0 0"><span class='ocrx_word' id='word_1_280' title='bbox 952 320 962 2491; x_wconf 95' lang='lat' dir='ltr'><strong> </strong></span> 
     </span>
    </p>
   </div>
   <div class='ocr_carea' id='block_1_19' title="bbox 951 320 962 2841">
    <p class='ocr_par' dir='ltr' id='par_1_25' title="bbox 951 320 962 2841">
     <span class='ocr_line' id='line_1_51' title="bbox 951 320 962 2841; baseline 0 0"><span class='ocrx_word' id='word_1_281' title='bbox 951 320 962 2841; x_wconf 95' lang='lat' dir='ltr'><strong> </strong></span> 
     </span>
    </p>
   </div>
   <div class='ocr_carea' id='block_1_20' title="bbox 974 260 1869 2797">
    <p class='ocr_par' dir='ltr' id='par_1_26' title="bbox 1003 260 1868 404">
     <span class='ocr_line' id='line_1_52' title="bbox 1003 260 1868 306; baseline 0.014 -16"><span class='ocrx_word' id='word_1_282' title='bbox 1003 260 1033 290; x_wconf 75' lang='lat'><strong>3.</strong></span> <span class='ocrx_word' id='word_1_283' title='bbox 1052 261 1146 292; x_wconf 87' lang='lat' dir='ltr'><strong>Liber</strong></span> <span class='ocrx_word' id='word_1_284' title='bbox 1169 264 1208 293; x_wconf 89' lang='lat' dir='ltr'><strong>dc</strong></span> <span class='ocrx_word' id='word_1_285' title='bbox 1229 268 1342 294; x_wconf 81' lang='lat' dir='ltr'><strong>natura</strong></span> <span class='ocrx_word' id='word_1_286' title='bbox 1367 276 1480 302; x_wconf 82' lang='lat' dir='ltr'><strong>rerum,</strong></span> <span class='ocrx_word' id='word_1_287' title='bbox 1502 267 1603 298; x_wconf 76' lang='lat' dir='ltr'><strong>avium</strong></span> <span class='ocrx_word' id='word_1_288' title='bbox 1628 269 1753 306; x_wconf 76' lang='lat' dir='ltr'><strong>scilicet.</strong></span> <span class='ocrx_word' id='word_1_289' title='bbox 1774 270 1868 302; x_wconf 87' lang='lat' dir='ltr'><strong>besti—</strong></span> 
     </span>
     <span class='ocr_line' id='line_1_53' title="bbox 1067 314 1866 358; baseline 0.014 -16"><span class='ocrx_word' id='word_1_290' title='bbox 1067 323 1167 350; x_wconf 80' lang='lat' dir='ltr'><strong>arum,</strong></span> <span class='ocrx_word' id='word_1_291' title='bbox 1195 314 1332 356; x_wconf 86' lang='lat' dir='ltr'><strong>lapidum</strong></span> <span class='ocrx_word' id='word_1_292' title='bbox 1363 318 1579 358; x_wconf 81' lang='lat' dir='ltr'><strong>pretiosorum.</strong></span> <span class='ocrx_word' id='word_1_293' title='bbox 1603 324 1662 351; x_wconf 86' lang='lat' dir='ltr'><strong>etc.</strong></span> <span class='ocrx_word' id='word_1_294' title='bbox 1688 321 1797 352; x_wconf 88' lang='lat' dir='ltr'><strong>ordinc</strong></span> <span class='ocrx_word' id='word_1_295' title='bbox 1823 323 1866 353; x_wconf 85' lang='lat' dir='ltr'><strong>al-</strong></span> 
     </span>
     <span class='ocr_line' id='line_1_54' title="bbox 1068 364 1361 404; baseline 0.017 -11"><span class='ocrx_word' id='word_1_296' title='bbox 1068 364 1242 404; x_wconf 86' lang='lat' dir='ltr'><strong>phabetico.</strong></span> <span class='ocrx_word' id='word_1_297' title='bbox 1267 367 1317 398; x_wconf 85' lang='lat' dir='ltr'><strong>sol.</strong></span> <span class='ocrx_word' id='word_1_298' title='bbox 1333 369 1361 399; x_wconf 84' lang='lat'><strong>6.</strong></span> 
     </span>
    </p>

    <p class='ocr_par' dir='ltr' id='par_1_27' title="bbox 1090 416 1869 508">
     <span class='ocr_line' id='line_1_55' title="bbox 1113 416 1869 466; baseline 0.015 -21"><span class='ocrx_word' id='word_1_299' title='bbox 1113 416 1210 457; x_wconf 87' lang='lat' dir='ltr'><strong>Incip.</strong></span> <span class='ocrx_word' id='word_1_300' title='bbox 1230 427 1247 434; x_wconf 77' lang='lat'><strong>··</strong></span> <span class='ocrx_word' id='word_1_301' title='bbox 1259 418 1364 449; x_wconf 84' lang='lat' dir='ltr'><strong>Julius</strong></span> <span class='ocrx_word' id='word_1_302' title='bbox 1389 420 1503 451; x_wconf 78' lang='lat' dir='ltr'><strong>Silvius</strong></span> <span class='ocrx_word' id='word_1_303' title='bbox 1529 422 1605 453; x_wconf 87' lang='lat' dir='ltr'><strong>dicit</strong></span> <span class='ocrx_word' id='word_1_304' title='bbox 1632 424 1714 464; x_wconf 83' lang='lat' dir='ltr'><strong>quod</strong></span> <span class='ocrx_word' id='word_1_305' title='bbox 1742 425 1869 466; x_wconf 84' lang='lat' dir='ltr'><strong>Aquila⁷</strong></span> 
     </span>
     <span class='ocr_line' id='line_1_56' title="bbox 1090 469 1552 508; baseline 0.015 -11"><span class='ocrx_word' id='word_1_306' title='bbox 1090 479 1148 508; x_wconf 79' lang='lat' dir='ltr'><strong>que</strong></span> <span class='ocrx_word' id='word_1_307' title='bbox 1164 469 1249 499; x_wconf 79' lang='lat' dir='ltr'><strong>acuti</strong></span> <span class='ocrx_word' id='word_1_308' title='bbox 1266 470 1389 501; x_wconf 88' lang='lat' dir='ltr'><strong>luminis</strong></span> <span class='ocrx_word' id='word_1_309' title='bbox 1406 472 1552 503; x_wconf 80' lang='lat' dir='ltr'><strong>dieitur.”</strong></span> 
     </span>
    </p>

    <p class='ocr_par' dir='ltr' id='par_1_28' title="bbox 1088 519 1868 712">
     <span class='ocr_line' id='line_1_57' title="bbox 1110 519 1868 568; baseline 0.013 -19"><span class='ocrx_word' id='word_1_310' title='bbox 1110 519 1258 551; x_wconf 82' lang='lat' dir='ltr'><strong>Citantur</strong></span> <span class='ocrx_word' id='word_1_311' title='bbox 1280 521 1429 559; x_wconf 81' lang='lat' dir='ltr'><strong>Isidorus,</strong></span> <span class='ocrx_word' id='word_1_312' title='bbox 1446 524 1596 555; x_wconf 84' lang='lat' dir='ltr'><strong>Albertns</strong></span> <span class='ocrx_word' id='word_1_313' title='bbox 1617 537 1756 568; x_wconf 68' lang='lat' dir='ltr'><strong>magnus,</strong></span> <span class='ocrx_word' id='word_1_314' title='bbox 1777 528 1868 568; x_wconf 82' lang='lat' dir='ltr'><strong>[Bar-</strong></span> 
     </span>
     <span class='ocr_line' id='line_1_58' title="bbox 1090 569 1868 617; baseline 0.015 -19"><span class='ocrx_word' id='word_1_315' title='bbox 1090 569 1166 599; x_wconf 82' lang='lat' dir='ltr'><strong>thol.</strong></span> <span class='ocrx_word' id='word_1_316' title='bbox 1182 581 1201 600; x_wconf 89' lang='lat' dir='ltr'><strong>a</strong></span> <span class='ocrx_word' id='word_1_317' title='bbox 1218 571 1386 613; x_wconf 83' lang='lat' dir='ltr'><strong>Glanvilla]</strong></span> <span class='ocrx_word' id='word_1_318' title='bbox 1408 573 1485 603; x_wconf 87' lang='lat' dir='ltr'><strong>liber</strong></span> <span class='ocrx_word' id='word_1_319' title='bbox 1501 575 1539 605; x_wconf 88' lang='lat' dir='ltr'><strong>dc</strong></span> <span class='ocrx_word' id='word_1_320' title='bbox 1555 577 1801 617; x_wconf 84' lang='lat' dir='ltr'><strong>proprietatibus</strong></span> <span class='ocrx_word' id='word_1_321' title='bbox 1822 590 1868 609; x_wconf 88' lang='lat' dir='ltr'><strong>re-</strong></span> 
     </span>
     <span class='ocr_line' id='line_1_59' title="bbox 1088 622 1868 664; baseline 0.015 -14"><span class='ocrx_word' id='word_1_322' title='bbox 1088 631 1166 658; x_wconf 68' lang='lat' dir='ltr'><strong>rum,</strong></span> <span class='ocrx_word' id='word_1_323' title='bbox 1184 622 1330 654; x_wconf 86' lang='lat' dir='ltr'><strong>Historia</strong></span> <span class='ocrx_word' id='word_1_324' title='bbox 1347 624 1545 664; x_wconf 77' lang='lat' dir='ltr'><strong>Israelitana,</strong></span> <span class='ocrx_word' id='word_1_325' title='bbox 1563 628 1596 657; x_wconf 88' lang='lat' dir='ltr'><strong>S.</strong></span> <span class='ocrx_word' id='word_1_326' title='bbox 1613 629 1799 661; x_wconf 84' lang='lat' dir='ltr'><strong>Ambrosius</strong></span> <span class='ocrx_word' id='word_1_327' title='bbox 1815 631 1868 661; x_wconf 88' lang='lat' dir='ltr'><strong>ali-</strong></span> 
     </span>
     <span class='ocr_line' id='line_1_60' title="bbox 1088 671 1606 712; baseline 0.015 -12"><span class='ocrx_word' id='word_1_328' title='bbox 1088 671 1159 712; x_wconf 88' lang='lat' dir='ltr'><strong>ique</strong></span> <span class='ocrx_word' id='word_1_329' title='bbox 1177 672 1300 709; x_wconf 74' lang='lat' dir='ltr'><strong>Patres,</strong></span> <span class='ocrx_word' id='word_1_330' title='bbox 1319 685 1387 704; x_wconf 89' lang='lat' dir='ltr'><strong>cum</strong></span> <span class='ocrx_word' id='word_1_331' title='bbox 1405 676 1511 706; x_wconf 86' lang='lat' dir='ltr'><strong>multis</strong></span> <span class='ocrx_word' id='word_1_332' title='bbox 1527 677 1606 708; x_wconf 88' lang='lat' dir='ltr'><strong>aliis.</strong></span> 
     </span>
    </p>

    <p class='ocr_par' dir='ltr' id='par_1_29' title="bbox 1109 724 1823 772">
     <span class='ocr_line' id='line_1_61' title="bbox 1109 724 1823 772; baseline 0.015 -18"><span class='ocrx_word' id='word_1_333' title='bbox 1109 724 1260 765; x_wconf 82' lang='lat' dir='ltr'><strong>Sequitur</strong></span> <span class='ocrx_word' id='word_1_334' title='bbox 1272 725 1366 756; x_wconf 86' lang='lat' dir='ltr'><strong>index</strong></span> <span class='ocrx_word' id='word_1_335' title='bbox 1382 728 1584 759; x_wconf 87' lang='lat' dir='ltr'><strong>materiarum</strong></span> <span class='ocrx_word' id='word_1_336' title='bbox 1600 731 1823 772; x_wconf 81' lang='lat' dir='ltr'><strong>alphabeticus.</strong></span> 
     </span>
    </p>

    <p class='ocr_par' dir='ltr' id='par_1_30' title="bbox 1003 779 1867 880">
     <span class='ocr_line' id='line_1_62' title="bbox 1003 779 1867 822; baseline 0.014 -13"><span class='ocrx_word' id='word_1_337' title='bbox 1003 780 1032 809; x_wconf 72' lang='lat'><strong>4.</strong></span> <span class='ocrx_word' id='word_1_338' title='bbox 1050 779 1098 810; x_wconf 89' lang='lat' dir='ltr'><strong>De</strong></span> <span class='ocrx_word' id='word_1_339' title='bbox 1109 780 1174 811; x_wconf 83' lang='lat' dir='ltr'><strong>vita</strong></span> <span class='ocrx_word' id='word_1_340' title='bbox 1189 782 1363 822; x_wconf 86' lang='lat' dir='ltr'><strong>apostolica</strong></span> <span class='ocrx_word' id='word_1_341' title='bbox 1378 782 1508 821; x_wconf 81' lang='lat' dir='ltr'><strong>libellus,</strong></span> <span class='ocrx_word' id='word_1_342' title='bbox 1523 785 1585 816; x_wconf 77' lang='lat' dir='ltr'><strong>sive</strong></span> <span class='ocrx_word' id='word_1_343' title='bbox 1601 787 1737 819; x_wconf 84' lang='lat' dir='ltr'><strong>defensio</strong></span> <span class='ocrx_word' id='word_1_344' title='bbox 1751 790 1867 820; x_wconf 78' lang='lat' dir='ltr'><strong>ordinis</strong></span> 
     </span>
     <span class='ocr_line' id='line_1_63' title="bbox 1066 831 1866 880; baseline 0.013 -20"><span class='ocrx_word' id='word_1_345' title='bbox 1066 831 1309 871; x_wconf 82' lang='lat' dir='ltr'><strong>praedicatorum</strong></span> <span class='ocrx_word' id='word_1_346' title='bbox 1326 838 1436 864; x_wconf 88' lang='lat' dir='ltr'><strong>contra</strong></span> <span class='ocrx_word' id='word_1_347' title='bbox 1451 834 1695 877; x_wconf 77' lang='lat' dir='ltr'><strong>impugnatores.</strong></span> <span class='ocrx_word' id='word_1_348' title='bbox 1719 840 1770 870; x_wconf 88' lang='lat' dir='ltr'><strong>fol.</strong></span> <span class='ocrx_word' id='word_1_349' title='bbox 1788 850 1821 880; x_wconf 87' lang='lat'><strong>17</strong></span> <span class='ocrx_word' id='word_1_350' title='bbox 1837 842 1866 871; x_wconf 93' lang='lat' dir='ltr'><strong>b.</strong></span> 
     </span>
    </p>

    <p class='ocr_par' dir='ltr' id='par_1_31' title="bbox 1087 882 1867 1030">
     <span class='ocr_line' id='line_1_64' title="bbox 1109 882 1867 933; baseline 0.015 -21"><span class='ocrx_word' id='word_1_351' title='bbox 1109 882 1208 924; x_wconf 88' lang='lat' dir='ltr'><strong>Incip.</strong></span> <span class='ocrx_word' id='word_1_352' title='bbox 1229 892 1245 900; x_wconf 62' lang='lat'><strong>⁵·</strong></span> <span class='ocrx_word' id='word_1_353' title='bbox 1259 884 1343 917; x_wconf 83' lang='lat' dir='ltr'><strong>Quia</strong></span> <span class='ocrx_word' id='word_1_354' title='bbox 1364 885 1490 926; x_wconf 82' lang='lat' dir='ltr'><strong>quidam</strong></span> <span class='ocrx_word' id='word_1_355' title='bbox 1512 888 1603 918; x_wconf 91' lang='lat' dir='ltr'><strong>emuli</strong></span> <span class='ocrx_word' id='word_1_356' title='bbox 1627 891 1725 921; x_wconf 83' lang='lat' dir='ltr'><strong>nostri</strong></span> <span class='ocrx_word' id='word_1_357' title='bbox 1748 891 1867 933; x_wconf 79' lang='lat' dir='ltr'><strong>impug-</strong></span> 
     </span>
     <span class='ocr_line' id='line_1_65' title="bbox 1087 935 1866 982; baseline 0.015 -19"><span class='ocrx_word' id='word_1_358' title='bbox 1087 939 1164 965; x_wconf 85' lang='lat' dir='ltr'><strong>nant</strong></span> <span class='ocrx_word' id='word_1_359' title='bbox 1181 935 1210 965; x_wconf 91' lang='lat' dir='ltr'><strong>in</strong></span> <span class='ocrx_word' id='word_1_360' title='bbox 1231 946 1287 966; x_wconf 89' lang='lat' dir='ltr'><strong>nos</strong></span> <span class='ocrx_word' id='word_1_361' title='bbox 1308 936 1458 972; x_wconf 81' lang='lat' dir='ltr'><strong>dieentes,</strong></span> <span class='ocrx_word' id='word_1_362' title='bbox 1477 939 1558 979; x_wconf 85' lang='lat' dir='ltr'><strong>quod</strong></span> <span class='ocrx_word' id='word_1_363' title='bbox 1582 941 1658 971; x_wconf 88' lang='lat' dir='ltr'><strong>ordo</strong></span> <span class='ocrx_word' id='word_1_364' title='bbox 1681 943 1866 982; x_wconf 61' lang='lat' dir='ltr'><strong>praedicato-</strong></span> 
     </span>
     <span class='ocr_line' id='line_1_66' title="bbox 1088 988 1756 1030; baseline 0.013 -16"><span class='ocrx_word' id='word_1_365' title='bbox 1088 995 1156 1015; x_wconf 90' lang='lat' dir='ltr'><strong>rum</strong></span> <span class='ocrx_word' id='word_1_366' title='bbox 1173 996 1233 1016; x_wconf 90' lang='lat' dir='ltr'><strong>non</strong></span> <span class='ocrx_word' id='word_1_367' title='bbox 1251 992 1352 1017; x_wconf 77' lang='lat' dir='ltr'><strong>servet</strong></span> <span class='ocrx_word' id='word_1_368' title='bbox 1368 988 1499 1019; x_wconf 85' lang='lat' dir='ltr'><strong>formam</strong></span> <span class='ocrx_word' id='word_1_369' title='bbox 1517 992 1756 1030; x_wconf 56' lang='lat' dir='ltr'><strong>apostolorumf*</strong></span> 
     </span>
    </p>

    <p class='ocr_par' dir='ltr' id='par_1_32' title="bbox 1111 1036 1740 1082">
     <span class='ocr_line' id='line_1_67' title="bbox 1111 1036 1740 1082; baseline 0.011 -15"><span class='ocrx_word' id='word_1_370' title='bbox 1111 1036 1147 1067; x_wconf 92' lang='lat' dir='ltr'><strong>In</strong></span> <span class='ocrx_word' id='word_1_371' title='bbox 1164 1037 1259 1074; x_wconf 80' lang='lat' dir='ltr'><strong>calce,</strong></span> <span class='ocrx_word' id='word_1_372' title='bbox 1277 1043 1294 1055; x_wconf 67' lang='lat'><strong>‘²</strong></span> <span class='ocrx_word' id='word_1_373' title='bbox 1308 1038 1448 1079; x_wconf 82' lang='lat' dir='ltr'><strong>Explicit</strong></span> <span class='ocrx_word' id='word_1_374' title='bbox 1464 1040 1529 1071; x_wconf 86' lang='lat' dir='ltr'><strong>vita</strong></span> <span class='ocrx_word' id='word_1_375' title='bbox 1541 1043 1740 1082; x_wconf 54' lang='lat' dir='ltr'><strong>apostolicas*</strong></span> 
     </span>
    </p>

    <p class='ocr_par' dir='ltr' id='par_1_33' title="bbox 1002 1091 1867 1187">
     <span class='ocr_line' id='line_1_68' title="bbox 1002 1091 1867 1131; baseline 0.013 -11"><span class='ocrx_word' id='word_1_376' title='bbox 1002 1102 1030 1120; x_wconf 72' lang='lat' dir='ltr'><strong>o.</strong></span> <span class='ocrx_word' id='word_1_377' title='bbox 1049 1091 1175 1123; x_wconf 76' lang='lat' dir='ltr'><strong>Thomae</strong></span> <span class='ocrx_word' id='word_1_378' title='bbox 1200 1093 1346 1127; x_wconf 72' lang='lat' dir='ltr'><strong>Palmeri,</strong></span> <span class='ocrx_word' id='word_1_379' title='bbox 1367 1094 1430 1126; x_wconf 79' lang='lat' dir='ltr'><strong>sive</strong></span> <span class='ocrx_word' id='word_1_380' title='bbox 1448 1095 1609 1131; x_wconf 80' lang='lat' dir='ltr'><strong>Palmarii.</strong></span> <span class='ocrx_word' id='word_1_381' title='bbox 1626 1099 1691 1129; x_wconf 90' lang='lat' dir='ltr'><strong>ord.</strong></span> <span class='ocrx_word' id='word_1_382' title='bbox 1711 1099 1812 1131; x_wconf 75' lang='lat' dir='ltr'><strong>Praed.</strong></span> <span class='ocrx_word' id='word_1_383' title='bbox 1830 1102 1867 1131; x_wconf 87' lang='lat' dir='ltr'><strong>de</strong></span> 
     </span>
     <span class='ocr_line' id='line_1_69' title="bbox 1065 1144 1753 1187; baseline 0.01 -13"><span class='ocrx_word' id='word_1_384' title='bbox 1065 1144 1249 1175; x_wconf 81' lang='lat' dir='ltr'><strong>adoratione</strong></span> <span class='ocrx_word' id='word_1_385' title='bbox 1265 1145 1436 1187; x_wconf 81' lang='lat' dir='ltr'><strong>imaginum</strong></span> <span class='ocrx_word' id='word_1_386' title='bbox 1453 1147 1582 1178; x_wconf 90' lang='lat' dir='ltr'><strong>libellus.</strong></span> <span class='ocrx_word' id='word_1_387' title='bbox 1606 1149 1657 1179; x_wconf 87' lang='lat' dir='ltr'><strong>fol.</strong></span> <span class='ocrx_word' id='word_1_388' title='bbox 1676 1151 1710 1180; x_wconf 85' lang='lat'><strong>18</strong></span> <span class='ocrx_word' id='word_1_389' title='bbox 1725 1151 1753 1181; x_wconf 88' lang='grc'><strong>1).</strong></span> 
     </span>
    </p>

    <p class='ocr_par' dir='ltr' id='par_1_34' title="bbox 1086 1195 1867 1291">
     <span class='ocr_line' id='line_1_70' title="bbox 1109 1195 1867 1238; baseline 0.011 -12"><span class='ocrx_word' id='word_1_390' title='bbox 1109 1195 1207 1237; x_wconf 89' lang='lat' dir='ltr'><strong>Incip.</strong></span> <span class='ocrx_word' id='word_1_391' title='bbox 1220 1202 1238 1213; x_wconf 70' lang='lat'><strong>‘⁶</strong></span> <span class='ocrx_word' id='word_1_392' title='bbox 1249 1196 1407 1238; x_wconf 80' lang='lat' dir='ltr'><strong>Numquid</strong></span> <span class='ocrx_word' id='word_1_393' title='bbox 1422 1198 1548 1230; x_wconf 89' lang='lat' dir='ltr'><strong>Domini</strong></span> <span class='ocrx_word' id='word_1_394' title='bbox 1567 1202 1664 1231; x_wconf 84' lang='lat' dir='ltr'><strong>nostri</strong></span> <span class='ocrx_word' id='word_1_395' title='bbox 1682 1202 1819 1233; x_wconf 82' lang='lat' dir='ltr'><strong>crucifixi</strong></span> <span class='ocrx_word' id='word_1_396' title='bbox 1835 1210 1867 1234; x_wconf 69' lang='lat' dir='ltr'><strong>et</strong></span> 
     </span>
     <span class='ocr_line' id='line_1_71' title="bbox 1086 1247 1780 1291; baseline 0.01 -14"><span class='ocrx_word' id='word_1_397' title='bbox 1086 1247 1177 1279; x_wconf 88' lang='lat' dir='ltr'><strong>beate</strong></span> <span class='ocrx_word' id='word_1_398' title='bbox 1194 1248 1298 1280; x_wconf 81' lang='lat' dir='ltr'><strong>Marie</strong></span> <span class='ocrx_word' id='word_1_399' title='bbox 1314 1261 1350 1280; x_wconf 86' lang='lat' dir='ltr'><strong>ac</strong></span> <span class='ocrx_word' id='word_1_400' title='bbox 1366 1250 1555 1291; x_wconf 76' lang='lat' dir='ltr'><strong>reliquorum</strong></span> <span class='ocrx_word' id='word_1_401' title='bbox 1572 1255 1780 1284; x_wconf 72' lang='lat' dir='ltr'><strong>sanctoruni.”</strong></span> 
     </span>
    </p>

    <p class='ocr_par' dir='ltr' id='par_1_35' title="bbox 1085 1299 1867 1450">
     <span class='ocr_line' id='line_1_72' title="bbox 1110 1299 1866 1342; baseline 0.012 -13"><span class='ocrx_word' id='word_1_402' title='bbox 1110 1299 1148 1329; x_wconf 91' lang='lat' dir='ltr'><strong>In</strong></span> <span class='ocrx_word' id='word_1_403' title='bbox 1165 1299 1259 1337; x_wconf 86' lang='lat' dir='ltr'><strong>ealce,</strong></span> <span class='ocrx_word' id='word_1_404' title='bbox 1271 1307 1290 1318; x_wconf 73' lang='lat'><strong>‘⁴</strong></span> <span class='ocrx_word' id='word_1_405' title='bbox 1304 1301 1441 1342; x_wconf 85' lang='lat' dir='ltr'><strong>Explicit</strong></span> <span class='ocrx_word' id='word_1_406' title='bbox 1455 1307 1612 1334; x_wconf 83' lang='lat' dir='ltr'><strong>tractatus</strong></span> <span class='ocrx_word' id='word_1_407' title='bbox 1628 1305 1666 1335; x_wconf 84' lang='lat' dir='ltr'><strong>de</strong></span> <span class='ocrx_word' id='word_1_408' title='bbox 1681 1305 1866 1337; x_wconf 84' lang='lat' dir='ltr'><strong>adoracione</strong></span> 
     </span>
     <span class='ocr_line' id='line_1_73' title="bbox 1085 1351 1867 1393; baseline 0.01 -13"><span class='ocrx_word' id='word_1_409' title='bbox 1085 1351 1266 1392; x_wconf 68' lang='lat' dir='ltr'><strong>ymaginum</strong></span> <span class='ocrx_word' id='word_1_410' title='bbox 1290 1354 1459 1384; x_wconf 84' lang='lat' dir='ltr'><strong>secundum</strong></span> <span class='ocrx_word' id='word_1_411' title='bbox 1476 1354 1629 1386; x_wconf 88' lang='lat' dir='ltr'><strong>Thomam</strong></span> <span class='ocrx_word' id='word_1_412' title='bbox 1654 1356 1786 1393; x_wconf 72' lang='lat' dir='ltr'><strong>Pahner,</strong></span> <span class='ocrx_word' id='word_1_413' title='bbox 1809 1359 1867 1388; x_wconf 83' lang='lat' dir='ltr'><strong>fra—</strong></span> 
     </span>
     <span class='ocr_line' id='line_1_74' title="bbox 1086 1404 1866 1450; baseline 0.009 -17"><span class='ocrx_word' id='word_1_414' title='bbox 1086 1408 1166 1433; x_wconf 84' lang='lat' dir='ltr'><strong>trem</strong></span> <span class='ocrx_word' id='word_1_415' title='bbox 1178 1404 1414 1445; x_wconf 65' lang='lat' dir='ltr'><strong>praedicatorem</strong></span> <span class='ocrx_word' id='word_1_416' title='bbox 1427 1410 1457 1436; x_wconf 76' lang='lat' dir='ltr'><strong>et</strong></span> <span class='ocrx_word' id='word_1_417' title='bbox 1469 1407 1674 1447; x_wconf 79' lang='lat' dir='ltr'><strong>professorem</strong></span> <span class='ocrx_word' id='word_1_418' title='bbox 1686 1409 1866 1450; x_wconf 58' lang='lat' dir='ltr'><strong>theologie*</strong></span> 
     </span>
    </p>

    <p class='ocr_par' dir='ltr' id='par_1_36' title="bbox 1001 1455 1738 1504">
     <span class='ocr_line' id='line_1_75' title="bbox 1001 1455 1738 1504; baseline 0.009 -18"><span class='ocrx_word' id='word_1_419' title='bbox 1001 1455 1028 1486; x_wconf 70' lang='lat'><strong>6.</strong></span> <span class='ocrx_word' id='word_1_420' title='bbox 1050 1457 1197 1499; x_wconf 86' lang='lat' dir='ltr'><strong>Ejusdem</strong></span> <span class='ocrx_word' id='word_1_421' title='bbox 1215 1459 1253 1490; x_wconf 90' lang='lat' dir='ltr'><strong>de</strong></span> <span class='ocrx_word' id='word_1_422' title='bbox 1269 1460 1413 1501; x_wconf 81' lang='lat' dir='ltr'><strong>originali</strong></span> <span class='ocrx_word' id='word_1_423' title='bbox 1430 1465 1567 1501; x_wconf 85' lang='lat' dir='ltr'><strong>peceato.</strong></span> <span class='ocrx_word' id='word_1_424' title='bbox 1594 1462 1644 1493; x_wconf 86' lang='lat' dir='ltr'><strong>fol.</strong></span> <span class='ocrx_word' id='word_1_425' title='bbox 1662 1473 1698 1504; x_wconf 75' lang='lat'><strong>23</strong></span> <span class='ocrx_word' id='word_1_426' title='bbox 1712 1463 1738 1493; x_wconf 91' lang='lat' dir='ltr'><strong>b.</strong></span> 
     </span>
    </p>

    <p class='ocr_par' dir='ltr' id='par_1_37' title="bbox 1087 1509 1868 1594">
     <span class='ocr_line' id='line_1_76' title="bbox 1109 1509 1868 1555; baseline 0.009 -15"><span class='ocrx_word' id='word_1_427' title='bbox 1109 1509 1170 1541; x_wconf 80' lang='lat' dir='ltr'><strong>Tit.</strong></span> <span class='ocrx_word' id='word_1_428' title='bbox 1189 1519 1207 1527; x_wconf 61' lang='lat'><strong>‘⁵</strong></span> <span class='ocrx_word' id='word_1_429' title='bbox 1220 1510 1390 1542; x_wconf 86' lang='lat' dir='ltr'><strong>Tractatus</strong></span> <span class='ocrx_word' id='word_1_430' title='bbox 1406 1512 1444 1542; x_wconf 91' lang='lat' dir='ltr'><strong>de</strong></span> <span class='ocrx_word' id='word_1_431' title='bbox 1461 1512 1602 1553; x_wconf 80' lang='lat' dir='ltr'><strong>originali</strong></span> <span class='ocrx_word' id='word_1_432' title='bbox 1620 1520 1747 1555; x_wconf 85' lang='lat' dir='ltr'><strong>peccato</strong></span> <span class='ocrx_word' id='word_1_433' title='bbox 1763 1527 1868 1546; x_wconf 85' lang='lat' dir='ltr'><strong>seeun-</strong></span> 
     </span>
     <span class='ocr_line' id='line_1_77' title="bbox 1087 1562 1519 1594; baseline 0.007 -3"><span class='ocrx_word' id='word_1_434' title='bbox 1087 1562 1160 1592; x_wconf 90' lang='lat' dir='ltr'><strong>dum</strong></span> <span class='ocrx_word' id='word_1_435' title='bbox 1178 1563 1304 1594; x_wconf 86' lang='lat' dir='ltr'><strong>Pahner</strong></span> <span class='ocrx_word' id='word_1_436' title='bbox 1321 1571 1355 1594; x_wconf 90' lang='lat' dir='ltr'><strong>ut</strong></span> <span class='ocrx_word' id='word_1_437' title='bbox 1372 1563 1519 1594; x_wconf 83' lang='lat' dir='ltr'><strong>(licitur.&#39;&#39;</strong></span> 
     </span>
    </p>

    <p class='ocr_par' dir='ltr' id='par_1_38' title="bbox 1108 1613 1867 1659">
     <span class='ocr_line' id='line_1_78' title="bbox 1108 1613 1867 1659; baseline 0.008 -16"><span class='ocrx_word' id='word_1_438' title='bbox 1108 1613 1206 1655; x_wconf 86' lang='lat' dir='ltr'><strong>Incip.</strong></span> <span class='ocrx_word' id='word_1_439' title='bbox 1216 1614 1310 1656; x_wconf 75' lang='lat' dir='ltr'><strong>“Ego</strong></span> <span class='ocrx_word' id='word_1_440' title='bbox 1322 1626 1391 1645; x_wconf 90' lang='lat' dir='ltr'><strong>cum</strong></span> <span class='ocrx_word' id='word_1_441' title='bbox 1408 1615 1466 1646; x_wconf 85' lang='lat' dir='ltr'><strong>sim</strong></span> <span class='ocrx_word' id='word_1_442' title='bbox 1482 1616 1582 1657; x_wconf 89' lang='lat' dir='ltr'><strong>pulvis</strong></span> <span class='ocrx_word' id='word_1_443' title='bbox 1594 1621 1626 1648; x_wconf 90' lang='lat' dir='ltr'><strong>et</strong></span> <span class='ocrx_word' id='word_1_444' title='bbox 1637 1617 1714 1648; x_wconf 91' lang='lat' dir='ltr'><strong>cinis</strong></span> <span class='ocrx_word' id='word_1_445' title='bbox 1730 1618 1867 1659; x_wconf 70' lang='lat' dir='ltr'><strong>loquar.&#39;&#39;</strong></span> 
     </span>
    </p>

    <p class='ocr_par' dir='ltr' id='par_1_39' title="bbox 1083 1664 1866 1758">
     <span class='ocr_line' id='line_1_79' title="bbox 1108 1664 1866 1710; baseline 0.008 -15"><span class='ocrx_word' id='word_1_446' title='bbox 1108 1664 1146 1695; x_wconf 92' lang='lat' dir='ltr'><strong>In</strong></span> <span class='ocrx_word' id='word_1_447' title='bbox 1163 1665 1257 1703; x_wconf 85' lang='lat' dir='ltr'><strong>calce,</strong></span> <span class='ocrx_word' id='word_1_448' title='bbox 1275 1670 1292 1682; x_wconf 69' lang='lat'><strong>‘⁴</strong></span> <span class='ocrx_word' id='word_1_449' title='bbox 1306 1666 1446 1708; x_wconf 86' lang='lat' dir='ltr'><strong>Explicit</strong></span> <span class='ocrx_word' id='word_1_450' title='bbox 1463 1667 1587 1698; x_wconf 90' lang='lat' dir='ltr'><strong>Palmer</strong></span> <span class='ocrx_word' id='word_1_451' title='bbox 1603 1668 1641 1699; x_wconf 88' lang='grc'><strong>(10</strong></span> <span class='ocrx_word' id='word_1_452' title='bbox 1660 1674 1790 1710; x_wconf 84' lang='lat' dir='ltr'><strong>peccato</strong></span> <span class='ocrx_word' id='word_1_453' title='bbox 1806 1670 1866 1700; x_wconf 90' lang='lat' dir='ltr'><strong>ori-</strong></span> 
     </span>
     <span class='ocr_line' id='line_1_80' title="bbox 1083 1716 1213 1758; baseline 0.008 -12"><span class='ocrx_word' id='word_1_454' title='bbox 1083 1716 1213 1758; x_wconf 80' lang='lat' dir='ltr'><strong>ginali.&#39;&#39;</strong></span> 
     </span>
    </p>

    <p class='ocr_par' dir='ltr' id='par_1_40' title="bbox 1000 1768 1866 1912">
     <span class='ocr_line' id='line_1_81' title="bbox 1000 1768 1866 1814; baseline 0.005 -15"><span class='ocrx_word' id='word_1_455' title='bbox 1000 1769 1028 1799; x_wconf 78' lang='lat'><strong>7.</strong></span> <span class='ocrx_word' id='word_1_456' title='bbox 1048 1768 1095 1798; x_wconf 80' lang='lat' dir='ltr'><strong>De</strong></span> <span class='ocrx_word' id='word_1_457' title='bbox 1118 1768 1424 1810; x_wconf 81' lang='lat' dir='ltr'><strong>peregrinationibus</strong></span> <span class='ocrx_word' id='word_1_458' title='bbox 1444 1770 1576 1807; x_wconf 83' lang='lat' dir='ltr'><strong>libellus,</strong></span> <span class='ocrx_word' id='word_1_459' title='bbox 1592 1771 1624 1801; x_wconf 91' lang='lat' dir='ltr'><strong>in</strong></span> <span class='ocrx_word' id='word_1_460' title='bbox 1641 1783 1702 1813; x_wconf 89' lang='lat' dir='ltr'><strong>quo</strong></span> <span class='ocrx_word' id='word_1_461' title='bbox 1724 1773 1866 1814; x_wconf 77' lang='lat' dir='ltr'><strong>arguitur</strong></span> 
     </span>
     <span class='ocr_line' id='line_1_82' title="bbox 1062 1819 1866 1864; baseline 0.007 -15"><span class='ocrx_word' id='word_1_462' title='bbox 1062 1820 1101 1849; x_wconf 86' lang='lat' dir='ltr'><strong>de</strong></span> <span class='ocrx_word' id='word_1_463' title='bbox 1117 1819 1222 1850; x_wconf 77' lang='lat' dir='ltr'><strong>favore</strong></span> <span class='ocrx_word' id='word_1_464' title='bbox 1239 1820 1298 1851; x_wconf 90' lang='lat' dir='ltr'><strong>Dei</strong></span> <span class='ocrx_word' id='word_1_465' title='bbox 1319 1822 1443 1863; x_wconf 85' lang='lat' dir='ltr'><strong>speciali</strong></span> <span class='ocrx_word' id='word_1_466' title='bbox 1461 1833 1535 1864; x_wconf 84' lang='lat' dir='ltr'><strong>erga</strong></span> <span class='ocrx_word' id='word_1_467' title='bbox 1550 1823 1713 1854; x_wconf 84' lang='lat' dir='ltr'><strong>ecclesiam</strong></span> <span class='ocrx_word' id='word_1_468' title='bbox 1730 1825 1866 1855; x_wconf 83' lang='lat' dir='ltr'><strong>Cantua-</strong></span> 
     </span>
     <span class='ocr_line' id='line_1_83' title="bbox 1063 1871 1263 1912; baseline 0.005 -12"><span class='ocrx_word' id='word_1_469' title='bbox 1063 1871 1124 1901; x_wconf 72' lang='lat' dir='ltr'><strong>riae.</strong></span> <span class='ocrx_word' id='word_1_470' title='bbox 1150 1871 1199 1901; x_wconf 82' lang='lat' dir='ltr'><strong>fol.</strong></span> <span class='ocrx_word' id='word_1_471' title='bbox 1216 1881 1263 1912; x_wconf 76' lang='lat'><strong>29.</strong></span> 
     </span>
    </p>

    <p class='ocr_par' dir='ltr' id='par_1_41' title="bbox 1084 1923 1865 2070">
     <span class='ocr_line' id='line_1_84' title="bbox 1106 1923 1865 1968; baseline 0.008 -15"><span class='ocrx_word' id='word_1_472' title='bbox 1106 1923 1203 1964; x_wconf 80' lang='lat' dir='ltr'><strong>Incip.</strong></span> <span class='ocrx_word' id='word_1_473' title='bbox 1223 1930 1239 1940; x_wconf 70' lang='lat'><strong>⁵·</strong></span> <span class='ocrx_word' id='word_1_474' title='bbox 1253 1923 1292 1954; x_wconf 90' lang='lat' dir='ltr'><strong>In</strong></span> <span class='ocrx_word' id='word_1_475' title='bbox 1315 1925 1449 1956; x_wconf 88' lang='lat' dir='ltr'><strong>materia</strong></span> <span class='ocrx_word' id='word_1_476' title='bbox 1477 1927 1740 1968; x_wconf 82' lang='lat' dir='ltr'><strong>peregrinacionis</strong></span> <span class='ocrx_word' id='word_1_477' title='bbox 1765 1928 1865 1959; x_wconf 88' lang='lat' dir='ltr'><strong>dicen-</strong></span> 
     </span>
     <span class='ocr_line' id='line_1_85' title="bbox 1084 1975 1191 2004; baseline 0 0"><span class='ocrx_word' id='word_1_478' title='bbox 1084 1975 1191 2004; x_wconf 81' lang='lat' dir='ltr'><strong>dum.”</strong></span> 
     </span>
     <span class='ocr_line' id='line_1_86' title="bbox 1105 2025 1864 2070; baseline 0.005 -15"><span class='ocrx_word' id='word_1_479' title='bbox 1105 2025 1143 2055; x_wconf 86' lang='lat' dir='ltr'><strong>In</strong></span> <span class='ocrx_word' id='word_1_480' title='bbox 1156 2025 1250 2062; x_wconf 76' lang='lat' dir='ltr'><strong>calce,</strong></span> <span class='ocrx_word' id='word_1_481' title='bbox 1262 2031 1279 2042; x_wconf 67' lang='lat'><strong>⁴⁸</strong></span> <span class='ocrx_word' id='word_1_482' title='bbox 1290 2025 1428 2067; x_wconf 77' lang='lat' dir='ltr'><strong>Explicit</strong></span> <span class='ocrx_word' id='word_1_483' title='bbox 1439 2027 1572 2058; x_wconf 84' lang='lat' dir='ltr'><strong>materia</strong></span> <span class='ocrx_word' id='word_1_484' title='bbox 1582 2028 1864 2070; x_wconf 69' lang='lat' dir='ltr'><strong>pei‘igrinacionis.”</strong></span> 
     </span>
    </p>

    <p class='ocr_par' dir='ltr' id='par_1_42' title="bbox 998 2079 1864 2174">
     <span class='ocr_line' id='line_1_87' title="bbox 998 2079 1864 2122; baseline 0.007 -13"><span class='ocrx_word' id='word_1_485' title='bbox 998 2082 1027 2110; x_wconf 70' lang='grc'><strong>8.</strong></span> <span class='ocrx_word' id='word_1_486' title='bbox 1046 2079 1178 2111; x_wconf 88' lang='lat' dir='ltr'><strong>Roberti</strong></span> <span class='ocrx_word' id='word_1_487' title='bbox 1199 2080 1360 2122; x_wconf 80' lang='lat' dir='ltr'><strong>Alyngton</strong></span> <span class='ocrx_word' id='word_1_488' title='bbox 1380 2082 1601 2114; x_wconf 88' lang='lat' dir='ltr'><strong>determinatio</strong></span> <span class='ocrx_word' id='word_1_489' title='bbox 1623 2084 1660 2114; x_wconf 89' lang='lat' dir='ltr'><strong>de</strong></span> <span class='ocrx_word' id='word_1_490' title='bbox 1681 2085 1864 2115; x_wconf 84' lang='lat' dir='ltr'><strong>adoratione</strong></span> 
     </span>
     <span class='ocr_line' id='line_1_88' title="bbox 1063 2131 1386 2174; baseline 0.009 -13"><span class='ocrx_word' id='word_1_491' title='bbox 1063 2131 1244 2172; x_wconf 80' lang='lat' dir='ltr'><strong>imaginum.</strong></span> <span class='ocrx_word' id='word_1_492' title='bbox 1269 2132 1320 2163; x_wconf 89' lang='lat' dir='ltr'><strong>fol.</strong></span> <span class='ocrx_word' id='word_1_493' title='bbox 1336 2143 1386 2174; x_wconf 80' lang='lat'><strong>32.</strong></span> 
     </span>
    </p>

    <p class='ocr_par' dir='ltr' id='par_1_43' title="bbox 1106 2183 1862 2227">
     <span class='ocr_line' id='line_1_89' title="bbox 1106 2183 1862 2227; baseline 0.005 -14"><span class='ocrx_word' id='word_1_494' title='bbox 1106 2183 1205 2224; x_wconf 89' lang='lat' dir='ltr'><strong>Incip.</strong></span> <span class='ocrx_word' id='word_1_495' title='bbox 1224 2188 1243 2201; x_wconf 72' lang='lat'><strong>‘⁶</strong></span> <span class='ocrx_word' id='word_1_496' title='bbox 1258 2184 1321 2214; x_wconf 89' lang='lat' dir='ltr'><strong>Pro</strong></span> <span class='ocrx_word' id='word_1_497' title='bbox 1345 2185 1478 2216; x_wconf 81' lang='lat' dir='ltr'><strong>materia</strong></span> <span class='ocrx_word' id='word_1_498' title='bbox 1505 2186 1543 2216; x_wconf 87' lang='grc'><strong>(10</strong></span> <span class='ocrx_word' id='word_1_499' title='bbox 1567 2186 1752 2216; x_wconf 87' lang='lat' dir='ltr'><strong>adoracione</strong></span> <span class='ocrx_word' id='word_1_500' title='bbox 1778 2197 1862 2227; x_wconf 71' lang='lat' dir='ltr'><strong>yma-</strong></span> 
     </span>
    </p>

    <p class='ocr_par' dir='ltr' id='par_1_44' title="bbox 1081 2235 1217 2275">
     <span class='ocr_line' id='line_1_90' title="bbox 1081 2235 1217 2275; baseline 0.007 -11"><span class='ocrx_word' id='word_1_501' title='bbox 1081 2235 1217 2275; x_wconf 44' lang='grc' dir='ltr'><strong>01110111.Ἣ</strong></span> 
     </span>
    </p>

    <p class='ocr_par' dir='ltr' id='par_1_45' title="bbox 1105 2285 1861 2328">
     <span class='ocr_line' id='line_1_91' title="bbox 1105 2285 1861 2328; baseline 0.005 -13"><span class='ocrx_word' id='word_1_502' title='bbox 1105 2285 1142 2315; x_wconf 91' lang='lat' dir='ltr'><strong>In</strong></span> <span class='ocrx_word' id='word_1_503' title='bbox 1155 2285 1247 2322; x_wconf 73' lang='lat' dir='ltr'><strong>calce,</strong></span> <span class='ocrx_word' id='word_1_504' title='bbox 1261 2295 1277 2303; x_wconf 63' lang='lat'><strong>⁵*</strong></span> <span class='ocrx_word' id='word_1_505' title='bbox 1290 2286 1428 2328; x_wconf 84' lang='lat' dir='ltr'><strong>Explicit</strong></span> <span class='ocrx_word' id='word_1_506' title='bbox 1441 2288 1662 2319; x_wconf 83' lang='lat' dir='ltr'><strong>determinacio</strong></span> <span class='ocrx_word' id='word_1_507' title='bbox 1675 2289 1720 2319; x_wconf 83' lang='lat' dir='ltr'><strong>M.</strong></span> <span class='ocrx_word' id='word_1_508' title='bbox 1732 2289 1861 2320; x_wconf 83' lang='lat' dir='ltr'><strong>Roberti</strong></span> 
     </span>
    </p>

    <p class='ocr_par' dir='ltr' id='par_1_46' title="bbox 1083 2336 1723 2381">
     <span class='ocr_line' id='line_1_92' title="bbox 1083 2336 1723 2381; baseline 0.006 -15"><span class='ocrx_word' id='word_1_509' title='bbox 1083 2336 1245 2377; x_wconf 68' lang='lat' dir='ltr'><strong>Alyngton</strong></span> <span class='ocrx_word' id='word_1_510' title='bbox 1261 2338 1299 2369; x_wconf 89' lang='lat' dir='ltr'><strong>de</strong></span> <span class='ocrx_word' id='word_1_511' title='bbox 1315 2339 1502 2370; x_wconf 88' lang='lat' dir='ltr'><strong>adoracione</strong></span> <span class='ocrx_word' id='word_1_512' title='bbox 1517 2340 1723 2381; x_wconf 54' lang='lat' dir='ltr'><strong>ymaginumf</strong></span> 
     </span>
    </p>

    <p class='ocr_par' dir='ltr' id='par_1_47' title="bbox 996 2391 1860 2484">
     <span class='ocr_line' id='line_1_93' title="bbox 996 2391 1860 2434; baseline 0.002 -11"><span class='ocrx_word' id='word_1_513' title='bbox 996 2393 1023 2423; x_wconf 81' lang='grc'><strong>9.</strong></span> <span class='ocrx_word' id='word_1_514' title='bbox 1040 2391 1242 2423; x_wconf 83' lang='lat' dir='ltr'><strong>Tractatulus</strong></span> <span class='ocrx_word' id='word_1_515' title='bbox 1253 2393 1291 2424; x_wconf 88' lang='grc'><strong>(10</strong></span> <span class='ocrx_word' id='word_1_516' title='bbox 1301 2394 1428 2434; x_wconf 84' lang='lat' dir='ltr'><strong>judiciis</strong></span> <span class='ocrx_word' id='word_1_517' title='bbox 1437 2400 1592 2425; x_wconf 87' lang='lat' dir='ltr'><strong>astrorum</strong></span> <span class='ocrx_word' id='word_1_518' title='bbox 1604 2395 1771 2425; x_wconf 83' lang='lat' dir='ltr'><strong>seeundum</strong></span> <span class='ocrx_word' id='word_1_519' title='bbox 1779 2395 1860 2425; x_wconf 88' lang='lat' dir='ltr'><strong>Tho-</strong></span> 
     </span>
     <span class='ocr_line' id='line_1_94' title="bbox 1060 2443 1487 2484; baseline 0.007 -12"><span class='ocrx_word' id='word_1_520' title='bbox 1060 2453 1142 2473; x_wconf 88' lang='lat' dir='ltr'><strong>mam</strong></span> <span class='ocrx_word' id='word_1_521' title='bbox 1158 2443 1197 2473; x_wconf 88' lang='grc'><strong>(10</strong></span> <span class='ocrx_word' id='word_1_522' title='bbox 1212 2444 1347 2484; x_wconf 84' lang='lat' dir='ltr'><strong>Aquino.</strong></span> <span class='ocrx_word' id='word_1_523' title='bbox 1372 2445 1424 2475; x_wconf 87' lang='lat' dir='ltr'><strong>fol.</strong></span> <span class='ocrx_word' id='word_1_524' title='bbox 1437 2455 1487 2484; x_wconf 81' lang='lat'><strong>40.</strong></span> 
     </span>
    </p>

    <p class='ocr_par' dir='ltr' id='par_1_48' title="bbox 1080 2493 1859 2576">
     <span class='ocr_line' id='line_1_95' title="bbox 1102 2493 1859 2537; baseline 0.003 -14"><span class='ocrx_word' id='word_1_525' title='bbox 1102 2493 1201 2535; x_wconf 89' lang='lat' dir='ltr'><strong>Incip.</strong></span> <span class='ocrx_word' id='word_1_526' title='bbox 1220 2499 1240 2512; x_wconf 77' lang='lat'><strong>‘⁶</strong></span> <span class='ocrx_word' id='word_1_527' title='bbox 1255 2495 1335 2535; x_wconf 78' lang='lat' dir='ltr'><strong>Quia</strong></span> <span class='ocrx_word' id='word_1_528' title='bbox 1362 2496 1469 2537; x_wconf 85' lang='lat' dir='ltr'><strong>petisti</strong></span> <span class='ocrx_word' id='word_1_529' title='bbox 1493 2502 1525 2527; x_wconf 88' lang='lat' dir='ltr'><strong>ut</strong></span> <span class='ocrx_word' id='word_1_530' title='bbox 1550 2496 1607 2526; x_wconf 89' lang='lat' dir='ltr'><strong>tibi</strong></span> <span class='ocrx_word' id='word_1_531' title='bbox 1631 2496 1795 2526; x_wconf 88' lang='lat' dir='ltr'><strong>scriberem</strong></span> <span class='ocrx_word' id='word_1_532' title='bbox 1818 2507 1859 2526; x_wconf 89' lang='lat' dir='ltr'><strong>an</strong></span> 
     </span>
     <span class='ocr_line' id='line_1_96' title="bbox 1080 2544 1220 2576; baseline 0.014 -2"><span class='ocrx_word' id='word_1_533' title='bbox 1080 2544 1220 2576; x_wconf 85' lang='lat' dir='ltr'><strong>liceret.”</strong></span> 
     </span>
    </p>

    <p class='ocr_par' dir='ltr' id='par_1_49' title="bbox 974 2599 1820 2639">
     <span class='ocr_line' id='line_1_97' title="bbox 974 2599 1820 2639; baseline 0.001 -10"><span class='ocrx_word' id='word_1_534' title='bbox 974 2599 1022 2629; x_wconf 90' lang='lat'><strong>10.</strong></span> <span class='ocrx_word' id='word_1_535' title='bbox 1043 2599 1091 2630; x_wconf 89' lang='lat' dir='ltr'><strong>De</strong></span> <span class='ocrx_word' id='word_1_536' title='bbox 1108 2600 1324 2632; x_wconf 85' lang='lat' dir='ltr'><strong>observatione</strong></span> <span class='ocrx_word' id='word_1_537' title='bbox 1341 2601 1464 2632; x_wconf 87' lang='lat' dir='ltr'><strong>sabbati</strong></span> <span class='ocrx_word' id='word_1_538' title='bbox 1481 2601 1677 2632; x_wconf 82' lang='lat' dir='ltr'><strong>tractatulus.</strong></span> <span class='ocrx_word' id='word_1_539' title='bbox 1702 2601 1754 2631; x_wconf 86' lang='lat' dir='ltr'><strong>fol.</strong></span> <span class='ocrx_word' id='word_1_540' title='bbox 1767 2611 1820 2639; x_wconf 89' lang='lat'><strong>40.</strong></span> 
     </span>
    </p>

    <p class='ocr_par' dir='ltr' id='par_1_50' title="bbox 1080 2652 1858 2797">
     <span class='ocr_line' id='line_1_98' title="bbox 1102 2652 1858 2694; baseline 0.003 -12"><span class='ocrx_word' id='word_1_541' title='bbox 1102 2652 1200 2693; x_wconf 89' lang='lat' dir='ltr'><strong>Incip.</strong></span> <span class='ocrx_word' id='word_1_542' title='bbox 1218 2657 1237 2670; x_wconf 92' lang='lat'><strong>“</strong></span> <span class='ocrx_word' id='word_1_543' title='bbox 1252 2653 1331 2692; x_wconf 81' lang='lat' dir='ltr'><strong>Quia</strong></span> <span class='ocrx_word' id='word_1_544' title='bbox 1351 2654 1388 2683; x_wconf 87' lang='grc'><strong>(10</strong></span> <span class='ocrx_word' id='word_1_545' title='bbox 1410 2653 1506 2684; x_wconf 87' lang='lat' dir='ltr'><strong>tercio</strong></span> <span class='ocrx_word' id='word_1_546' title='bbox 1529 2657 1674 2694; x_wconf 87' lang='lat' dir='ltr'><strong>precepto</strong></span> <span class='ocrx_word' id='word_1_547' title='bbox 1698 2653 1795 2694; x_wconf 89' lang='lat' dir='ltr'><strong>prime</strong></span> <span class='ocrx_word' id='word_1_548' title='bbox 1812 2658 1858 2684; x_wconf 86' lang='lat' dir='ltr'><strong>ta-</strong></span> 
     </span>
     <span class='ocr_line' id='line_1_99' title="bbox 1080 2703 1181 2734; baseline 0.01 -1"><span class='ocrx_word' id='word_1_549' title='bbox 1080 2703 1181 2734; x_wconf 73' lang='lat' dir='ltr'><strong>bule.”&#39;</strong></span> 
     </span>
     <span class='ocr_line' id='line_1_100' title="bbox 1101 2754 1858 2797; baseline 0.004 -13"><span class='ocrx_word' id='word_1_550' title='bbox 1101 2754 1248 2785; x_wconf 84' lang='lat' dir='ltr'><strong>Citantur</strong></span> <span class='ocrx_word' id='word_1_551' title='bbox 1265 2755 1318 2785; x_wconf 88' lang='lat' dir='ltr'><strong>SS.</strong></span> <span class='ocrx_word' id='word_1_552' title='bbox 1335 2755 1541 2795; x_wconf 79' lang='lat' dir='ltr'><strong>Augustinus,</strong></span> <span class='ocrx_word' id='word_1_553' title='bbox 1555 2754 1691 2786; x_wconf 85' lang='lat' dir='ltr'><strong>Thomas</strong></span> <span class='ocrx_word' id='word_1_554' title='bbox 1705 2755 1858 2797; x_wconf 79' lang='lat' dir='ltr'><strong>Aquinas,</strong></span> 
     </span>
    </p>
   </div>
   <div class='ocr_carea' id='block_1_21' title="bbox 1079 2806 1412 2883">
    <p class='ocr_par' dir='ltr' id='par_1_51' title="bbox 1079 2806 1412 2883">
     <span class='ocr_line' id='line_1_101' title="bbox 1079 2806 1412 2847; baseline 0.003 -12"><span class='ocrx_word' id='word_1_555' title='bbox 1079 2806 1171 2836; x_wconf 89' lang='lat' dir='ltr'><strong>Alex.</strong></span> <span class='ocrx_word' id='word_1_556' title='bbox 1188 2806 1273 2843; x_wconf 71' lang='lat' dir='ltr'><strong>Ales,</strong></span> <span class='ocrx_word' id='word_1_557' title='bbox 1291 2806 1412 2847; x_wconf 86' lang='lat' dir='ltr'><strong>aliique.</strong></span> 
     </span>
     <span class='ocr_line' id='line_1_102' title="bbox 1142 2861 1165 2883; baseline 0 0"><span class='ocrx_word' id='word_1_558' title='bbox 1142 2861 1165 2883; x_wconf 88' lang='lat' dir='ltr'>G</span> 
     </span>
    </p>
   </div>
  </div>
 </body>
</html>
