2254 3117
668 163 906 198 COLLEGII
936 164 1308 204 MERTONENsIs.
1853 179 1898 209 85

117 256 147 286 3.
164 254 314 297 Ejusdem
347 257 384 288 dc
420 258 538 290 malitia
573 260 792 301 complexionis
822 262 960 293 diversae.

181 307 231 338 fol.
246 308 286 349 36
300 308 328 339 b.

223 359 286 390 Tit.
319 364 336 376 “
351 359 466 402 Incipit
496 361 574 392 liber
604 361 728 393 Galieni
755 364 960 396 archistratos

200 410 390 441 medicorum
401 411 438 442 de
449 412 570 442 malicia
579 413 801 454 complexionis
811 414 960 446 diverse.”

222 461 322 502 Incip.
340 466 359 480 “
376 462 502 493 Malicia
519 463 741 505 complexionis
756 465 907 496 diverse.'’

114 527 142 555 4.
161 524 310 566 Ejusdem
327 526 365 556 de
380 526 511 567 simplici
530 527 693 562 medicina,
711 528 846 569 quinque
863 530 959 570 parti-

177 576 261 607 culis.
286 576 338 607 fol.
351 587 402 618 39.

220 627 316 668 Incip.
348 632 367 646 ‘⁴
385 628 540 667 Quoniam
570 629 644 660 mihi
676 640 800 661 necesse
830 635 878 662 est
908 631 958 663 hic

198 678 395 708 ostendere.”

218 728 257 758 Iu
280 729 374 766 calce,
395 733 414 746 “
430 729 553 760 Finitus
578 734 626 761 est
651 734 807 763 tractatus
830 733 957 774 quintus

197 779 266 810 libri
283 780 319 810 G.
337 780 367 810 in
383 780 543 811 medicinis
558 781 795 823 singula1·ibus.”

110 845 140 874 5.
158 843 306 885 Ejusdem
322 844 443 875 libellus
459 845 497 876 de
510 846 618 876 morbo
632 850 664 877 et
676 847 846 878 accidente.
871 848 890 879 f.
904 858 953 889 92.

220 895 318 937 Incip.
337 900 355 912 “
369 896 408 926 In
424 896 513 927 initio
530 897 621 939 hujus
637 897 706 928 libri
722 899 881 930 (liffinire.”

110 959 139 990 6.
158 959 307 1000 Ejusdem
330 959 399 990 libri
423 967 488 991 tres
511 961 549 992 de
569 961 660 999 Crisi,
681 962 867 1004 [interprete
883 964 953 995 Gul.

173 1011 212 1041 de
229 1011 411 1052 Morbeka]
437 1011 488 1042 fol.
505 1022 515 1042 1
527 1021 572 1053 15.

217 1061 314 1103 Incip.
326 1067 347 1080 “
359 1061 428 1103 Ego
439 1073 500 1092 non
514 1062 642 1094 intendo
655 1064 686 1094 in
698 1064 757 1095 hoc
770 1075 838 1096 meo
848 1064 955 1096 libros*

110 1126 139 1157 7.
158 1124 306 1166 Ejusdem
322 1125 400 1156 liber
416 1126 454 1157 ‹le
470 1126 592 1157 creticis
608 1127 725 1158 diebus.
749 1128 802 1159 fol.
820 1139 889 1167 141.

217 1176 316 1218 Incip.
345 1181 364 1194 “
382 1177 427 1208 Ut
457 1178 667 1219 egritudinum
697 1190 757 1220 que
786 1191 848 1210 non
879 1192 954 1221 pau-

192 1228 310 1259 latim.”

107 1293 137 1322 8.
156 1291 305 1332 Ejusdem
332 1292 545 1334 Megatechni,
574 1294 604 1325 in
624 1295 860 1336 quatuordecim
883 1307 953 1338 par-

172 1342 284 1374 ticulas
294 1343 431 1375 diversas
443 1345 510 1386 [per
516 1345 758 1378 Constantinum
770 1348 953 1379 Africanum

170 1395 341 1437 redactus],
358 1407 427 1426 cum
449 1397 588 1438 ejusdem
609 1398 808 1430 Constantini
824 1400 952 1441 prologo

169 1447 210 1478 ad
220 1446 399 1478 ‚Iohannem
410 1448 518 1486 filium,
528 1454 559 1480 et
571 1454 758 1480 commento.
783 1451 833 1481 fol.
851 1461 861 1481 1
869 1453 919 1482 61.

216 1498 314 1540 Incip.
328 1499 501 1538 “Quamvis
515 1501 676 1531 karissime
692 1502 734 1532 fili
749 1501 937 1533 Johannes.”

213 1550 330 1581 Exstat
346 1551 485 1592 impress.
505 1552 588 1583 inter
612 1553 711 1584 Isaaci
729 1553 831 1584 Judaei
846 1565 951 1595 opera,

190 1606 271 1643 part.
282 1601 312 1632 ii.
336 1601 387 1632 fol.
406 1604 463 1642 189
477 1602 507 1633 b.

212 1653 250 1683 In
266 1653 358 1691 calce,
372 1658 389 1670 ‘⁸
400 1653 462 1684 Hic
478 1654 606 1696 explicit
619 1655 695 1696 xiiij.
711 1655 866 1697 particula
882 1656 950 1688 Me-

187 1705 343 1746 gategni.”

211 1764 328 1795 Evulsa
337 1769 410 1796 sunt
422 1765 496 1796 folia
509 1766 674 1808 196—209
685 1778 765 1808 quae,
780 1767 949 1798 secundum

188 1814 322 1846 indicem
329 1816 474 1847 volumini
485 1817 657 1858 praefixum,
665 1819 737 1849 olim
748 1819 948 1850 continebant

189 1866 261 1898 Joh.
278 1868 316 1898 de
333 1867 363 1898 S.
378 1868 477 1899 Paulo
497 1869 549 1899 lib.
572 1870 610 1900 de
637 1870 768 1912 simplici
796 1871 949 1902 medicina

188 1923 220 1950 et
236 1919 435 1951 Constantini
452 1921 490 1952 de
505 1922 665 1962 gradibus.

103 1983 132 2015 9.
149 1982 348 2014 Constantini
376 1984 518 2015 Africani
549 1986 587 2016 de
614 1986 766 2017 stomachi
798 1986 946 2025 sanitate,

166 2045 236 2065 eum
259 2035 388 2076 prologo
408 2037 449 2067 ad
466 2037 651 2079 Alphinum,
666 2038 758 2080 episc.
777 2038 947 2070 Salernita—

167 2097 249 2117 num.
273 2087 324 2118 fol.
339 2097 400 2118 210
412 2088 442 2119 b.

210 2137 307 2179 Incip.
325 2149 373 2179 ep.
392 2143 411 2156 “
427 2139 541 2170 Vestre
557 2139 735 2170 sanctitatis
751 2139 938 2171 altitudini.”

209 2188 308 2230 Incip.
324 2189 375 2220 lib.
394 2195 411 2206 ‘⁵
424 2190 559 2232 Oportet
582 2202 638 2221 nos
666 2191 837 2232 intelligere
862 2193 945 2233 quod

187 2239 288 2280 prima
304 2240 387 2271 actio
399 2241 425 2277 ;”
448 2245 483 2272 ut
500 2242 582 2272 inter
597 2252 701 2283 opera,
719 2241 813 2272 Basil.
827 2253 856 2283 p.
872 2252 942 2284 215.

82 2301 128 2332 10.
149 2301 298 2343 Ejusdem
314 2303 434 2335 libellus
447 2305 485 2336 de
498 2305 710 2343 melancholia,
723 2317 792 2336 cum
805 2307 943 2349 prologo.

164 2353 215 2384 fol.
230 2363 289 2386 222
302 2354 333 2385 b.

208 2404 304 2446 Incip.
321 2405 399 2447 prol.
417 2411 434 2423 ‘⁶
447 2406 525 2437 Cum
542 2418 599 2447 ego
614 2407 872 2439 Constantinus.'’

208 2455 301 2497 lneip.
318 2457 370 2487 lib.
385 2462 403 2474 ‘⁴
416 2457 476 2488 Est
492 2457 588 2498 igitur
603 2458 731 2489 morbi?5

206 2507 252 2538 Cf.
269 2519 373 2549 opera,
395 2509 483 2549 1536.
500 2520 530 2550 p.
545 2509 615 2539 280.

81 2570 129 2602 11.
147 2571 295 2612 Ejusdem
311 2572 431 2603 libellus
447 2573 485 2603 (le
501 2573 595 2603 coitu.
620 2573 669 2603 fol.
686 2582 756 2613 227.

207 2623 306 2664 Incip.
349 2628 367 2640 “
384 2623 515 2654 Creator
548 2624 652 2655 volens
688 2636 785 2666 genus
802 2625 831 2661 ;”
868 2627 941 2659 ibid.

183 2685 213 2715 p.
228 2684 298 2715 299.

79 2738 129 2768 12.
146 2738 291 2779 Capitula
310 2738 342 2768 in
364 2749 478 2779 genere
501 2739 723 2771 medicinarum
746 2740 942 2774 dissolutiva-

162 2799 241 2820 rum.
265 2789 316 2820 fol.
333 2798 404 2831 230.

1166 267 1260 309 Incip.
1281 270 1484 311 “Postquam
1508 270 1642 301 diximus
1658 271 1804 302 virtutem
1827 273 1897 303 sim-

1141 319 1228 359 plicis
1244 320 1419 351 medicine.”

1014 383 1063 414 13.
1085 384 1232 425 Ejusdem
1250 387 1326 416 liber
1342 389 1380 418 (le
1396 392 1559 429 spermate.
1584 389 1635 418 fol.
1650 398 1708 429 232
1724 390 1753 419 b.

1141 436 1202 466 Tit.
1221 442 1237 453 ‘⁶
1252 438 1367 479 Incipit
1390 439 1467 469 liber
1491 440 1690 481 Mierotegni,
1714 440 1764 481 qui
1787 452 1807 471 a
1829 442 1894 482 qui-

1120 486 1249 518 busdam
1267 489 1446 520 intitulatur
1461 490 1499 521 (le
1516 493 1704 531 spermate.”

1146 537 1245 578 Incip.
1285 544 1302 556 “
1323 540 1452 580 Sperma
1489 541 1622 572 hominis
1659 543 1819 574 descendit
1856 555 1892 573 ex

1118 589 1232 618 01nni.'’

1012 655 1062 684 14.
1081 655 1229 696 Ejusdem
1245 657 1323 687 liber
1338 657 1376 688 (le
1393 658 1499 695 oculis,
1515 671 1581 689 cum
1600 660 1735 702 prologo.
1756 661 1809 691 fol.
1824 671 1891 703 239.

1140 707 1239 749 Incip.
1258 708 1335 748 prol.
1352 713 1371 725 “
1386 709 1475 748 Quod
1492 710 1522 740 in
1538 711 1616 741 libro
1633 711 1816 753 Pantegnis*

1011 774 1060 804 15.
1079 773 1304 815 Fragmentum
1321 776 1358 806 de
1375 776 1481 807 urinis.
1505 777 1555 807 fol.
1570 787 1638 819 252.

1140 827 1246 857 Desiu.
1275 832 1293 844 “
1311 828 1398 858 vulve
1425 828 1471 859 vel
1502 831 1638 861 matricis
1668 831 1804 862 dolorem
1834 832 1892 873 sig-

1116 877 1257 908 nificat.''

1010 944 1058 976 16.
1078 945 1302 986 Fragmentum
1328 946 1366 976 de
1393 946 1522 988 simplici
1547 949 1709 986 medicina,
1733 961 1800 980 cum
1824 961 1893 991 pro-

1094 996 1163 1038 logo
1180 1001 1211 1027 et
1228 997 1381 1038 capitulis.
1406 998 1456 1028 fol.
1472 1008 1531 1039 252
1546 999 1574 1030 b.

1136 1047 1233 1089 Incip.
1254 1049 1331 1089 prol.
1353 1053 1370 1066 ‘⁶
1384 1049 1545 1091 Cogitanti
1569 1051 1643 1082 mihi
1667 1064 1738 1093 sepe
1760 1053 1798 1084 de
1821 1054 1891 1084 sim-

1114 1100 1238 1141 plicium
1254 1101 1477 1132 medicinarum
1494 1102 1692 1134 virtutibus.”

1137 1152 1196 1182 Tit.
1217 1164 1284 1194 cap.
1299 1152 1317 1182 i.
1335 1157 1354 1170 “
1368 1153 1418 1184 De
1435 1154 1571 1194 perfecte
1587 1156 1797 1195 t0111poratis.”

1008 1218 1057 1250 17.
1075 1218 1244 1250 Tractatus
1267 1219 1305 1249 (le
1328 1219 1427 1250 urinis
1450 1221 1618 1251 seeundum
1634 1222 1817 1263 magistrum
1834 1222 1891 1253 Co-

1092 1269 1236 1310 plionem.
1259 1270 1310 1300 fol.
1328 1280 1397 1312 253.

1137 1320 1234 1361 Incip.
1261 1321 1458 1352 “Sciendum
1484 1326 1531 1353 est
1558 1323 1589 1353 in
1617 1323 1712 1354 urinis
1739 1324 1800 1354 duo
1827 1335 1891 1354 esse

1113 1372 1366 1403 eonsi<leranda.”

1008 1438 1056 1468 18.
1074 1438 1270 1470 Constantini
1283 1440 1423 1470 Africani
1438 1440 1516 1471 liber
1528 1441 1566 1471 ‹le
1577 1442 1727 1472 stomachi
1740 1443 1891 1474 sanitate:

1093 1490 1245 1531 [imperf]
1272 1491 1321 1521 fol.
1338 1501 1396 1532 ¹253
1412 1492 1439 1522 b.

1134 1542 1195 1573 Tit.
1212 1543 1287 1584 prol.
1307 1544 1454 1585 “Incipit
1478 1544 1609 1586 epistola
1631 1545 1826 1576 Constantini
1850 1546 1889 1576 ad

1113 1594 1285 1636 Alphinum
1314 1596 1491 1637 episcopum
1519 1597 1749 1628 Salernitanum
1775 1599 1813 1628 de
1845 1609 1890 1628 sa—

1112 1646 1211 1677 nitate
1228 1648 1380 1678 stomachi
1397 1648 1629 1679 custodienda.w

1006 1712 1056 1744 19.
1072 1710 1230 1753 Anonymi
1243 1713 1405 1754 cujusdam
1418 1725 1538 1745 summa
1549 1714 1722 1754 theologiae⁷
1735 1725 1803 1745 cum
1820 1725 1888 1755 pro—

1088 1762 1177 1804 logo;
1206 1763 1354 1805 [imperf]
1380 1764 1432 1795 fol.
1448 1775 1516 1806 254.

1133 1813 1229 1855 Incip.
1247 1820 1265 1831 “
1279 1815 1373 1846 Fides
1389 1819 1437 1847 est
1453 1817 1660 1851 substantias
1677 1822 1733 1848 etc.
1771 1822 1788 1833 “
1802 1817 1886 1847 Sicut

1110 1864 1191 1895 enim
1208 1876 1280 1897 vera
1296 1866 1490 1898 dilectione.”

1132 1916 1293 1958 Supplevit
1319 1929 1428 1949 manus
1454 1919 1648 1961 aliquantum
1675 1919 1828 1949 recentior
1857 1919 1887 1948 in

1109 1967 1197 1998 initio
1209 1968 1322 1999 codicis
1335 1975 1366 2000 et
1379 1969 1452 2000 alibi
1466 1970 1495 2000 in
1507 1970 1587 2000 foliis
1599 1970 1703 2001 vacuis
1715 1974 1884 2000 tractatum

1109 2019 1147 2050 (le
1171 2019 1423 2061 impressionibus
1447 2033 1484 2052 cx
1508 2022 1678 2053 elevatione
1694 2021 1740 2052 vel
1761 2021 1883 2062 deprcs-

1109 2070 1194 2101 sione
1210 2070 1432 2102 elementorum
1449 2072 1550 2104 factis.

1130 2121 1190 2152 Tit.
1210 2126 1227 2138 “
1242 2122 1359 2163 Incipit
1375 2127 1531 2154 tractatus
1547 2125 1584 2154 (le
1600 2123 1882 2165 inipressionibns.”

1131 2173 1228 2215 Incip.
1261 2179 1278 2191 “
1296 2175 1348 2205 Ad
1382 2175 1530 2206 noticiam
1564 2176 1797 2217 impressionum
1831 2174 1883 2204 ha-

1107 2225 1269 2256 benslain.”

1129 2275 1166 2306 In
1196 2276 1291 2314 calce,
1321 2277 1361 2308 ad
1392 2277 1442 2308 sol.
1474 2277 1539 2308 scil.
1570 2279 1628 2308 160
1645 2277 1685 2313 b.,
1715 2282 1732 2293 ⁴⁴
1747 2275 1880 2316 Explicit

1107 2338 1227 2358 summa
1242 2328 1289 2358 vel
1305 2333 1461 2359 tractatus
1485 2329 1522 2359 dc
1546 2327 1805 2369 impressionibus,
1823 2336 1881 2366 que

1106 2378 1184 2410 fiunt
1201 2391 1239 2410 ex
1254 2380 1425 2411 elevatione
1449 2385 1480 2411 et
1503 2380 1698 2421 depressione
1717 2378 1880 2408 elemento-

1106 2441 1184 2467 rum,
1199 2431 1367 2462 seeundum
1381 2432 1462 2472 quod
1475 2431 1615 2461 diffusius
1631 2429 1766 2461 traditur
1780 2438 1799 2458 a
1814 2427 1880 2468 phi-

1105 2480 1234 2523 losopho
1261 2482 1292 2513 in
1321 2482 1407 2513 libris
1436 2482 1670 2513 Metheororum
1701 2484 1732 2510 et
1762 2478 1818 2509 celi
1848 2483 1879 2508 et

1105 2533 1243 2563 mundi.’'

1128 2591 1165 2622 [n
1180 2603 1277 2634 marg.
1290 2592 1340 2622 fol.
1358 2602 1382 2623 1.
1399 2591 1543 2627 inferiori⁷
1557 2596 1574 2607 ‘⁴
1586 2590 1678 2620 Liber
1689 2588 1799 2618 domus
1815 2597 1880 2617 sco-

1104 2643 1214 2674 larium
1230 2644 1268 2674 (le
1286 2644 1412 2674 Mei-ton
1429 2643 1459 2673 in
1473 2643 1572 2673 Oxon.
1587 2653 1624 2671 ex
1641 2641 1721 2670 dono
1737 2638 1879 2679 magistri

1104 2693 1232 2724 Thomae
1263 2693 1424 2729 Donecan,
1451 2692 1605 2733 quondam
1636 2688 1709 2720 socii
1740 2688 1878 2729 ejusdem

1103 2744 1259 2775 demusin
1276 2744 1424 2775 electione
1444 2741 1634 2784 philosophie
1655 2740 1768 2770 ibidem
1789 2737 1877 2769 annis

1103 2795 1230 2838 singulis
1245 2807 1264 2827 a
1280 2795 1458 2837 regentibus
1473 2794 1587 2825 artium
1603 2792 1791 2834 eligendus.'’
