2254 3117
390 174 459 208 106

514 271 613 302 socius
633 269 749 310 collegii
772 269 808 298 B.
827 268 929 298 Marie
945 267 1098 308 lVynton.
1115 268 1145 298 in
1161 268 1261 298 Oxou.
1292 283 1293 286 ¹

515 321 585 352 dedi
601 321 699 351 eidem
716 319 842 359 collegio
858 319 949 349 beate
966 318 1087 352 Marie;
1106 329 1196 358 quem
1211 318 1263 358 qui
1292 334 1293 340 =

513 370 677 401 abstulerit
692 369 860 400 anathema
875 367 924 404 sit,
941 367 1154 398 111aranatlia.”

729 456 929 490 CCXCIII.

388 516 505 549 Codex
530 514 821 553 membranaceus,
840 514 874 546 in
901 513 982 546 folio
1006 514 1139 552 minori,
1158 513 1263 553 fl124,

412 584 479 606 sce.
498 573 567 605 xiv.

428 632 448 661 ‚J
452 631 580 661 ohannis
596 630 746 671 Campani
769 630 966 660 Novariensis
983 630 1133 662 Theorica
1154 631 1263 662 Plane-

449 693 526 719 rum,
543 682 583 712 ad
600 681 764 711 Urbanum
781 692 894 721 papam
913 682 969 711 IV.

493 732 689 767 Inscribitur,
717 731 996 762 “Clementissimo
1022 733 1104 773 patri
1135 737 1166 763 ct
1194 734 1262 774 piis·
1294 735 1295 745 ¹

471 784 547 813 simo
577 783 702 812 domiuo
737 783 826 812 unico
861 783 1015 813 mundane
1046 795 1184 823 pressure
1215 796 1261 814 so-

472 834 548 864 lacio
565 834 688 864 domino
707 833 838 863 Urbano
854 838 975 873 quart0,
993 833 1143 865 eleccione
1162 835 1264 865 divina

470 889 574 916 sancte
588 885 726 914 Romane
740 883 864 913 ecclesie
878 895 996 914 summo
1013 884 1158 924 pontifici,
1173 885 1264 915 Cam-

471 947 568 976 panus
582 935 778 966 Novcriensis
794 935 999 965 subdiaconus
1022 946 1126 965 servus
1149 936 1264 966 inutilis

471 987 631 1017 beatorum
663 986 775 1026 pedum
805 985 943 1015 osculum
973 997 1041 1016 cum
1072 998 1132 1026 qua
1162 991 1264 1027 potest

472 1036 680 1067 reverencia?

496 1088 592 1128 Incip.
612 1094 629 1102 “
644 1087 767 1117 Primus
784 1087 984 1127 philosophiae
1001 1088 1175 1128 magistors'

493 1139 598 1168 Desin.
617 1144 633 1153 “

472 1189 661 1219 docui1nus.”

729 1244 922 1280 CCXCIV.

389 1303 606 1339 Chartaceus,
626 1303 659 1335 in
679 1305 738 1336 4to
757 1303 890 1343 minori,
910 1303 944 1336 ff.
959 1302 1015 1343 62,
1034 1315 1102 1338 sec.
1118 1306 1185 1338 xvi.

432 1367 459 1397 1.
478 1365 591 1407 Rogeri
618 1365 734 1397 Baconi
762 1366 925 1407 Speculum
955 1366 1122 1405 alchemiae,
1151 1368 1265 1398 Gallice

496 1417 682 1447 traductum,
707 1428 737 1457 p.
755 1427 780 1447 1.

537 1468 599 1499 Tit.
627 1468 700 1498 “Le
724 1468 798 1499 livre
822 1469 863 1499 du
886 1473 1062 1501 tressavant
1085 1471 1266 1513 philosopho

516 1519 630 1560 Rogier
647 1520 763 1557 Bacon,
781 1520 903 1551 intitule
924 1522 951 1552 le
972 1523 1078 1552 miroir
1094 1523 1266 1565 d'Aquimie

515 1570 633 1600 traduit
647 1570 684 1600 de
700 1570 790 1601 Latin
802 1582 839 1601 en
855 1572 1003 1613 Francois
1016 1584 1070 1614 per
1082 1585 1143 1615 ong
1157 1574 1265 1615 gentil-

516 1620 637 1651 honune
653 1621 694 1651 (lu
711 1622 909 1662 Dauphinef’

538 1671 575 1701 In
598 1672 691 1708 calce,
714 1673 793 1703 “La
816 1673 857 1703 fin
880 1674 920 1704 du
945 1675 1051 1705 miroir
1077 1676 1266 1716 (I'Alquimie

517 1724 659 1762 compose
683 1734 738 1763 par
761 1724 787 1753 le
810 1728 983 1756 tressavant
1006 1726 1186 1768 philosophe
1207 1728 1263 1758 Ro-

515 1772 580 1813 gier
608 1773 711 1803 Bacon
742 1778 773 1805 et
802 1775 858 1805 mis
885 1787 920 1805 en
953 1776 1110 1818 Francoys
1140 1789 1196 1818 par
1226 1790 1265 1809 un

517 1823 736 1862 gentilhomme
764 1825 803 1855 du
832 1826 1020 1867 Daulphine.
1076 1828 1221 1869 Imprime
1248 1841 1267 1859 a

520 1875 599 1904 Pion
616 1886 670 1915 per
687 1876 780 1906 Mace
797 1876 987 1908 Bonhommc
1007 1879 1113 1920 1557.”

540 1924 693 1965 Sequitur,
713 1932 729 1940 ‘¹
744 1927 941 1967 Epigrammo
957 1940 996 1959 au
1014 1930 1177 1960 Lecteur.”

436 1980 464 2009 Q.
483 1979 683 2020 “Fragment
704 1981 788 2021 privo
812 1982 849 2012 (lo
872 1982 901 2013 la
921 1983 963 2012 fin
983 1984 1024 2014 du
1044 1984 1118 2015 livre
1140 1986 1177 2016 dc
1192 1986 1266 2016 l'ad-

498 2030 626 2060 mil-able
647 2031 786 2071 puissant
808 2033 845 2062 de
866 2033 937 2064 l'art
960 2038 991 2064 et
1015 2036 1052 2065 dc
1077 2041 1187 2067 nature
1211 2049 1267 2078 par

500 2081 613 2121 Rogier
630 2082 785 2112 Bachonf'
807 2083 858 2113 fol.
872 2094 898 2124 9.

541 2132 730 2172 Sequuntur,

456 2194 482 2212 a.
502 2189 518 2197 ‘⁸
531 2183 573 2213 Lo
583 2185 764 2215 traducteur
774 2196 813 2215 au
824 2186 989 2223 Lectourj'
999 2189 1122 2219 metrice.
1137 2189 1186 2219 sol.
1195 2200 1227 2229 15
1236 2190 1264 2219 b.

457 2238 485 2267 b.
504 2237 614 2268 “Jean
639 2239 757 2270 Brunct
784 2241 822 2271 de
846 2241 1006 2272 Tournous
1028 2254 1047 2273 a
1072 2244 1115 2274 M.
1133 2244 1267 2285 Jacques

520 2288 631 2318 Girard
648 2289 688 2318 du
705 2289 750 2319 (lit
766 2290 836 2327 lieu,
854 2302 907 2321 son
929 2292 1073 2332 singulier
1088 2297 1120 2324 et
1136 2294 1267 2334 parsaict

519 2349 589 2378 amy
601 2340 632 2373 ;”
656 2341 778 2371 ηιμΐνιίἐπ
803 2341 851 2371 fol.
869 2351 902 2382 15
916 2342 946 2372 b.

457 2403 481 2421 c.
500 2398 517 2407 “
534 2393 579 2422 Do
602 2394 648 2424 dit
671 2395 751 2425 Joan
778 2395 896 2427 Brunct
922 2409 961 2427 au
987 2398 1119 2428 Lecteur
1144 2398 1266 2429 humble

520 2443 601 2474 salut.
616 2448 648 2474 et
663 2445 805 2482 (11111ῒὶοξὟ
828 2447 890 2478 dat.
909 2458 998 2488 1552.
1022 2449 1070 2478 sol.
1090 2460 1122 2489 15
1140 2450 1167 2479 b.

437 2497 464 2525 25.
483 2496 613 2534 Quidam
634 2499 710 2529 liber
732 2501 915 2541 apfwllatuQ
937 2503 1115 2534 Thesaurus
1131 2504 1266 2534 Thesau-

501 2558 614 2585 rorum,
639 2549 802 2581 Rosarium
828 2551 1089 2593 philosophorum,
1114 2559 1171 2584 etc.
1197 2566 1266 2584 auc-

501 2603 568 2628 tore
585 2600 724 2630 Arualdo
740 2601 777 2631 do
796 2601 989 2633 Villa-Nova.
1014 2604 1063 2634 fol.
1081 2614 1126 2643 17.

544 2648 638 2689 Incip.
653 2660 778 2689 prooem.
798 2658 815 2666 ‘'
832 2653 895 2683 [ste
908 2664 1039 2694 namquo
1052 2654 1128 2684 libor
1140 2659 1267 2684 vocatur
1295 2672 1297 2694 χ

522 2698 703 2735 Rosariumj
736 2701 765 2730 in
790 2703 860 2732 Art.
888 2703 986 2732 Auris.
1011 2703 1115 2734 Chem.
1140 2708 1213 2734 tom.
1237 2705 1265 2734 ii.
1295 2708 1297 2716 ⁴

522 2760 549 2790 p.
566 2752 635 2790 385.

649 1138 907 1178 quomadmodum
931 1139 969 1169 (le
994 1140 1151 1169 Mercurio
1172 1151 1265 1180 supra
1295 1175 1296 1182 ἵ

1295 2750 1297 2777 l

941 170 1239 204 CATALOGUS
1265 169 1496 204 CODICUM
1525 168 1632 202 MSS.

1462 264 1499 294 In
1514 263 1607 300 calce,
1624 269 1642 278 “
1655 263 1790 304 Explicit
1813 263 1976 294 Rosarium
1998 275 2017 295 a
2039 266 2184 306 magistro

1441 315 1580 344 Arnaldo
1597 314 1634 344 de
1650 314 1734 344 Villa
1751 314 1838 345 Nova
1854 316 2084 356 compositum.⁴'

1357 373 1386 400 4.
1405 370 1568 411 [Ejusdem
1585 369 1731 411 Arnaldi]
1751 369 1874 400 Novum
1891 370 2020 401 Lumen.
2044 371 2094 401 fol.
2106 383 2154 410 40.

1465 421 1560 461 Iucip.
1579 426 1596 435 “
1612 420 1708 450 Pater
1730 427 1762 450 et
1782 420 1913 451 Domine
1934 423 2099 453 reverende
2117 423 2184 454 licet

1441 472 1639 506 liberalium,''
1655 471 1727 502 ibid.
1744 479 1818 502 tom.
1831 473 1859 502 ii.
1877 484 1904 513 p.
1921 476 1992 514 456.

1464 522 1500 551 In
1521 522 1613 557 calce,
1632 528 1649 537 '‘
1663 522 1798 563 Explicit
1813 523 1942 554 Juvenis
1963 526 2081 566 experti
2103 526 2183 562 liber,

1442 573 1493 613 qui
1509 573 1622 603 dicitur
1638 573 1760 603 Novum
1779 573 1923 605 Lumen.”

1358 629 1386 657 5.
1406 627 1547 667 Epistola
1571 628 1708 668 ejusdcm
1732 639 1823 669 super
1848 629 1998 660 alchemia
2021 631 2060 660 ad
2086 642 2185 672 regem

1423 678 1670 719 Neapolitanum.
1690 679 1741 709 fol.
1756 691 1796 717 44
1806 680 1834 710 b.

1464 729 1562 769 Incip.
1588 735 1604 743 “
1619 729 1715 765 Scias,
1739 741 1756 759 o
1779 735 1813 760 tu
1838 741 1902 767 rex,
1929 732 2010 772 quod
2035 732 2186 773 sapientes

1446 778 1641 818 ροευοιᾟηῒ,Ἢ
1657 779 1729 809 ibid⁴
1746 783 1819 809 tom.
1837 780 1866 810 ii.
1883 791 1911 821 p.
1923 782 1996 819 488.

1359 835 1386 866 6.
1407 837 1455 866 De
1471 836 1572 877 lapide
1588 837 1798 878 philosophico
1814 850 1851 868 ex
1870 838 2019 870 Fernelio.
2043 840 2093 870 fol.
2104 842 2153 881 46.

1360 892 1386 922 7.
1405 891 1531 921 Arnaldi
1548 892 1586 922 de
1604 891 1794 923 Villa-Nova
1816 893 1892 924 liber
1915 895 1966 934 qui
1989 895 2101 926 dicitur
2118 896 2187 927 Flos

1424 941 1561 979 Florum,
1576 942 1616 972 ad
1631 953 1734 983 regem
1751 945 1940 985 Aragouum.
1967 946 2018 976 fol.
2032 948 2082 984 48.

1465 993 1526 1023 Tit.
1555 993 1702 1034 “Incipit
1728 996 1897 1035 perfectum
1923 997 2132 1038 magisterium
2157 1004 2187 1029 et

1441 1044 1589 1084 gaudium
1624 1045 1763 1086 magistri
1795 1047 1926 1078 Arnaldi
1960 1049 1997 1078 de
2028 1049 2188 1080 Villanova

1443 1096 1657 1126 transmissum
1682 1107 1736 1137 per
1760 1108 1829 1127 cum
1855 1099 1894 1128 ad
1921 1099 2059 1130 inclitum
2089 1111 2188 1141 regem

1444 1146 1651 1187 Arragonum,
1666 1148 1747 1187 quod
1764 1148 1886 1188 quidem
1903 1155 1950 1180 est
1968 1149 2040 1180 Flos
2054 1150 2187 1185 Florum,

1444 1196 1608 1226 thesaurus
1635 1198 1770 1228 onmium
1797 1199 2043 1240 incomparabilis
2072 1211 2188 1242 marga—

1444 1247 1514 1283 rita,
1541 1247 1571 1277 iu
1597 1259 1656 1289 quo
1687 1249 1840 1289 reperitur
1862 1250 1924 1280 veri
1954 1251 2134 1292 compositio
2159 1256 2188 1282 et

1443 1298 1591 1338 perfectio
1616 1299 1718 1329 Elixir
1744 1304 1808 1330 tam
1835 1301 1875 1331 ad
1904 1300 2010 1331 album
2036 1313 2127 1342 quam
2151 1303 2188 1333 ad

1443 1349 1572 1380 rubeum
1595 1352 1849 1391 componendum,
1872 1352 2012 1383 videlicet
2034 1353 2075 1384 ad
2097 1354 2188 1384 solem

1445 1405 1476 1432 et
1491 1401 1595 1432 lunam
1611 1402 1668 1432 sub
1684 1403 1864 1444 compendio
1880 1404 2101 1435 declaratum?

1467 1452 1582 1484 Exstat
1594 1453 1624 1483 in
1635 1454 1707 1484 Art.
1720 1455 1820 1485 Auris.
1832 1455 1937 1485 Chem.
1949 1459 2024 1486 tom.
2036 1456 2065 1486 ii.
2079 1468 2106 1497 p.
2116 1466 2187 1497 470.

1466 1503 1502 1532 In
1519 1504 1609 1541 calco,
1625 1510 1642 1518 ‘¹
1654 1503 1791 1545 Explicit
1806 1508 1961 1535 tractatus
1978 1505 2051 1536 Flos
2065 1505 2189 1536 Florum

1445 1558 1640 1595 nuncupatus
1656 1554 1795 1595 magistri
1812 1555 1943 1586 Arnaldi
1956 1556 1993 1586 de
2004 1556 2190 1587 Villanova.”

1360 1606 1389 1637 8.
1406 1607 1544 1648 Recepta
1570 1607 1727 1638 electuarii
1755 1609 1902 1640 mirabilis
1928 1610 2135 1651 preservativa
2160 1614 2189 1641 et

1424 1659 1585 1699 epidemia.
1609 1659 1715 1700 f01·54
1728 1660 1757 1689 b.

1361 1715 1389 1746 9.
1408 1713 1500 1744 Liber
1527 1715 1564 1744 do
1594 1715 1720 1745 secretis
1750 1719 1880 1752 naturae,
1907 1726 1996 1755 quem
2022 1716 2189 1756 composuit

1425 1765 1584 1795 Arnaldus
1611 1766 1648 1795 de
1676 1766 1754 1796 Villa
1781 1766 1877 1802 Nova,
1904 1777 1960 1807 pro
1989 1767 2122 1807 quodam
2148 1767 2189 1797 sa-

1424 1816 1506 1846 mulo
1522 1827 1588 1853 suo,
1600 1827 1689 1856 quem
1706 1816 1836 1847 multum
1850 1817 2006 1858 diligebat.
2025 1818 2074 1848 sol.
2086 1818 2134 1858 56.

1469 1867 1565 1908 Incip.
1593 1874 1610 1882 ‘¹
1625 1869 1688 1897 Ars
1715 1868 1809 1908 igitur
1835 1868 1896 1898 ista
1921 1879 1981 1898 non
2005 1874 2051 1899 est
2076 1870 2132 1899 nisi
2154 1870 2189 1899 <le

1445 1918 1572 1948 occultis
1588 1918 1870 1959 pffilosophorums'

1342 1974 1389 2002 10.
1408 1972 1456 2002 Ex
1477 1973 1555 2002 libro
1578 1973 1713 2013 ejusdem
1731 1974 1863 2004 Arnaldi
1887 1975 1924 2004 de
1947 1975 2071 2005 dosibus
2087 1975 2189 2016 Tyria-

1424 2023 1548 2053 calibus.
1572 2023 1622 2053 fol.
1636 2025 1684 2053 62.

1672 2114 1845 2147 CCXCV.

1320 2163 1438 2196 Deest.

1362 2223 1399 2253 In
1416 2223 1566 2253 Bernardi
1589 2224 1729 2264 catalogo
1753 2224 1945 2261 describitur,
1965 2226 2042 2256 “An
2064 2227 2188 2268 English

1382 2275 1463 2305 book
1478 2275 1512 2305 of
1525 2274 1739 2315 Ast1·0nomy.”

1426 2326 1476 2356 Pr.
1496 2332 1513 2341 “
1528 2325 1613 2356 Here
1629 2326 1822 2366 beginneth.”

1658 2415 1856 2449 CCXCVI.

1320 2473 1438 2506 Codex
1465 2473 1675 2512 chartaceus,
1703 2485 1745 2506 ex
1775 2473 1892 2507 charta
1920 2474 2132 2519 bombycina,
2156 2476 2187 2507 in

1345 2533 1414 2565 4to,
1433 2530 1465 2563 ff.
1483 2533 1561 2569 140,
1580 2542 1645 2563 sec.
1660 2532 1727 2564 xiv.

1364 2598 1455 2628 Liber
1481 2599 1532 2639 qui
1559 2599 1746 2634 intitulatur,
1773 2599 1947 2646 5144-ae
1977 2601 2045 2647 (5⁶:⁶²
2070 2601 2187 2632 Sharho

1383 2653 1530 2693 mcnhag:
1570 2653 1826 2689 Commentarius,
1857 2655 1957 2685 dictus
1988 2653 2100 2698 ..xffi5ill
2129 2657 2186 2701 5Ιὲ

1382 2705 1495 2748 Δῗὶρᾋῐ
1506 2729 1546 2754 J)
1555 2719 1601 2749 23,
1618 2709 1648 2738 in
1664 2709 1797 2739 Beidawi
1815 2720 1891 2749 opus
1907 2708 2002 2757 Gigia>
2022 2710 2082 2740 Via
2096 2711 2185 2750 regia,

1384 2758 1431 2788 Do
1441 2758 1521 2798 juris
1537 2759 1673 2789 canonici
1691 2760 1907 2790 fundamentis.
1931 2760 2068 2791 Arabico.

2240 2546 2253 2561 §l

2251 2575 2253 2584 1

2251 2726 2253 2790 l

2251 2817 2253 2879 l
