2254 3117
767 164 1003 198 COLLEGII
1032 166 1170 200 NOVI.

386 264 618 298 CLXXXII.

63 323 181 356 Codex
208 321 418 362 chartaceus,
444 322 479 355 in
507 321 600 361 folio,
625 321 757 358 (1.283,
777 332 842 353 sec.
863 332 937 357 xxa:

87 380 194 413 ‘liber
220 378 297 413 coll.
323 379 425 413 beate
450 379 563 413 Mai-ie
583 379 741 412 IViuton.
766 379 799 411 iu
823 377 936 411 Oxou.

86 450 127 471 ex
164 438 253 471 dono
287 437 441 481 magistri
468 437 548 470 Joh.
569 436 756 481 lVykham,
789 436 937 468 doctoris
968 458 970 479 3

85 496 262 539 utriusque
273 495 382 539 juris.’

103 566 130 595 1.
149 564 235 595 Petri
252 565 290 595 de
307 564 492 594 Ancharauo
508 563 538 593 in
555 563 763 593 Clementiuas
779 562 935 593 Constitu-
969 555 970 558 ¹

165 615 264 646 tiones
280 614 503 645 commentarii.
527 613 577 644 sol.
596 624 619 643 1.

208 670 344 700 Exstant
361 670 499 710 impress.
517 669 547 699 in
564 669 616 699 fol.
636 669 735 709 Lugd.
755 679 840 709 1549-

207 721 305 762 Incip.
322 732 391 751 cum
410 721 502 751 titulo
519 721 547 750 ii.
566 721 614 751 De
631 720 809 760 Rescriptis.

102 788 130 817 Q.
147 786 242 817 Tituli
264 785 344 827 juris
369 784 518 820 canonici,
547 784 609 814 sive
635 783 783 825 Epistola}
812 783 934 824 pontifi-

164 838 244 868 cales
261 848 388 868 numero
404 836 566 877 sexaginta
583 836 715 877 quinque
731 847 769 866 ex
785 835 937 865 Johauuis

155 888 252 931 vpapae
275 888 398 919 XXII.
418 887 706 927 Extravagautibus
728 887 856 927 aliisque
877 886 936 916 col-

164 940 245 971 lecti.
268 939 319 969 sol.
335 948 404 979 253.

207 991 330 1021 Primus
345 995 402 1024 est,
420 990 646 1030 Extravagant.
664 989 712 1020 tit.
730 989 769 1018 iii.
790 989 836 1018 De
857 999 934 1029 prae-

184 1042 293 1073 bendis
309 1046 339 1072 et
356 1041 569 1083 dignitatibus.

208 1095 246 1125 In
270 1094 364 1130 calce,
390 1099 407 1108 “
423 1093 490 1133 Ego
514 1092 632 1133 Hugho
657 1091 787 1122 Martini
812 1091 937 1132 propria

186 1156 278 1176 manu
302 1143 409 1184 scripsi
434 1154 502 1173 Lxx:
523 1143 773 1183 Exti-avagantes
794 1148 825 1172 et
849 1141 934 1171 intel-

185 1197 255 1232 lexi,
269 1201 300 1227 et
316 1195 475 1226 consensio
491 1195 529 1224 (le
545 1194 686 1224 omnibus
699 1204 791 1234 supra
804 1193 934 1233 scriptis,

185 1249 227 1279 sic
243 1247 311 1278 volo
328 1247 409 1288 quod
425 1247 491 1282 fiat,
503 1252 561 1276 etc.

145 1308 151 1317 ⁵
163 1300 212 1331 Sic
228 1299 295 1329 volo
311 1298 354 1329 sic
364 1298 468 1339 jubeo,
483 1297 525 1328 sic
542 1308 597 1338 pro
610 1295 730 1326 ratione
742 1295 884 1326 voluntas
895 1295 914 1329 ;'

185 1351 259 1382 (licit
285 1361 385 1391 papa3
422 1349 535 1385 Amen,
558 1348 625 1378 Deo
646 1347 785 1388 gracias3
823 1347 933 1381 Amen,

185 1403 298 1439 Amen,
314 1402 443 1432 Amen.''

62 1556 360 1594 Membranaceus‚
386 1554 421 1586 in
448 1552 531 1586 folio
556 1552 686 1597 majori,
714 1551 748 1585 ff.
768 1554 848 1587 202,
868 1563 933 1585 sec.

85 1614 174 1653 xiv.;
200 1613 289 1646 binis
307 1611 476 1645 columnis
494 1616 664 1644 exaratus.

102 1689 129 1717 1.
147 1684 393 1717 Constitutiones
416 1683 627 1718 Clementinae,
648 1686 801 1723 apparatu
816 1681 837 1712 J
841 1682 934 1712 ohan·

163 1739 210 1769 nis
226 1737 358 1768 Andreae
380 1740 412 1766 et
428 1734 571 1766 Gulielmi
596 1735 634 1764 de
654 1734 766 1764 Monte
784 1733 934 1763 Lauduno

164 1790 336 1825 instructae.
360 1787 410 1817 fol.
425 1796 452 1817 2.

205 1841 268 1871 Tit.
290 1838 435 1880 “Incipit
457 1838 559 1879 glossa
576 1837 737 1867 Guillermi
761 1836 798 1866 de
825 1837 934 1866 Monte

186 1890 386 1922 Hauduino.”

206 1943 244 1974 In
260 1942 354 1978 calce,
370 1947 388 1956 “
404 1940 541 1982 Explicit
559 1944 731 1981 apparatus
751 1939 866 1969 domiui
882 1939 933 1968 Jo.

186 1995 307 2025 Andree
336 1997 368 2024 et
399 1992 558 2023 Guillermi
588 1991 626 2021 de
657 1991 768 2021 Monte
792 1990 934 2020 Auduiuo

184 2057 276 2087 super
290 2043 564 2075 constitutionibus
581 2042 814 2072 Cleumntinisf’

205 2101 362 2133 Praemisit
377 2111 486 2130 manus
498 2099 661 2131 recentior,
676 2104 694 2113 “
708 2098 852 2127 Formam
866 2108 933 2138 pro-

184 2152 311 2184 cedendi
327 2152 494 2183 secundum
510 2161 605 2180 nonas
622 2148 891 2180 constitutiones.’'

101 2220 130 2248 9.
147 2216 299 2248 Johannis
310 2226 398 2257 papae
413 2214 536 2244 XXII.
554 2212 836 2252 Extravagantium
852 2212 900 2242 tit.
913 2212 931 2242 1.
966 2241 967 2248 ¹

164 2280 228 2309 cap.
248 2277 263 2298 Ζ
288 2267 352 2298 scil.
371 2265 511 2306 Suscepti
533 2270 564 2295 et
587 2264 637 2295 tit.
655 2264 694 2293 iii.
719 2262 781 2293 scil.
800 2262 933 2293 Execra-
965 2253 967 2270 ³

164 2319 243 2355 bilis,
256 2328 325 2349 cum
343 2317 430 2359 [Gul.
448 2317 485 2347 de
502 2315 613 2346 Monte
633 2315 781 2345 Laudnuo
793 2313 815 2355 ἓ]
832 2313 934 2355 glossa
965 2321 967 2350 ζ

164 2375 322 2411 perpetua.
347 2368 398 2399 fol.
418 2369 483 2408 185-

205 2422 249 2453 Cf.
281 2420 433 2462 Repetitt.
463 2418 533 2449 Jur.
565 2418 679 2448 Canon.
713 2416 817 2447 Colon.
844 2418 931 2451 1618,
965 2403 966 2434 i

184 2478 257 2503 tom.
271 2472 311 2502 vi.
327 2476 407 2512 part.
421 2471 449 2501 ii.
467 2482 495 2512 p.
509 2479 560 2511 51.

206 2527 243 2558 In
259 2527 350 2563 calce,
363 2533 381 2542 ¹¹
396 2526 575 2566 Expliciuut
589 2524 839 2563 Extravagautes
855 2533 933 2563 pape

183 2578 336 2609 Johannis
352 2579 450 2608 xx11.”

206 2633 383 2674 Sequuntur
413 2631 580 2662 Clementis
602 2629 641 2658 V.
666 2640 753 2669 papae
776 2629 932 2659 Constitu-

183 2685 284 2715 tiones
298 2684 431 2714 fratrum
448 2683 523 2713 Ord.
542 2682 575 2712 M
581 2681 710 2711 1110111111Δ

205 2739 244 2769 In
266 2738 357 2775 calce,
381 2737 590 2778 “Expliciunt
614 2735 850 2766 constitutiones
873 2734 932 2764 fra·
965 2722 967 2755 i

184 2794 267 2820 trum
284 2788 470 2819 Minorum.”

1817 169 1857 203 71

1139 264 1275 305 subjecit
1298 275 1406 294 manus
1429 264 1580 294 recentior
1603 264 1655 293 W.
1677 275 1722 304 ep.
1748 264 1861 293 Nor-ui-

969 324 970 362 1
1117 315 1215 344 censis
1231 315 1352 345 litteras
1368 316 1405 345 ‹lo
1420 315 1588 346 Clementis
1604 326 1691 356 papa*
1704 315 1763 345 VI.
1781 315 1862 345 bulla

968 378 970 432 1
1118 365 1157 395 ad
1180 371 1362 396 conventum
1385 367 1423 395 de
1444 366 1479 396 P.
1500 366 1564 395 ord.
1581 366 1708 396 (Iisterc.
1727 365 1860 395 Lincoln.

968 433 970 455 1
1118 415 1193 445 dioc.
1222 416 1378 456 scriptam,
1406 417 1443 446 de
1473 416 1599 446 ecclesia
1629 415 1794 456 parochiali
1825 416 1862 445 de

968 489 970 510 ἵ
1120 466 1172 495 W.
1189 467 1265 496 dioc.
1285 467 1413 497 Norwic.

1304 573 1548 606 CLXXXIV.

968 645 969 648 ¹
992 634 1110 666 Codex
1130 633 1419 674 membranaceus,
1438 636 1469 667 111
1491 634 1571 667 folio
1590 635 1717 677 majori,
1733 633 1766 667 ff.
1781 636 1860 669 314.

1016 703 1081 724 sec.
1109 692 1188 730 xiv.,
1225 691 1311 724 binis
1350 692 1516 725 columnis
1555 698 1735 729 exaratus;
1780 691 1861 724 olim

968 749 970 779 i
1019 749 1115 782 Will.
1151 750 1193 782 de
1229 749 1394 794 Digliton,
1432 762 1549 783 canon.
1585 750 1666 783 eccl.
1703 750 1737 783 S.
1767 750 1861 783 Paul.

1019 806 1171 839 Londou.

1034 874 1177 915 Gregorii
1201 885 1289 915 papae
1310 874 1371 904 IX.
1398 874 1605 905 Decretalium
1629 875 1695 905 libri
1720 876 1860 916 quinque.

1054 926 1163 967 glossis
1180 926 1336 967 perpetuis
1351 926 1503 956 instructi.

1100 983 1234 1012 Exstant
1250 981 1387 1021 impress.
1405 981 1434 1010 in
1452 981 1541 1021 Corp.
1552 979 1620 1011 Jur.
1633 981 1747 1011 Canon.
1765 981 1861 1010 Paris.

1084 1034 1168 1067 1612,
1186 1038 1260 1063 tom.
1277 1032 1306 1062 ii.
1323 1032 1378 1062 001.
1396 1042 1419 1061 1.

1100 1083 1205 1114 Litera
1231 1083 1468 1123 uniuscujusrple
1494 1082 1560 1112 libri
1584 1082 1708 1112 initialis
1731 1094 1747 1111 a
1773 1083 1862 1111 nebu-

1077 1135 1144 1165 lone
1161 1135 1294 1175 quodam
1311 1134 1413 1164 evulsa
1431 1140 1486 1164 est.

1099 1187 1136 1216 In
1164 1186 1257 1220 calce,
1287 1192 1303 1200 ‘¹
1321 1185 1557 1215 Memorandum
1584 1185 1664 1225 quod
1691 1183 1862 1213 willelmus

1075 1238 1113 1267 de
1136 1237 1284 1277 Digliton,
1302 1236 1466 1267 canonicus·
1485 1236 1555 1266 cccl.
1575 1236 1604 1265 S.
1620 1235 1706 1265 Pauli
1725 1235 1860 1264 London.

1075 1293 1106 1317 et
1136 1287 1356 1328 prebendarius
1386 1287 1539 1328 prebende
1569 1286 1606 1316 de
1636 1285 1804 1315 Totenhale
1834 1285 1864 1314 111

1075 1339 1191 1374 eadem,
1216 1338 1328 1379 legavit
1356 1338 1483 1379 collegio
1514 1337 1626 1368 domiui
1653 1335 1797 1366 willelmi
1828 1336 1864 1365 ‹le

1076 1390 1262 1431 lVykcham,
1285 1390 1418 1430 episcopi
1436 1387 1668 1430 lVyntouieusis
1691 1398 1744 1428 per
1767 1387 1864 1428 ipsum

1075 1442 1104 1472 in
1132 1442 1333 1472 universitate
1358 1441 1459 1472 Oxou.
1484 1441 1613 1470 fundato
1640 1440 1732 1470 istum
1756 1438 1864 1468 librum

1075 1493 1273 1524 decretalium
1291 1504 1359 1523 cum
1377 1504 1437 1523 uno
1454 1492 1531 1522 libro
1550 1492 1743 1522 decretorum
1759 1494 1789 1520 et
1806 1501 1865 1519 uuo

1075 1545 1171 1575 Sexto
1200 1555 1236 1575 ac
1265 1555 1325 1574 uno
1351 1544 1428 1574 libro
1456 1543 1725 1575 Clementiuarum,
1750 1548 1783 1572 ut
1810 1541 1864 1581 ipsi

1075 1602 1277 1638 permaneant
1298 1596 1329 1625 in
1349 1596 1456 1625 eodem
1481 1594 1606 1635 collegio
1628 1605 1683 1634 pro
1699 1593 1864 1623 excercicio

1074 1647 1213 1677 doctrine
1234 1646 1396 1677 scolarium
1419 1646 1555 1687 ejusdem
1576 1645 1701 1686 collegii,
1719 1644 1763 1675 ita
1784 1644 1864 1684 quod

1075 1698 1155 1728 iuter
1184 1702 1287 1728 cetera
1316 1697 1416 1737 ipsum
1447 1695 1637 1726 Willelnmm
1667 1695 1802 1725 habeant
1835 1694 1864 1723 in

1074 1748 1253 1778 memoriam
1275 1747 1468 1778 oracionibus
1488 1747 1550 1777 suis
1573 1747 1728 1787 perpetuis
1748 1751 1864 1786 tempo-

1074 1799 1158 1829 ribus
1174 1798 1359 1829 duraturis.”

1291 1904 1519 1938 CLXXXV.

966 1986 968 2007 ;
994 1969 1289 2006 Membranaceus,
1316 1968 1349 2000 iu
1378 1966 1458 1999 folio
1484 1966 1615 2009 majori,
1643 1965 1674 1998 ff.
1695 1967 1773 2001 905,
1796 1975 1860 1997 sec.

1015 2038 1068 2059 xv.
1086 2026 1245 2065 ineuntis,
1264 2025 1351 2057 binis
1369 2023 1537 2057 columnis
1557 2022 1663 2055 nitide
1683 2026 1860 2055 exaratus:

1014 2085 1106 2123 olim,
1137 2095 1226 2117 anuo
1257 2082 1327 2116 scil.
1354 2084 1458 2120 1503,
1489 2079 1656 2113 willelmi
1685 2078 1861 2116 Warham,

1014 2154 1066 2186 ep.
1089 2141 1324 2178 Louclinellsis,
1351 2150 1394 2172 ex
1422 2139 1510 2172 dono
1531 2137 1628 2170 Will.
1648 2136 1860 2180 Spekyuton,

966 2205 967 2208 ’
1014 2200 1091 2233 coll.
1113 2199 1203 2232 Nov.
1222 2199 1313 2231 socii.

1034 2268 1160 2298 chrici
1173 2268 1210 2297 de
1223 2267 1332 2303 Bobic,
1344 2266 1422 2306 juris
1439 2265 1597 2304 utriusque
1613 2262 1757 2297 doctoris,
1770 2272 1860 2301 super

1053 2319 1194 2360 Gregorii
1212 2329 1299 2360 papae
1318 2318 1378 2348 IX.
1396 2316 1606 2347 Decrctalium
1622 2313 1714 2344 libros
1727 2313 1786 2343 duo
1799 2312 1859 2353 pri-

1052 2383 1119 2401 ores
1135 2370 1357 2406 commentarii,
1374 2380 1441 2399 cum
1457 2368 1590 2409 prologo.

1096 2427 1233 2457 Exstant
1249 2426 1385 2466 impress.
1405 2424 1501 2464 Lugd.
1522 2424 1608 2461 1408.

965 2509 966 2513 ,
1098 2479 1133 2507 111
1151 2477 1241 2508 calce.
1260 2483 1278 2491 “
1293 2475 1427 2516 Explicit
1451 2474 1526 2504 liber
1549 2471 1698 2503 secundus
1721 2469 1857 2510 magistri

964 2546 966 2558 <
1075 2529 1201 2559 Heurici
1220 2528 1345 2558 Bohief

1096 2580 1241 2611 Evulsum
1258 2586 1304 2609 est
1320 2578 1389 2608 libri
1405 2576 1527 2607 secundi
1544 2574 1647 2604 folium
1665 2573 1804 2613 primum.

1096 2630 1302 2661 Praemittitur
1315 2636 1332 2643 ⁴‘
1344 2627 1461 2658 Tabula
1477 2624 1707 2655 distinctionum
1720 2622 1858 2662 magistri

1076 2681 1201 2711 Henrici
1218 2679 1334 2711 Bouliic
1349 2688 1439 2718 super
1460 2674 1663 2706 decretalibus
1674 2675 1704 2708 ;”
1728 2673 1758 2702 in
1774 2672 1858 2712 cujus

1073 2731 1164 2768 ealce,
1187 2737 1204 2746 “
1217 2732 1309 2761 Auno
1333 2728 1457 2759 Domini
1475 2738 1514 2757 m.
1526 2738 1585 2757 ccc.
1597 2725 1689 2765 xlviij.
1709 2725 1757 2754 die
1773 2723 1859 2753 J‘ovis

1072 2787 1140 2823 post
1162 2783 1289 2813 octabas
1311 2779 1470 2821 epiphanio
1491 2778 1626 2819 ejusdem
1650 2776 1783 2811 Domini⁷
1804 2775 1858 2805 Cui
