2254 3117
325 157 345 188 4
879 146 1183 183 CATALOGUS
1207 146 1441 181 CODICUM
1470 145 1578 180 MSS.

329 253 380 283 38.
404 251 594 292 Excerptum
624 249 662 279 de
698 247 912 278 incarnatione
942 246 1072 283 Christi,
1103 250 1213 277 contra

415 301 650 343 Apollinarium.
673 298 727 329 fol.
741 299 803 339 366
820 299 850 328 b.

460 352 553 392 Inoip.
571 350 791 388 διαβεβαίουται
806 351 861 389 γὰρ
877 349 914 387 μὴ
931 349 1091 387 ἐπίκτητον.

334 410 383 440 39.
401 407 449 437 Ex
471 408 502 437 S.
517 405 656 446 Gregorii
682 404 867 434 Nazianzcni
891 403 1030 445 epistolis
1048 403 1088 433 ad
1105 402 1212 433 Cledo-

418 458 500 488 nium
525 457 624 498 prima
644 460 738 496 atque
762 455 915 492 secunda3
941 455 1025 495 [cum
1047 454 1124 484 Eliae
1140 453 1214 484 Cre-

418 509 513 540 tensis
528 507 811 548 interpretatione]
838 506 888 536 fol.
902 507 972 546 367.

462 559 557 599 Incip.
575 569 622 599 ep.
639 558 677 596 μὴ
693 557 891 587 ἀπατάτωσαν
907 557 933 586 οἱ
949 557 1104 595 ἄνθρωποι.

462 609 559 650 Incip.
576 609 738 649 interpret.
755 611 875 638 πολλῶν
900 609 993 638 ὄντων
1016 610 1073 637 τῶν
1096 606 1216 637 Ἀπολι-

441 673 548 700 ναριου.

751 734 798 768 ΙΙ.

336 798 454 831 Codex
473 796 766 836 membranaceus,
785 797 820 829 in
839 795 921 829 folio
939 796 1074 835 minori,
1089 794 1122 828 ff.
1136 797 1216 831 232,

360 867 426 889 sec.
445 855 558 888 forsan
577 854 648 888 xiii.

380 915 548 951 Menaeum,
563 913 626 944 sive
646 913 725 943 liber
740 913 912 954 liturgicus,
927 923 1061 943 canones
1082 922 1220 953 compre-

403 965 540 995 hendens
562 969 595 995 et
621 964 862 1001 stichometrias,
889 964 1000 1004 quibus
1027 963 1072 994 uti
1099 963 1220 993 solebat

401 1016 529 1046 ecclesia
554 1016 587 1045 in
614 1026 799 1056 unoquoque
824 1015 905 1046 festo
931 1015 980 1045 die
1005 1026 1060 1056 per
1083 1025 1220 1044 mensem
1252 1030 1253 1047 ;

402 1067 615 1108 Septembrem
633 1067 874 1108 Octobremque.

444 1118 506 1149 Tit.
524 1118 542 1148 i.
560 1119 717 1148 ἀκολουθία
739 1120 790 1148 τοῦ
811 1118 894 1148 ὁσίου
910 1118 1017 1157 πατρὸς
1032 1117 1111 1155 ἡμῶν
1124 1115 1222 1146 Ἰωάν-
1252 1121 1253 1128 ’

423 1183 474 1200 νου
490 1172 539 1199 τοῦ
556 1172 733 1207 Νηστευτοῦ.

446 1221 543 1262 Incip.
559 1222 649 1259 πατέρ
667 1219 805 1250 Ἰωάννου
828 1219 965 1259 πάνσοφε
988 1220 1024 1250 σὺ
1046 1221 1085 1260 τῷ
1106 1218 1223 1257 ποδήρει

425 1272 545 1304 σέπτως.

447 1323 554 1353 Desin.
573 1322 629 1353 ult.
647 1333 713 1352 can.
731 1323 777 1352 ἐπὶ
793 1324 828 1352 τὰ
843 1322 954 1361 πέρατα
971 1323 1090 1359 κόσμου.

470 1374 506 1404 In
522 1373 594 1410 fine,
611 1377 728 1412 πληρῶν
744 1373 851 1411 δοξάζω
868 1375 937 1414 Θεῷ
954 1374 991 1414 τῷ
1008 1375 1086 1403 δόντι
1102 1373 1195 1404 τέλος.

448 1426 499 1455 Ad
516 1425 567 1455 fol.
585 1434 643 1461 170
658 1425 793 1455 occurrit
809 1424 927 1460 titulus,
945 1426 972 1454 οἱ
991 1426 1120 1455 κανόνες·
1144 1425 1224 1462 ποίη·
1256 1442 1257 1457 ι

427 1490 466 1515 μα
494 1475 676 1516 Θεοφάνους,
704 1476 808 1506 forsan
833 1475 1032 1516 Theophanis
1058 1475 1181 1516 Grapti‚
1210 1487 1226 1505 e
1256 1482 1257 1520 ξ

428 1528 514 1568 cujus
547 1527 727 1568 Cosmaeque
761 1527 873 1558 melodi
911 1527 1089 1563 canonibus,
1121 1526 1226 1567 hymni
1256 1521 1258 1540 ⁴

428 1579 607 1620 plerumque
632 1579 662 1609 in
687 1579 816 1610 ccclesia
842 1579 955 1609 Graeca
979 1578 1108 1613 cantati,
1136 1578 1227 1619 origi-

429 1641 497 1660 nem
515 1631 680 1660 duxerunt.
728 1629 763 1659 In
786 1629 890 1660 codice
915 1634 1021 1660 tamen
1042 1629 1174 1659 officium
1196 1630 1226 1659 in

430 1681 479 1711 die
495 1681 642 1722 cujusque
663 1681 774 1711 melodi
797 1681 1077 1722 supramemorati.
1100 1680 1152 1721 [xi.
1171 1681 1227 1711 sci-

429 1732 500 1763 licet
516 1736 547 1762 et
564 1733 622 1762 xiv.
640 1733 766 1773 Octob.]
785 1733 1001 1763 inveniendum
1017 1733 1067 1763 sit.

754 1827 822 1860 ΙΙΙ.

348 1888 570 1926 Chartaceus,
599 1889 634 1922 in
663 1892 732 1928 4to,
759 1889 794 1922 ff.
814 1892 896 1929 225,
927 1901 1016 1923 anno
1036 1893 1127 1927 1571
1158 1901 1231 1923 ma—

372 1958 475 1991 gnam
498 1952 631 1991 partem
651 1947 851 1991 descriptus.

392 2008 419 2037 1.
439 2007 532 2037 Liber
562 2007 745 2048 hymnorum
776 2018 962 2049 precumque
992 2008 1184 2049 privatarum
1214 2020 1230 2039 e

455 2059 592 2089 fontibus
608 2059 700 2089 variis
722 2059 919 2090 collectorum
931 2072 938 2096 3
962 2059 1229 2090 Barbara-Groece.

456 2109 506 2139 fol.
525 2119 552 2139 2.

499 2161 560 2192 Tit.
578 2161 597 2191 i.
615 2163 769 2201 σχόλαιον“
795 2162 893 2192 ἰστέον
910 2163 952 2192 ὅτι
969 2164 1084 2201 ὀφείλει
1097 2164 1112 2193 ὁ
1124 2162 1235 2201 βουλό-

477 2225 564 2250 μενος
581 2214 620 2244 εἰς
635 2213 667 2242 τὸ
685 2212 805 2243 κέλλιον
821 2213 907 2243 αὐτοῦ
924 2215 1051 2244 κατιδίαν
1066 2215 1167 2253 λέγειν
1184 2216 1233 2245 τὰς

480 2266 645 2303 προσευχὰς
666 2264 762 2300 αὐτοῦ,
780 2265 796 2294 ὅ
811 2266 842 2306 δε
866 2264 960 2294 θέλων
980 2266 1105 2305 ἐγχῦσαι
1128 2267 1234 2304 δάκρυα

482 2318 593 2353 πρῶτον
609 2316 641 2347 ἇς
658 2315 719 2345 εἶπε
737 2316 831 2345 κανὼν
847 2318 1074 2352 κατανυκτυκὼν,
1092 2330 1116 2346 κ.
1134 2321 1161 2346 λ.

503 2366 599 2407 Incip.
617 2368 857 2404 συμβουλεύομεν
873 2368 903 2397 δὲ
921 2368 966 2397 καὶ
981 2370 1073 2397 τοῦτο,

505 2418 669 2453 Auctores,
693 2417 744 2458 qui
771 2417 920 2455 citantur,
944 2423 1016 2448 sunt
1042 2418 1234 2459 Nicephorus

485 2466 690 2507 Blemmydas,
706 2467 768 2508 [fol.
787 2468 858 2508 19.]‚
876 2467 1040 2501 Thecaras,
1058 2469 1235 2505 monachus,

486 2517 541 2557 [sc.
558 2519 640 2557 εὐχαὶ
655 2521 867 2558 συλλεχθεῖσαι
882 2519 939 2549 ἀπὸ
954 2521 1002 2556 τῆς
1018 2521 1098 2551 θείας
1113 2522 1236 2559 γραφῆς,

485 2570 519 2597 τὰ
539 2572 664 2599 πλεῖστα
685 2570 714 2599 δὲ
737 2570 793 2599 ἀπὸ
809 2572 858 2600 τοῦ
873 2571 956 2609 ἁγίου
971 2570 1110 2609 Ἐφραίμ,
1128 2571 1178 2601 fol.
1198 2580 1236 2612 25

487 2618 541 2657 b.],
568 2619 690 2660 Niphon
721 2621 898 2657 monachus,
934 2621 997 2661 [fol.
1021 2623 1060 2662 38
1089 2622 1117 2652 b.
1145 2623 1237 2662 soq.]‚

488 2669 619 2706 Simeon,
658 2671 958 2710 Thaustomathites,
989 2671 1054 2713 [sol.
1082 2672 1157 2714 79.],
1192 2673 1237 2703 Si-

488 2732 585 2755 meon,
603 2722 857 2763 Neo-theologus,
875 2723 941 2765 [fol.
959 2724 1023 2766 80.]

511 2771 623 2803 Deficit
639 2773 669 2802 in
685 2774 784 2804 verbis
807 2775 957 2805 orationis
982 2775 1012 2805 in
1034 2775 1181 2806 honorem
1206 2775 1235 2806 S.

1373 244 1536 276 Michaelis
1558 243 1745 285 archangeli,
1770 245 1934 284 ἆνόρθωσίν
1958 257 1989 275 τε
2020 245 2065 276 καὶ
2089 248 2148 276 δαι-

1370 309 1467 334 μονων

1242 370 1244 376 .
1287 349 1315 377 2.
1334 346 1503 382 Benedicti,
1521 345 1752 377 hieromonachi
1774 346 2061 388 Hierosolymitani,
2077 347 2149 378 Gre-

1350 398 1458 436 tensis,
1475 408 1576 428 sermo
1591 398 1630 428 de
1644 397 1791 428 unctione
1807 397 1874 434 olei,
1892 397 1923 427 in
1938 397 2023 428 istud
2038 397 2059 428 J
2062 409 2107 429 ac.
2120 409 2147 429 ν.

1355 460 1401 488 14.
1418 449 1533 491 praevia
1548 448 1689 480 oratione
1705 448 1842 479 auctoris
1857 449 1996 480 metrica.
2018 449 2067 480 fol.
2080 450 2127 479 86.

1395 504 1494 545 Incip.
1511 508 1590 535 orat.

1339 557 1435 586 οὐσῶν
1451 558 1572 585 πολλῶν
1587 557 1644 585 τῶν
1659 556 1773 594 δωρεῶν
1788 557 1838 593 τῆς
1853 557 1904 593 σῆς
1920 555 2150 594 φιλανθρωπίας.

1313 610 1350 641 In
1368 609 1461 647 calce,
1478 610 1615 650 γέγραφα
1631 611 1671 642 εἷς
1685 609 1840 648 Ἀρτάκιον
1855 609 1913 640 ἔτει
1927 611 1976 647 τῆς
1991 611 2130 648 σωτηρίας

1484 662 1679 702 ἑξακοσιοστῷ
1710 663 1852 702 χιλιοστῷ
1880 663 2008 700 Χριστοῦ
2031 662 2080 698 τῆς
2106 662 2151 699 ε’μ-

1525 713 1633 751 φανίας

1485 764 1534 793 ὃύο
1557 763 1629 803 πρὸς
1653 763 1874 802 τεσσαράκοντα
1898 763 2010 805 πέμπτῃ
2035 765 2084 793 τοῦ
2106 762 2155 793 Ἀ-

1526 814 1663 852 πριλλίου

1507 865 1593 906 καιρῷ
1616 867 1718 895 παθῶν
1739 866 1769 895 τὲ
1793 868 1850 896 τῶν
1870 868 2006 904 φρικτῶν,
2022 865 2090 904 μηνὶ
2105 867 2154 895 τοῦ

1550 917 1690 955 Εὐαρίου,

1340 970 1507 1000 Βενέδικτος
1522 969 1598 1009 τάχα
1614 969 1629 998 ὁ
1646 968 1722 1007 Κρὴς
1738 968 1908 1007 ἁμαρτωλὸς
1928 969 1973 998 καὶ
1990 969 2073 1006 θύτης

1338 1022 1388 1050 τοῦ
1404 1021 1503 1050 πίκλιν
1519 1021 1575 1059 γὰρ
1592 1020 1733 1057 καλεόμαι
1747 1018 2007 1057 Ἱερουσολυμίτης.

1338 1071 1430 1110 μέγας
1445 1071 1667 1110 ἁρχιμανδρίτης
1682 1083 1713 1100 τε
1728 1071 1858 1109 μεγάλης
1878 1071 2031 1107 ἐκκλησίας

1340 1123 1385 1153 καὶ
1397 1122 1489 1160 μέγας
1500 1123 1744 1161 πρωτοσύγγελος
1754 1122 1786 1151 τὸ
1798 1124 1850 1152 νῦν
1861 1121 2094 1160 Ἀλεξανδρείας,
2103 1125 2157 1151 κ.λ.

1404 1177 1468 1208 Tit.
1485 1188 1575 1208 serm.
1600 1178 1689 1216 λόγος
1712 1178 1752 1208 εἷς
1774 1176 1806 1206 τὸ
1831 1176 2001 1207 πάνσεπτον
2024 1177 2056 1207 τὸ
2080 1176 2163 1217 εὖχε·

1383 1229 1469 1259 λαίου
1498 1228 1656 1266 μυστήριον
1682 1228 1810 1265 ποιηθεὶς
1837 1228 2061 1268 αὐτοσχεδιαστὶ
2084 1229 2160 1267 παρὰ

1386 1280 1554 1309 Βενεδίκτου
1575 1279 1766 1319 ἱερομονάχου
1780 1277 2015 1318 (Ιεροσολυμίτου
2031 1281 2081 1309 τοῦ
2097 1292 2161 1317 κρη-

1385 1332 1442 1362 τός.

1407 1382 1502 1423 Incip.
1521 1382 1626 1414 ἇνίσας
1642 1383 1688 1411 καὶ
1703 1383 1783 1413 τινὰς
1798 1384 1855 1411 τῶν
1871 1382 1984 1420 ἰατρῶν.

1300 1440 1328 1469 3.
1354 1437 1517 1468 Parthenii
1541 1436 1774 1467 hieromonachi
1804 1436 2013 1478 protosyngeli
2038 1436 2162 1467 threno-

1364 1489 1415 1519 dia
1431 1489 1462 1519 in
1477 1489 1573 1519 filium
1589 1499 1678 1518 suum
1695 1488 1914 1529 Augustinum.
1938 1487 1990 1518 fol.
2007 1489 2058 1527 96.

1407 1540 1470 1570 Tit.
1502 1541 1668 1578 Παρθενίου
1704 1539 1894 1579 ἱερομονάχου
1924 1539 2162 1579 προτοσυγγέλου

1368 1602 1373 1606 “
1387 1594 1435 1630 τῆς
1457 1591 1587 1630 μεγάλης
1603 1592 1759 1628 ἐκκλησίας
1775 1593 1878 1630 θρῆνος
1894 1592 1934 1622 εἷς
1952 1591 2004 1621 τὸν
2020 1591 2163 1630 φίλτατον

1387 1644 1433 1673 καὶ
1449 1642 1533 1673 θετὸν
1547 1642 1611 1672 υἱὸν
1627 1642 1713 1672 αὐτοῦ
1731 1642 1940 1681 Αὐγουστῖνον.

1410 1694 1506 1734 Incip.
1522 1696 1604 1725 ποῖος
1619 1694 1769 1732 ἄνθρωπος
1784 1692 1892 1731 ἤθελεν
1908 1693 2046 1730 εὑρεθεῖν.

1408 1744 1507 1775 Defic.
1524 1744 1555 1774 in
1571 1744 1681 1780 verbis,
1699 1743 1870 1784 χρειάζομεν
1885 1744 1999 1774 πολλὰς
2016 1742 2152 1774 εὐποιίας.

1303 1801 1332 1830 4.
1348 1799 1500 1830 Demetrii
1516 1799 1677 1840 cujusdam
1693 1799 1794 1829 oratio
1806 1799 1845 1829 ad
1862 1798 2029 1829 Christum.
2057 1798 2078 1829 f.
2098 1807 2162 1828 102.

1410 1850 1448 1881 In
1464 1850 1557 1887 calce,
1572 1850 1714 1888 μνήσθητι
1737 1851 1823 1889 Κύριε
1843 1852 1893 1880 τοῦ
1915 1850 2019 1880 δούλου
2035 1862 2089 1880 σου
2106 1853 2163 1888 Δη-

1387 1902 1505 1941 μητρίου
1522 1902 1567 1932 καὶ
1585 1902 1790 1933 Κωνσταντίας
1805 1903 1854 1939 τῆς
1871 1902 1996 1940 συμβίου
2016 1902 2102 1931 αὐτοῦ
2118 1901 2164 1931 καὶ

1388 1956 1445 1983 τῶν
1460 1953 1568 1984 τέκνων
1584 1953 1681 1983 αὐτοῦ.

1303 2011 1333 2039 5.
1352 2008 1524 2049 Syntagma
1540 2019 1689 2039 canonum
1707 2008 1761 2039 SS.
1779 2008 2003 2049 Apostolorum
2019 2008 2165 2039 Patrum-

1368 2071 1428 2101 que
1450 2060 1491 2090 ab
1513 2059 1638 2101 Ignatio
1662 2059 1913 2090 Hieromonacho
1937 2059 2060 2095 Scathe,
2078 2059 2163 2095 Chio,

1369 2111 1484 2152 partim
1514 2122 1553 2141 ex
1580 2111 1600 2141 J
1603 2111 1733 2141 ohannis
1758 2111 1919 2142 Nesteutae
1947 2110 2165 2141 Nomocanone

1369 2162 1598 2199 concinnatum,
1615 2162 1730 2203 praevia
1753 2162 1862 2193 tabula
1876 2161 2091 2203 capitulorum,
2108 2172 2164 2191 nu-

1370 2225 1455 2245 mero
1471 2214 1562 2245 cxliii.
1586 2214 1636 2244 fol.
1655 2223 1684 2254 7.

1414 2265 1511 2305 Incip.
1535 2267 1601 2305 περὶ
1621 2267 1799 2305 προθεωρίας
1822 2268 1872 2296 τοῦ
1898 2266 2041 2304 παρόντος
2064 2263 2166 2295 συντά-

1365 2345 1372 2351 ,
1392 2329 1510 2356 γματος.

1414 2368 1452 2398 In
1477 2368 1613 2409 capitulo
1635 2369 1695 2399 isto
1725 2372 1834 2399 auctor
1858 2368 1896 2398 de
1920 2367 2064 2398 ,Iohanne
2090 2367 2165 2397 Nes-

1392 2422 1481 2449 teuta
1505 2418 1713 2460 [Cappadoce]
1741 2419 1785 2449 ita
1811 2417 1945 2453 disserit,
1969 2418 2001 2447 τὸ
2025 2419 2055 2447 δὲ
2082 2418 2165 2456 λεγό-

1393 2482 1482 2506 μενον
1509 2470 1662 2500 κανονικὸν
1687 2469 1824 2500 Ἰωάννου
1848 2471 1897 2499 τοῦ
1923 2471 2092 2506 Νηστευτοῦ
2117 2469 2167 2499 τὰς

1393 2523 1450 2551 τῶν
1461 2524 1645 2559 Χριστιανῶν
1656 2523 1756 2561 ψυχὰς
1771 2523 1921 2552 παντελῶς
1933 2521 2070 2556 ἀπόλυσι,
2087 2519 2167 2559 κακίᾳ

1393 2573 1447 2610 μὲν
1463 2575 1512 2602 τοῦ
1529 2574 1706 2611 πεποηκότος
1723 2573 1768 2602 καὶ
1784 2573 1924 2610 ἁπλότητι
1941 2574 2028 2601 τινῶν
2043 2582 2166 2609 πνευμα-

1396 2627 1480 2654 τικῶν
1496 2624 1529 2654 οὐ
1544 2623 1600 2663 γάρ
1617 2625 1679 2654 ἐστι
1700 2626 1783 2653 τοῦτο
1804 2626 1854 2653 τοῦ
1871 2624 2048 2661 Νηστευτοῦ,
2066 2621 2166 2659 ἀνδρὸς

1395 2675 1479 2706 ὄντος
1492 2675 1628 2713 ἐναρέτου
1642 2675 1687 2704 καὶ
1700 2675 1786 2710 θείου,
1798 2674 1867 2704 ὅθεν
1883 2673 1929 2703 καὶ
1941 2672 1992 2709 τὴν
2005 2672 2167 2709 ἐπωνυμίαν

1396 2725 1546 2763 ἐκτήσατο,
1559 2724 1626 2755 ἀλλ’
1644 2723 1933 2763 ἀνθρωπωπαρέσκου
1949 2723 2053 2761 ἀνδρὸς
2069 2723 2114 2752 καὶ
2129 2722 2166 2760 μὴ

1396 2777 1583 2815 φοβουμένου
1599 2776 1649 2806 τὸν
1666 2776 1755 2810 Θεὸν,
1773 2775 1816 2806 διὸ
1833 2776 1944 2807 ὄνειδος
1963 2775 2009 2805 καὶ
2028 2774 2113 2812 ὑβρὶν
2129 2774 2166 2814 τῷ

2232 0 2254 202 “i-‘22‘
