2254 3117
367 155 436 187 108

513 249 612 290 Incip.
629 252 649 266 “
663 248 750 279 Sicut
770 247 971 289 philosophus
989 248 1088 279 tradit
1103 248 1135 278 in
1151 248 1245 279 tertio

491 300 529 330 de
545 298 678 335 anima?
695 302 730 329 ut
745 297 777 328 in
793 298 883 329 editt.
899 298 1039 340 impress.

512 350 619 381 Desin.
637 350 714 380 Tho.
731 350 769 380 (10
785 349 912 390 Aquino
933 354 1108 387 comment„
1132 351 1172 381 ad
1192 350 1245 381 fol.

489 410 539 441 92,
553 401 635 431 circa
651 400 785 431 medium
803 400 894 442 primi
910 401 991 438 libri,
1006 401 1039 432 in
1055 401 1166 439 verbis,
1184 406 1201 418 “
1215 405 1247 432 ct

490 452 544 482 flet
561 451 702 482 totaliter
718 463 808 492 aqua.
844 451 998 491 Quoniam
1013 458 1119 483 autem
1134 452 1246 494 princi-

488 503 671 544 pium''——et
694 507 765 544 post
788 503 882 534 verba
901 503 971 540 ista,
991 507 1009 520 “
1023 504 1084 534 Hic
1100 503 1246 534 termina-

490 559 542 585 tur
553 554 706 595 expositio
718 554 824 585 fratris
836 554 954 585 Thome
967 555 1006 586 de
1020 555 1146 596 Aquino
1159 559 1191 585 et
1201 555 1245 585 in-

490 605 566 646 cipit
582 605 735 646 expositio
750 605 858 636 fratris
874 605 992 636 Thome
1008 606 1046 636 de
1063 606 1235 636 Suthona.”

512 656 610 697 Incip.
623 656 700 686 Tho.
715 657 752 687 de
766 656 909 687 Suthona
921 668 1026 698 expos.
1042 661 1062 674 “
1075 657 1245 697 Postquam
1274 675 1276 691 ,v

492 707 694 748 philosophus
713 707 931 738 determinavit
947 708 985 738 de
1000 707 1199 749 generatione
1215 711 1246 738 et
1275 745 1276 750 ¹

490 759 687 798 corruptione
700 760 730 793 ;’⁷
753 762 784 789 et
803 758 901 789 desin.
920 763 967 789 “a
985 770 1045 800 quo
1061 759 1163 789 omnia
1178 769 1246 800 par-
1275 762 1276 766 ’

492 810 624 851 ticipant
639 821 715 846 esse,
735 810 800 851 Ipsi
816 810 915 840 honor
930 814 962 841 et
976 810 1108 851 gloria‚”
1124 814 1182 840 etc.

403 867 433 895 3.
452 865 539 896 Petri
563 866 601 895 de
622 865 771 895 Alvernia
794 865 825 895 in
854 865 1036 896 Aristotelis
1060 865 1155 895 libros
1181 865 1247 895 Me-

470 922 628 948 teororum
644 916 682 947 iv.
699 916 949 947 commentarius.
974 915 1026 946 sol.
1043 925 1111 947 122.

515 967 612 1009 Incip.
632 972 648 984 ‘⁶
664 967 870 1008 Philosophus
886 967 916 997 in
936 967 1036 1008 primo
1060 967 1247 1008 phisicorum
1276 988 1277 1008 1

490 1019 638 1060 proponit
653 1018 763 1049 innata
778 1030 817 1049 ex
831 1018 1047 1049 certioribus.”

513 1070 622 1100 Dcsin.
639 1074 658 1087 ‘⁶
671 1081 689 1100 a
706 1070 774 1109 Quo
789 1069 1003 1110 principaliter
1021 1069 1192 1111 precedunt
1216 1072 1247 1099 et
1276 1080 1277 1091 ¹

490 1121 667 1163 diriguntur
683 1121 798 1158 omnia,
815 1121 873 1160 Qui
890 1125 937 1152 est
953 1121 1169 1157 benedictus;''
1185 1124 1245 1151 etc.
1276 1139 1277 1144 =

514 1173 554 1203 In
583 1172 677 1208 calce,
711 1176 730 1189 “
749 1172 887 1214 Explicit
918 1172 1077 1203 sentencia
1108 1171 1246 1213 magistri

491 1223 579 1254 Petri
595 1224 633 1254 de
649 1223 789 1254 Avernia
811 1234 903 1264 super
926 1223 1011 1253 libris
1032 1223 1246 1254 Mctherorum

491 1274 707 1306 Aristotelis.’'

1275 1310 1277 1323 4

407 1329 435 1357 4.
453 1326 601 1368 Ejusdem
624 1326 656 1356 in
678 1326 773 1356 libros
798 1326 859 1356 duo
885 1326 923 1356 de
949 1337 1057 1356 somno
1082 1330 1113 1356 et
1144 1325 1247 1366 vigilia
1275 1362 1276 1367 ¹

469 1377 721 1408 commentarius.
746 1377 796 1407 fol.
815 1386 885 1407 222.

514 1429 613 1469 Incip.
640 1428 847 1459 “Secundum
871 1428 1088 1468 philosophum
1112 1428 1246 1458 secundo

491 1480 710 1521 phisicorum.”

1275 1411 1277 1439 !

1274 1442 1277 1472 l

1275 1474 1277 1531 l

407 1538 435 1567 5.
452 1535 602 1577 Ejusdem
625 1535 656 1565 in
679 1535 791 1565 librum
812 1535 850 1566 de
873 1539 959 1566 motu
983 1535 1169 1566 animalium.
1193 1535 1244 1566 sol.
1276 1540 1277 1552 ¹

474 1597 533 1627 250
549 1587 579 1616 b.

514 1638 613 1679 Incip.
639 1642 659 1655 ‘⁶
677 1638 765 1668 Sicut
792 1638 892 1668 innuit
918 1637 1119 1679 philosophus
1149 1638 1245 1669 tertio

491 1688 677 1730 phisicorum
688 1690 717 1725 ;''
742 1693 776 1719 ut
792 1689 822 1719 iu
839 1689 964 1719 Thomae
980 1689 1149 1730 Aquinatis
1165 1700 1245 1720 com-

491 1744 586 1770 ment.
600 1741 710 1770 Venct.
731 1742 820 1781 1588,
838 1752 867 1781 p.
883 1741 930 1781 89.

408 1791 436 1823 6.
454 1791 602 1832 Ejusdem
619 1791 649 1821 in
666 1791 778 1821 librum
794 1791 831 1822 de
847 1794 1007 1822 senectute
1023 1795 1054 1822 et
1069 1791 1244 1832 juventute.

471 1842 522 1873 fol.
539 1844 607 1883 263.

516 1893 614 1934 Incip.
633 1898 650 1910 ‘²
663 1893 748 1924 Sicut
762 1893 835 1924 dicit
848 1893 1049 1934 philosophus
1066 1894 1164 1934 primo
1180 1894 1245 1935 phi-

493 1945 625 1976 sicorum
637 1946 666 1981 ;⁷’
689 1950 724 1975 ut
741 1945 813 1975 ibid.
831 1955 858 1985 p.
876 1954 944 1975 122.

409 2003 438 2033 7.
455 2000 605 2041 Ejusdem
621 2000 652 2030 in
668 2000 781 2030 librum
794 2000 831 2030 de
844 1999 1071 2041 Respiratione.
1086 2001 1137 2031 fol.
1147 2002 1204 2042 269
1215 2001 1245 2031 b.

516 2052 615 2092 Incip.
630 2058 647 2066 “
661 2051 850 2081 Animalium
861 2055 977 2088 autem,
989 2055 1048 2082 etc.
1074 2053 1246 2093 Postquam

494 2103 693 2144 philosophus
708 2102 877 2132 declaravit
889 2104 917 2138 ;'’
940 2107 975 2133 ut
991 2103 1066 2133 ibid.

409 2157 437 2185 8.
455 2154 603 2195 Ejusdem
618 2153 650 2183 in
666 2153 778 2183 librum
795 2153 833 2183 (10
849 2153 913 2184 vita
928 2157 960 2184 et
975 2160 1084 2185 morte.
1109 2154 1159 2184 fol.
1176 2155 1245 2184 280.

515 2204 613 2245 Incip.
632 2208 649 2221 *ί
662 2204 721 2236 Est
737 2204 861 2245 quidem
877 2204 1037 2241 omnibus3
1062 2210 1122 2236 etc.
1154 2205 1245 2236 Post-

494 2267 586 2297 quam
602 2255 801 2297 philosophus
817 2255 1035 2287 determinavit
1047 2258 1075 2292 ;”
1092 2260 1126 2287 ut
1142 2256 1217 2293 ibid.

517 2307 555 2337 In
567 2307 660 2343 calce,
678 2310 696 2323 ⁶⁶
710 2307 847 2348 Explicit
863 2308 1019 2338 sentencia
1034 2308 1176 2348 magistri
1189 2308 1245 2339 Pe-

494 2358 535 2389 tri
551 2358 589 2388 de
605 2358 755 2389 Alvarnia
771 2358 809 2389 de
825 2362 925 2389 morte
941 2363 972 2390 et
988 2360 1083 2390 vita.'’

410 2412 438 2443 9.
456 2409 583 2440 Thomae
600 2409 768 2450 Aquinatis
789 2409 820 2439 in
840 2409 952 2440 librum
968 2411 1006 2441 de
1027 2422 1116 2441 sensu
1133 2416 1164 2441 ct
1180 2422 1246 2441 sen·
1274 2407 1275 2412 ¹

474 2465 542 2492 sato
559 2460 807 2491 commentarius.
831 2460 882 2491 fol.
898 2462 959 2499 284
971 2462 998 2492 b.

517 2512 614 2553 Incip.
632 2516 651 2530 ‘⁴
665 2512 751 2543 Sicut
772 2512 847 2543 dicit
871 2512 1072 2554 philosophus
1096 2514 1126 2543 in
1151 2514 1247 2544 tercio

494 2564 532 2594 de
548 2563 652 2597 anima
662 2563 690 2598 ;”
713 2567 748 2594 ut
764 2563 837 2594 ibid.
853 2575 882 2604 p.
898 2574 922 2594 1.

517 2614 554 2645 In
570 2625 668 2656 marg.
685 2626 785 2656 super.
800 2615 922 2656 scripsit
937 2627 1017 2647 marn..
1029 2627 1080 2646 sec.
1099 2621 1118 2634 ‘⁶
1135 2616 1248 2657 Incipit

494 2666 532 2697 de
549 2677 639 2697 sensu
655 2670 686 2697 ct
702 2670 827 2697 sensato
843 2666 948 2697 fratris
965 2667 1111 2698 Thomef'

391 2721 440 2751 10.
458 2720 606 2761 Ejusdem
622 2721 653 2751 in
669 2721 781 2752 librum
792 2721 831 2752 de
843 2722 992 2753 memoria
1007 2729 1039 2753 et
1055 2722 1247 2753 reminiscen-

474 2772 528 2802 tia.
553 2771 602 2802 fol.
618 2781 690 2812 310.

917 147 1219 184 CATALOGUS
1245 147 1480 184 CODICUM
1507 147 1617 182 MSS.

1442 247 1540 288 Incip.
1557 252 1575 263 “
1588 246 1675 277 Sicut
1698 245 1773 277 dicit.
1799 245 1999 287 philosophus
2021 246 2052 277 in
2070 246 2120 287 vij.
2137 246 2175 276 de

1422 297 1597 334 historiis3''
1621 300 1656 328 ut
1672 296 1703 327 in
1719 297 1792 327 edit.
1809 296 1862 327 cit.
1879 308 1908 338 p.
1922 306 1972 336 47.

1624 402 1847 437 CCLXXV.

1295 466 1415 500 Codex
1444 465 1736 505 membranaceus,
1764 465 1799 498 in
1827 464 1921 505 folio,
1946 465 1979 499 ff.
2001 468 2082 504 238,
2109 477 2175 499 sec.

1319 525 1398 563 xiv„
1417 524 1505 557 binis
1523 522 1692 557 columnis
1712 527 1883 557 exaratus.

1338 592 1365 622 l.
1382 591 1508 621 Thomae
1524 590 1692 631 Aquinatis
1709 591 1741 621 in
1756 591 1939 622 Aristotelis
1959 592 1997 622 (10
2018 592 2123 623 anima
2143 592 2177 623 li-

1399 642 1472 671 bros
1487 645 1552 672 tres
1568 642 1818 674 commentarius.
1842 643 1893 673 sol.
1906 653 1936 681 4.

1442 693 1539 734 Incip.
1557 699 1575 708 “
1592 693 1679 725 Sicut
1701 694 1903 735 philosophus
1923 695 2013 726 docet
2035 695 2066 725 in
2082 695 2122 726 xi.
2139 696 2178 727 de

1421 744 1606 775 animalibus
1618 745 1647 780 ;”
1670 748 1705 776 ut
1722 745 1752 775 in
1768 745 1856 776 editt.
1874 745 2014 786 impress.

1443 796 1481 825 In
1494 795 1585 833 calce,
1604 802 1621 811 ‘¹
1638 796 1774 837 Explicit
1787 797 1946 828 sentencia
1958 808 2050 838 super
2065 797 2177 829 librum

1421 847 1459 877 de
1485 847 1589 877 anima
1616 848 1784 878 secundum
1813 848 1943 879 fratrem
1967 848 2117 879 Thomam
2141 849 2179 879 de

1420 898 1558 939 Aquino,
1597 899 1716 929 ordinis
1756 899 2008 940 predicatorun1;
2057 902 2178 936 Amen3

1420 949 1552 979 Amcn.”

1337 1005 1365 1034 2.
1380 1004 1528 1045 Ejusdem
1546 1004 1673 1035 Thomae
1689 1004 1720 1034 in
1736 1005 1848 1035 librum
1861 1005 2043 1036 Aristotelis
2058 1006 2096 1036 de
2111 1017 2177 1036 sen-

1401 1067 1435 1087 su
1452 1061 1484 1087 et
1501 1060 1625 1087 sensato
1641 1057 1889 1088 commentarius.
1913 1057 1966 1089 fol.
1977 1068 2029 1097 44.

1445 1107 1541 1149 Incip.
1560 1112 1580 1126 ‘⁶
1595 1107 1682 1138 Sicut
1705 1108 1905 1150 philosophus
1928 1108 2004 1140 dicit
2027 1108 2058 1139 in
2083 1109 2176 1140 tertio

1422 1160 1460 1190 de
1475 1160 1622 1195 anima;”
1646 1164 1681 1190 ut
1698 1159 1771 1191 ibid.

1443 1210 1481 1240 In
1504 1210 1596 1247 calce,
1615 1217 1632 1226 “
1648 1211 1828 1252 Explieiunt
1851 1212 2007 1243 sentencie
2029 1223 2122 1253 super
2145 1212 2178 1242 li-

1420 1263 1510 1293 brum
1525 1263 1563 1293 de
1579 1274 1668 1293 sensu
1682 1268 1714 1293 ct
1730 1266 1864 1293 sensato.
1897 1263 2055 1305 Incipiunt
2071 1269 2177 1294 autem

1422 1324 1514 1355 super
1536 1313 1649 1344 librum
1672 1314 1710 1344 de
1733 1314 1883 1345 memoria
1898 1318 1931 1345 et
1949 1314 2177 1345 reminiscentia

1420 1365 1527 1395 fratris
1544 1365 1661 1395 Thome
1677 1365 1716 1396 de
1732 1365 1888 1406 Aquin0.”

1337 1421 1367 1450 3.
1384 1420 1534 1461 Ejusdem
1555 1423 1765 1450 commentum
1786 1419 1818 1450 in
1840 1420 1953 1451 librum
1968 1420 2006 1451 de
2028 1420 2178 1451 memoria

1399 1474 1432 1502 et
1447 1470 1686 1502 reminiscentia.
1709 1471 1759 1501 fol.
1777 1472 1817 1502 60
1832 1471 1860 1502 b.

1443 1521 1540 1563 Incip.
1559 1526 1579 1540 “
1593 1521 1680 1552 Sicut
1705 1522 1908 1564 philosophus
1931 1522 2005 1553 dicit
2026 1522 2057 1553 in
2072 1523 2122 1564 vij.
2140 1523 2178 1554 de

1421 1573 1558 1604 historiis
1574 1573 1753 1604 animalium
1766 1575 1797 1609 ;’'
1821 1578 1857 1604 ut
1872 1573 1944 1604 ibid.

1444 1625 1482 1654 In
1498 1623 1592 1661 calce,
1611 1629 1629 1639 ¹‘
1644 1623 1825 1665 Expliciunt
1851 1623 2005 1654 sentencie
2028 1634 2121 1665 super
2142 1624 2177 1654 li-

1421 1675 1511 1706 brum
1527 1675 1565 1706 de
1582 1675 1731 1705 memoria
1746 1678 1778 1706 et
1793 1674 2054 1706 reminiscentia.”

1338 1733 1366 1761 4.
1384 1731 1542 1772 Anonymi
1559 1730 1748 1771 quaestiones
1770 1730 1801 1761 in
1818 1730 2001 1761 Aristotelis
2022 1730 2118 1761 libros
2140 1730 2178 1761 de

1398 1781 1512 1812 anima.
1536 1781 1586 1812 fol.
1602 1782 1652 1821 67.

1443 1832 1542 1873 Incip.
1562 1836 1578 1849 *⁶
1592 1832 1751 1863 Bonorum
1766 1832 2012 1867 honorabilium;
2035 1837 2093 1864 etc.
2140 1833 2179 1863 In

1421 1884 1564 1914 omnibus
1580 1884 1773 1925 argumentis
1785 1888 1817 1915 ct
1831 1884 1980 1915 doctrinis
1995 1894 2119 1915 necesse
2131 1888 2179 1914 est

1421 1936 1521 1977 primo
1538 1936 1762 1966 conside1·are.”

1336 1994 1366 2022 5.
1383 1992 1578 2031 Quaestiones
1593 1992 1625 2022 in
1640 1991 1753 2022 librum
1769 1991 1903 2033 primum
1918 1991 1957 2022 de
1972 1990 2088 2028 anima,
2104 2001 2175 2021 auc-

1400 2047 1468 2074 tore
1484 2053 1648 2084 anonymo.
1673 2042 1725 2073 fol.
1739 2044 1788 2084 85.

1444 2094 1544 2136 Incip.
1564 2100 1583 2110 ¹‘
1596 2094 1774 2131 Bonorum3
1791 2097 1852 2125 etc.
1891 2093 2027 2135 Supletis
2041 2093 2109 2124 aliis
2124 2093 2177 2123 hu-

1415 2145 1468 2186 jus
1484 2145 1611 2176 scientie
1627 2145 1828 2186 antequam.”

1336 2200 1365 2232 6.
1382 2201 1577 2241 Quaestiones
1593 2201 1663 2232 aliae
1678 2201 1711 2231 in
1727 2201 1840 2231 librum
1855 2199 1990 2241 primum
2006 2200 2044 2231 de
2062 2200 2176 2231 anima.

1405 2252 1455 2283 fol.
1470 2252 1521 2293 98.

1444 2304 1543 2345 Incip.
1569 2310 1587 2319 “
1604 2304 1761 2335 Bonorum
1776 2316 1783 2341 ;
1821 2303 1912 2334 Circa
1940 2302 2054 2334 librum
2082 2302 2178 2334 istum

1422 2355 1580 2396 querenda
1595 2362 1668 2386 sunt
1684 2355 1817 2396 quedam
1833 2355 2038 2386 extrinseca.”

1338 2411 1365 2441 7.
1383 2409 1580 2448 Quaestiones
1595 2410 1664 2441 aliae
1676 2409 1708 2440 in
1720 2410 1816 2441 libros
1829 2414 1893 2441 tres
1905 2410 1943 2440 de
1952 2409 2066 2440 anima.
2079 2409 2099 2439 f.
2110 2408 2176 2439 108.

1445 2461 1544 2502 Incip.
1562 2467 1580 2476 “
1596 2461 1774 2495 Bonorunu
1801 2461 1918 2491 Anima
1940 2460 2102 2491 scientiam
2124 2459 2177 2490 ha-

1422 2512 1475 2543 bet
1496 2512 1707 2543 honorabilem
1723 2516 1754 2543 et
1770 2511 1943 2543 mirabilem
1962 2519 1991 2542 et
2013 2511 2054 2542 ad
2077 2510 2178 2552 cogni-

1424 2564 1575 2594 eionem.”

1338 2621 1366 2650 8.
1385 2619 1512 2650 Thomae
1528 2619 1696 2660 Aquinatis
1712 2619 1791 2649 liber
1802 2618 1840 2649 de
1853 2617 2030 2648 virtutibus.
2053 2617 2176 2657 f.154b.

1447 2671 1546 2712 Incip.
1564 2676 1582 2686 “
1597 2670 1725 2710 Qucstio
1741 2677 1789 2700 est
1805 2670 1844 2700 de
1866 2668 2034 2699 virtutibus
2050 2668 2081 2698 in
2097 2678 2177 2698 com-

1423 2721 1518 2757 muni,
1532 2725 1563 2752 et
1579 2722 1678 2763 primo
1693 2721 1834 2764 queritur
1849 2724 1954 2751 utrum
1970 2720 2101 2750 virtutes
2116 2719 2177 2749 sint

1424 2772 1581 2802 habitus.⁷'
