2254 3117
318 153 362 183 32
872 150 1173 186 CATALOGUS
1200 152 1434 189 CODICUM
1462 155 1570 190 MSS.

443 248 503 279 Tit.
521 253 538 265 “
555 249 677 279 Claudii
701 248 818 279 Donati
840 249 1070 280 honoratissimi
1094 261 1198 292 gram-

421 299 525 330 matici
549 299 690 340 praefatio
714 310 806 340 super
825 299 983 337 Terentio,
998 304 1030 331 et
1051 300 1151 341 primo
1167 301 1198 331 in

424 350 573 380 And1·ia.”

337 403 365 431 2.
384 400 422 431 In
438 401 631 431 Eunuchum.
655 400 706 431 sol.
722 401 772 442 56.

336 453 365 482 53,
383 451 421 482 In
439 451 607 492 Adelphos.
631 451 681 481 fol.
703 460 755 490 107
774 451 802 481 b.

336 505 364 533 4.
383 503 417 532 In
435 502 600 543 Hecyram.
624 502 673 532 fol.
692 504 757 543 156.

336 555 364 583 5.
382 553 420 583 In
437 553 666 583 Phormionem.
691 553 742 583 fol.
761 554 828 593 185.

442 604 477 633 In
494 604 587 641 calce,
606 609 622 621 ‘⁶
640 604 777 645 Explicit
794 604 943 635 Phormio
960 605 1077 637 Donati
1093 607 1197 638 claris-

418 654 517 685 siini.”

438 706 591 737 Praecedit
622 706 746 743 notitia,
773 711 790 723 ‘⁴
808 707 1022 747 Vespasianus
1051 709 1196 740 librarius

418 756 617 788 Florentinus
633 757 705 788 fecit
721 758 813 788 scribi
832 759 1027 790 Florentiae.”

684 852 825 887 XLVI.

311 909 428 942 Codex
457 909 667 948 chartaceus.
696 911 730 943 iu
755 910 849 951 folio,
878 911 909 945 ff.
928 914 1008 949 190,
1032 924 1098 946 sec.
1117 924 1194 951 xv.;

334 978 377 1000 ex
397 967 486 1000 dono
506 967 549 1000 R.
572 967 790 1013 Flemmyng.

351 1027 499 1068 Diogenis
528 1028 645 1059 Lacrtii
675 1029 715 1059 de
740 1029 812 1060 vitis
842 1030 1095 1072 philosophorum
1125 1032 1193 1062 libri

371 1090 425 1119 por
438 1079 653 1119 [Ambrosium
665 1080 898 1111 Traversarium
910 1082 1191 1123 Camaldulcnscm]

371 1130 482 1160 Latine
497 1131 587 1167 versi,
603 1142 673 1161 cum
691 1131 872 1172 interpretis
890 1133 1026 1175 prologo.

415 1182 511 1223 Incip.
528 1183 604 1223 prol.
623 1189 640 1199 “⁸
653 1183 800 1214 Volventi
824 1184 898 1214 mihi
921 1186 1064 1225 quaedam
1084 1187 1193 1217 Graeca

392 1233 546 1264 volumina
562 1234 644 1265 venit
662 1234 702 1264 ad
719 1246 828 1265 manus
844 1235 964 1266 Laercii
982 1236 1159 1277 Diogenis.”

415 1284 511 1325 Incip.
530 1289 608 1315 text.
629 1290 645 1301 ⁴·
662 1285 893 1326 Philosophiam
909 1298 928 1317 a
944 1287 1085 1318 barbaris
1102 1288 1194 1319 inicia
1224 1317 1226 1322 χ

392 1335 558 1376 sumpsisse
569 1336 598 1370 3³²
621 1340 656 1366 ut
672 1336 702 1365 in
719 1336 808 1366 editt.
826 1337 964 1378 impress.

671 1427 830 1461 XLVII.

307 1482 605 1523 Membranaceus,
630 1486 663 1517 in
694 1485 785 1523 folio,
807 1486 837 1519 ff.
852 1489 932 1525 231,
960 1499 1026 1521 sec.
1046 1499 1114 1527 xv„
1142 1489 1193 1521 ni-

331 1542 403 1575 tide
421 1548 594 1576 exaratus.

349 1597 464 1628 Caecilii
497 1598 645 1640 Cypriani
683 1600 817 1642 episcopi
852 1606 883 1632 ct
917 1602 1063 1642 martyris
1097 1613 1191 1643 opera

369 1649 473 1684 varia3
497 1650 625 1687 scilicet,

327 1700 354 1729 1.
372 1699 515 1741 Epistola
530 1702 569 1731 ad
587 1702 756 1732 Donatum.
782 1702 831 1732 fol.
849 1712 879 1743 3.

432 1751 547 1782 Exstat
577 1752 715 1793 impress.
740 1753 824 1783 inter
850 1764 952 1794 opera.
979 1754 1026 1784 cd.
1052 1754 1187 1791 BaluziQ

413 1802 470 1843 Ep.
488 1813 512 1832 1.

327 1854 355 1881 52.
374 1852 467 1882 Liber
478 1854 516 1883 de
529 1854 690 1895 disciplina
701 1859 733 1886 et
745 1855 854 1886 habitu
867 1855 1028 1897 virginum.
1048 1856 1098 1887 fol.
1112 1866 1128 1897 7
1143 1857 1173 1887 b.

432 1902 511 1934 Ibid.
529 1915 557 1945 p.
579 1914 644 1945 ¹73·

325 1955 353 1983 53.
371 1954 421 1984 De
437 1954 538 1995 lapsis.
563 1955 614 1985 fol.
633 1966 678 1994 14.

432 2005 513 2035 Ibid.
532 2018 560 2047 p.
578 2009 645 2037 181.

328 2058 354 2087 4.
373 2057 420 2087 De
436 2057 571 2088 ccclesiae
588 2058 748 2089 catholicae
764 2059 885 2090 unitate
901 2060 1049 2090 adversus
1066 2059 1188 2090 haereti-

390 2119 441 2138 cos
458 2113 489 2139 et
505 2109 728 2140 schismaticos.
753 2110 805 2140 fol.
824 2121 859 2152 23
878 2111 906 2140 b.

431 2159 511 2190 Ibid.
529 2172 557 2201 p.
574 2171 642 2202 193.

328 2213 355 2240 5.
373 2210 420 2241 De
436 2213 637 2243 mortalitate.
663 2213 713 2243 sol.
730 2223 766 2254 3¹
787 2213 816 2243 b.

435 2262 514 2293 Ibid.
532 2276 560 2305 p.
577 2274 646 2305 229.
828 2302 830 2306 .

329 2313 355 2342 (i.
373 2313 423 2342 Ad
442 2313 684 2345 Deinctriannm.
709 2315 759 2345 fol.
775 2316 824 2356 38.

435 2364 514 2395 Ibid.
532 2377 558 2406 p.
575 2367 644 2396 216.

330 2416 356 2445 Τ.
375 2414 422 2444 Dc
438 2416 501 2446 zelo
517 2421 548 2447 ct
564 2417 667 2447 livore.
691 2417 742 2448 fol.
756 2426 806 2459 45.

436 2466 515 2497 Ibid.
533 2479 559 2507 p.
579 2477 647 2509 255.

330 2520 359 2544 ὅ.
378 2516 425 2546 Dc
441 2527 532 2557 opere
548 2522 577 2547 et
596 2518 805 2559 elecmosynis.
828 2518 878 2549 fol.
891 2528 941 2559 50.

436 2568 515 2598 Ibid.
534 2580 561 2609 Ι).
577 2578 646 2609 237.

330 2620 358 2650 9.
375 2618 423 2649 Dc
438 2619 599 2659 patientia.
622 2621 672 2650 fol.
688 2629 727 2662 57
746 2621 775 2651 b.

437 2670 516 2700 Ibid.
534 2682 562 2711 p.
578 2680 647 2710 247.

315 2722 359 2751 w,
378 2721 424 2751 De
440 2721 581 2751 oratione
598 2721 769 2753 Dominica.
793 2722 843 2754 sol.
858 2724 905 2761 64.

438 2772 517 2802 Ibid.
535 2783 562 2813 Ι).
579 2782 647 2810 204.

1251 251 1300 281 11.
1318 251 1370 281 Ad
1387 251 1597 283 Fortunatum
1612 252 1651 283 de
1666 252 1884 283 exhortatione
1905 253 2055 294 martyn'i.
2079 254 2128 285 fol.

1338 311 1374 343 73
1393 302 1422 332 b-

1378 353 1457 383 Ibid.
1474 365 1503 394 p.
1518 355 1555 384 26
1565 364 1588 383 ι.

1252 408 1300 438 12.
1319 408 1370 439 Ad
1387 408 1548 447 Quirinum
1565 408 1633 439 libri
1651 412 1723 439 tres.
1747 409 1797 439 fol.
1813 410 1850 451 83
1868 409 1899 440 b.

1378 459 1459 490 Ibid.
1475 471 1505 500 p.
1522 468 1592 498 274.

1380 509 1415 539 In
1432 509 1524 546 calce,
1540 513 1558 526 ⁴⁴
1571 509 1674 540 Cecilii
1688 509 1827 551 Cipriani
1839 511 1879 541 ad
1892 511 2053 550 Quirinum
2065 512 2131 543 bre-

1356 560 1487 590 viarium
1503 571 1572 591 cum
1588 561 1742 602 excerptis
1762 561 1966 602 capitulorum
1980 562 2057 593 liber
2071 567 2132 594 ter-

1355 612 1417 642 tius
1433 612 1590 653 explicit.”

1251 667 1300 697 13.
1318 666 1468 708 Epistolae
1485 666 1694 707 quadraginta
1715 670 1833 707 septem
1848 667 1888 698 ad
1909 667 2054 699 diversos.
2079 669 2130 700 fol.

1338 727 1404 747 170.

1378 769 1440 799 Tit.
1456 769 1475 799 i.
1494 773 1512 785 ‘²
1526 769 1639 810 Incipit
1663 769 1795 811 epistola
1810 770 1850 800 ad
1866 769 2011 801 Cecilium
2028 771 2066 801 de
2084 782 2130 803 sa-

1355 824 1514 851 cramento
1532 820 1685 851 Dominici
1702 821 1836 852 calicis.”

1377 871 1414 901 In
1437 871 1541 901 codice
1563 876 1670 902 nostro
1694 872 1824 902 cundem
1841 876 1966 903 servant
1982 873 2130 910 ordinem,

1356 934 1391 953 ac
1418 923 1448 952 in
1471 923 1538 952 cod.
1564 922 1711 954 Laurcnt.
1738 923 1822 954 Plut.
1839 924 1898 954 xvi.
1923 925 1991 954 cod.
2015 925 2087 956 xxii.
2112 936 2131 956 a

1356 974 1510 1005 Bandinio
1537 974 1567 1004 in
1594 974 1726 1016 catalogi
1759 979 1833 1005 tom.
1859 975 1876 1006 i.
1908 976 1964 1007 col.
1993 977 2052 1007 268
2079 977 2130 1008 de—

1355 1026 1480 1067 scripto.

1377 1078 1414 1108 In
1444 1077 1519 1108 edit.
1546 1077 1599 1108 cit.
1631 1077 1676 1107 ita
1706 1081 1917 1114 numerantur,
1945 1077 2018 1108 lxiii.
2046 1079 2128 1109 xxxi.

1355 1128 1449 1158 lxxxi.
1466 1128 1505 1158 vi.
1524 1139 1592 1158 xxv.
1610 1139 1658 1158 xv.
1683 1139 1711 1168 p.
1729 1137 1801 1168 343,
1827 1128 1921 1167 (inter
1936 1127 2129 1170 Tractatus‚)

1355 1180 1416 1211 viii.
1434 1180 1481 1210 vii.
1499 1180 1548 1210 lvi.
1565 1179 1636 1209 xliv.
1662 1179 1774 1209 xxxvii.
1797 1179 1900 1210 lxxvii.
1922 1179 2009 1210 lxxx.
2032 1179 2128 1211 lxxix.

1357 1231 1473 1262 lxxviii.
1487 1230 1580 1261 xxxii.
1598 1231 1659 1261 xiv.
1672 1230 1710 1260 lv.
1725 1230 1798 1260 xlix.
1815 1230 1887 1260 xliii.
1902 1230 1966 1261 xlii.
1981 1230 2034 1261 xli.
2048 1231 2128 1262 xlvii.

1355 1282 1415 1313 lvii.
1440 1283 1488 1312 liv.
1516 1282 1555 1312 lii.
1582 1281 1690 1311 xxxiii.
1717 1280 1822 1311 xxxiv.
1850 1292 1945 1312 xxxv.
1971 1281 2065 1311 lxviii.
2089 1281 2127 1312 xl.

1355 1334 1426 1364 lxiv.
1443 1334 1539 1364 lxxiii.
1555 1333 1629 1363 lxxi.
1648 1332 1712 1363 lxx.
1733 1332 1889 1372 [proxima
1904 1332 1935 1362 in
1956 1332 2060 1364 codice
2082 1337 2130 1364 est

1355 1386 1579 1426 Episcoporum
1611 1384 1773 1414 Sententia
1799 1384 1837 1414 de
1861 1384 2049 1425 baptismate
2070 1385 2130 1415 hae-

1354 1437 1532 1473 reticomm,
1560 1449 1588 1478 p.
1610 1436 1698 1477 329]
1725 1435 1811 1465 lxxii.
1834 1435 1928 1466 lxxiv.
1958 1436 2053 1466 lxxvi.
2076 1435 2128 1466 lix.

1353 1489 1405 1519 lxi.
1421 1488 1495 1519 lxvi.
1512 1488 1583 1518 lviii.
1596 1487 1625 1517 li.
1643 1487 1718 1517 lxix.
1734 1487 1798 1517 lxii.

1248 1546 1296 1575 14.
1313 1544 1363 1575 De
1379 1555 1415 1574 eo
1431 1543 1512 1585 quod
1529 1543 1621 1584 ydola
1639 1542 1690 1572 Dii
1706 1553 1767 1572 non
1783 1546 1863 1572 sunt.
1890 1541 1940 1572 fol.
1956 1542 2024 1572 218.

1368 1593 1455 1623 Ibid.

1245 1647 1293 1676 15.
1312 1645 1470 1675 Adversus
1485 1643 1624 1674 Judaeos.
1649 1643 1699 1673 sol.
1714 1652 1752 1674 22
1762 1653 1787 1672 1.

1372 1696 1452 1726 Ibid.
1470 1695 1500 1725 in
1517 1694 1600 1735 App.
1617 1705 1646 1734 p.
1665 1693 1754 1724 ccxli.

1245 1747 1293 1779 16.
1311 1746 1453 1788 Epistola
1468 1746 1508 1776 ad
1526 1745 1745 1776 Fortunatum.
1770 1744 1819 1775 fol.
1838 1754 1897 1784 224
1912 1744 1942 1775 b.

1371 1798 1451 1828 Ibid.
1469 1808 1515 1837 cp.
1534 1796 1585 1827 liii.

1244 1851 1292 1880 17.
1310 1850 1361 1880 Ad
1378 1848 1599 1889 Rogatianum.
1623 1846 1675 1877 fol.
1693 1856 1763 1887 225.

1371 1899 1450 1929 Ibid.
1468 1910 1515 1939 ep.
1533 1898 1593 1928 lxv.

1245 1954 1294 1983 18.
1310 1951 1430 1982 Oratio.
1454 1950 1505 1980 fol.
1521 1951 1581 1981 226
1598 1949 1627 1979 b.

1373 2003 1451 2033 Ibid.
1469 2002 1500 2032 in
1515 2002 1597 2042 App.
1615 2012 1645 2042 p.
1662 1999 1771 2030 xxxiii.

1244 2057 1293 2089 19.
1310 2054 1416 2086 Coena.
1440 2053 1491 2083 fol.
1504 2053 1575 2084 228.

1372 2105 1452 2135 Ibid.
1469 2116 1498 2145 p.
1515 2103 1677 2134 cclxxxvii.

1372 2156 1411 2186 In
1432 2156 1534 2187 fronte
1555 2154 1668 2185 codicis
1693 2157 1837 2184 notatum
1863 2157 1920 2190 est,
1946 2157 1963 2170 “
1981 2152 2126 2195 Vespasi-

1350 2220 1427 2239 anus
1450 2207 1594 2238 librarius
1614 2205 1816 2237 Florentinus
1833 2206 1914 2236 hunc
1930 2205 2041 2236 librum
2057 2205 2126 2237 Flo-

1350 2259 1449 2290 rentie
1465 2258 1735 2289 transcribendum
1751 2256 1904 2288 curavit.”

1594 2371 1771 2406 XLVIII.

1244 2445 1364 2479 Codex
1383 2444 1676 2482 membranaceus,
1694 2443 1729 2476 in
1749 2445 1820 2481 4to,
1839 2441 1872 2474 ff.
1888 2443 1968 2481 117,
1987 2452 2054 2475 sec.
2068 2452 2123 2475 Χν.

1268 2504 1440 2542 ineuntis3
1466 2502 1555 2535 binis
1573 2501 1742 2535 columnis
1765 2504 1945 2538 exaratum
1972 2511 2016 2533 ex
2034 2499 2124 2532 dono

1269 2561 1345 2594 Ric.
1363 2561 1390 2593 F
1394 2560 1580 2605 lemmyng‚
1600 2559 1803 2593 fundatoris,

1287 2621 1493 2661 Horologium
1516 2620 1626 2651 divinae
1652 2620 1829 2661 Sapientiae,
1846 2622 1984 2655 auctore,
2006 2622 2041 2649 ut
2061 2629 2124 2648 cre-

1308 2672 1401 2710 ditur,
1419 2672 1556 2702 Henrico
1572 2670 1818 2707 Constantiensi‚
1832 2681 1902 2700 cum
1917 2669 2053 2711 prologo.

1350 2723 1412 2754 Tit.
1431 2728 1448 2739 ²⁴
1461 2722 1575 2764 Incipit
1594 2723 1750 2764 prologus,
1767 2722 1798 2752 in
1820 2721 1931 2751 librum
1947 2720 1998 2761 qui
2014 2719 2121 2751 intitu—

1328 2774 1410 2805 latur
1427 2773 1634 2814 Horologium
1650 2773 1751 2804 divine
1767 2771 1955 2813 Sapiencic.”
