2254 3117
658 144 895 180 COLLEGII
924 144 1242 179 REGINENSIS.
1808 146 1852 180 47

412 245 562 280 CCXII.

44 320 163 354 Codex
195 318 406 357 chartaceus,
437 318 471 350 in
500 319 572 355 4to,
600 315 634 348 ff.
653 317 711 354 87,
738 325 803 347 sec.
822 313 924 352 xvii.;

70 376 154 409 liber
183 380 190 393 ⁴
208 375 293 408 Tho.
321 373 467 413 Bai-low,
497 385 516 406 e
545 372 621 406 coll.
650 372 735 416 Reg.
765 382 808 404 ex
835 371 924 403 dono

69 434 169 467 amici
188 431 400 477 integerrimi
415 430 495 464 Joh.
509 430 716 475 Houghton,
729 428 793 462 SS.
805 428 924 462 Theol.

70 490 289 525 Baccalaurei
308 501 326 522 e
345 489 423 523 coll.
438 488 716 522 ,Eneo-Naseusi
740 499 793 520 an.
812 486 925 521 1661.Ἴ

88 557 116 586 1.
134 555 232 596 Leges
248 554 323 584 Inae.
349 553 400 583 fol.
420 563 447 584 2.

87 608 116 637 2.
134 606 231 647 Leges
247 604 389 640 Aluredi‚
405 614 474 634 cum
490 603 682 644 praefatione.
706 602 756 631 sol.
776 611 820 631 11.

88 660 117 689 3.
135 658 234 698 Leges
251 655 415 687 Eadwardi
433 655 577 685 Senioris.
601 654 652 684 fol.
671 663 709 692 24
725 654 754 684 b.

89 710 116 738 4.
135 707 232 748 Leges
250 704 415 736 Eadwardi
432 709 463 735 et
480 704 640 735 Guthrini.
663 703 714 734 fol.
737 712 784 743 27.

88 761 116 789 5.
134 758 233 799 Leges
249 756 458 787 Aethelstani.
482 755 533 786 fol.
550 765 587 796 29
601 755 630 786 b.

89 810 117 840 6.
135 809 232 850 Leges
249 807 437 838 Eadmundi.
461 807 512 836 fol.
526 816 578 847 37.

90 863 118 893 7.
136 860 235 901 Leges
251 859 397 900 Eadgari.
421 858 474 888 fol.
487 868 536 898 39.

90 914 118 942 8.
136 911 234 952 Leges
251 909 433 941 Aethelredi
450 909 495 940 II.
518 909 569 940 fol.
581 919 633 949 41.

91 965 119 996 9.
138 962 235 1004 Leges
251 961 374 992 Canuti.
399 961 450 991 fol.
462 962 513 999 46.

71 1016 120 1046 10.
137 1014 235 1055 Leges
251 1012 395 1044 Guliehni
413 1012 436 1042 I.
454 1012 613 1049 Bastardi,
631 1022 707 1052 quas
724 1011 926 1042 confirmavit.

153 1065 204 1095 fol.
220 1066 269 1105 63.

72 1117 120 1147 11.
137 1117 253 1147 Rerum
269 1114 515 1146 memorabilium
530 1114 634 1151 index,
652 1114 683 1144 in
700 1125 760 1155 quo
777 1114 861 1155 prior
876 1125 929 1144 nu-

154 1178 256 1198 merus
271 1166 388 1204 folium,
405 1165 558 1207 posterior
576 1165 744 1206 capitulum
765 1169 929 1196 monstrat.

155 1219 204 1249 sol.
219 1220 236 1248 ὃ
239 1227 258 1259 5
272 1218 301 1249 b.

404 1313 575 1348 CCXIII.

53 1382 351 1421 Membmnaeeus,
365 1381 401 1414 in
416 1383 487 1421 4to,
500 1379 533 1414 ff.
543 1383 600 1420 50,
615 1391 705 1414 anno
718 1382 813 1418 1449
828 1392 933 1414 manu

78 1440 113 1474 Ν
116 1440 214 1474 icolai
233 1439 366 1473 ‘Warde
385 1443 555 1472 exaratus.

96 1506 123 1536 1.
140 1504 218 1535 Vita
233 1503 443 1546 prothoplasti
459 1503 549 1533 Adae.
572 1503 623 1533 sol.
639 1514 665 1533 1.

199 1555 294 1596 Incip.
313 1559 331 1572 “
344 1555 422 1586 Cum
445 1555 563 1596 expulsi
580 1559 682 1586 essent
698 1555 802 1586 Adam
819 1559 850 1586 et
867 1556 935 1586 Eva

177 1607 215 1638 de
241 1606 378 1648 paradisi
401 1606 517 1637 deliciis
543 1606 682 1637 fecerunt
707 1606 764 1637 sibi
789 1607 934 1637 taberna-

177 1658 275 1689 cula.”

199 1710 244 1741 Cf.
263 1709 334 1740 MS.
351 1709 458 1740 Douce
474 1709 548 1740 ccvi.
565 1709 615 1740 fol.
628 1719 678 1747 42.

97 1768 125 1796 2.
143 1766 190 1797 De
205 1766 293 1806 signo
309 1765 340 1796 S.
354 1764 473 1796 Crucis.
498 1765 549 1796 fol.
564 1766 591 1796 8.

200 1817 297 1858 Ineip.
312 1822 330 1834 ‘⁶
344 1817 421 1847 Post
437 1821 599 1858 peceatum
613 1817 692 1853 Ade,
707 1817 835 1858 expulso
849 1828 885 1847 eo
898 1818 936 1847 de

178 1868 322 1909 paradiso
337 1873 466 1909 propter
481 1869 673 1909 peceatum.”

201 1923 246 1954 Cf.
263 1923 335 1954 MS.
352 1923 460 1954 Douce
476 1923 613 1954 lxxxviii.
630 1924 680 1954 fol.
695 1934 745 1965 30.

203 1978 239 2008 In
255 1979 337 2009 calce
352 1979 498 2020 leguntur
513 1990 627 2016 versus,

58 2034 75 2046 ⁴⁴
88 2030 148 2060 An.
165 2029 223 2060 Do.
241 2030 364 2061 milleno
380 2041 405 2060 c.
423 2034 542 2071 quater,
558 2034 608 2061 ter
622 2030 773 2067 duodeno,

88 2080 142 2111 Bis
159 2091 231 2111 seno
247 2081 355 2122 primo,
373 2081 430 2112 fuit
447 2081 505 2112 hoe
521 2081 671 2122 seriptum
687 2081 906 2115 memorando;

89 2131 207 2162 Nomen
231 2132 390 2173 scriptoris
408 2131 548 2168 factoris,
563 2132 615 2172 qui
631 2132 730 2162 fertur
746 2131 867 2161 IVarde
884 2131 936 2161 Ni-

183 2182 317 2220 cholaus,

91 2233 152 2263 Pro
168 2244 228 2275 quo
243 2234 357 2264 letetur
372 2239 404 2265 et
420 2245 541 2275 semper
555 2234 774 2274 glorificetur.”

99 2289 128 2319 3.
145 2289 380 2320 Testamentum
401 2290 504 2320 Jacob
528 2290 559 2320 in
583 2288 709 2326 Genesi,
726 2300 795 2319 eum
819 2289 937 2330 exposi-

163 2340 246 2371 tione
264 2352 319 2382 per
334 2341 508 2372 Robertum
525 2341 680 2371 Grostete.
704 2340 754 2370 fol.
772 2350 807 2381 13
821 2340 851 2370 b.

205 2395 268 2426 Tit.
290 2407 395 2436 expos.
417 2400 436 2413 “
454 2395 567 2436 Incipit
592 2395 745 2435 expositio
770 2399 937 2425 testamen-

185 2450 286 2477 torum
327 2447 488 2478 duodecim
523 2447 772 2487 patriarcharum
805 2445 938 2476 filiorum

185 2496 207 2527 J
209 2497 315 2528 acob.”

207 2548 304 2589 Incip.
329 2553 347 2565 “
363 2549 599 2580 Testamentum
625 2549 735 2578 Ruben
751 2549 788 2578 de
812 2549 859 2579 his
881 2560 939 2590 que

186 2599 218 2629 in
245 2604 348 2631 mente
374 2600 520 2631 habebat.
581 2600 814 2640 Transcriptum
844 2604 939 2631 testa-

187 2650 283 2681 menti
294 2651 321 2685 3³³
344 2651 397 2693 [cf.
415 2652 539 2682 Fabrie.
558 2651 634 2682 Cod.
647 2650 762 2691 Apocr.
776 2650 794 2680 i.
810 2651 938 2693 p-519·]

209 2702 315 2732 Desin.
333 2706 351 2720 “
364 2703 466 2733 exitus
482 2713 587 2733 eorum
604 2702 642 2732 de
658 2706 743 2732 terra
760 2701 896 2742 Egipti.”

210 2752 249 2783 In
263 2753 354 2790 calce,
371 2765 476 2785 versus
492 2758 634 2795 quatuor,
652 2757 686 2783 ut
702 2763 804 2794 supra.

1331 243 1499 278 CCXIV.

979 304 1097 338 Codex
1116 306 1325 343 chartaceus,
1338 306 1370 338 iu
1391 308 1462 345 4to,
1478 305 1510 339 ff.
1526 307 1605 342 130,
1625 317 1689 338 sec.
1710 304 1790 337 xvii.

1021 365 1255 396 Testamentum
1277 366 1438 396 duodecim
1463 365 1718 407 patriarcharum.
1738 366 1857 397 Gneo„-

1043 427 1111 445 eum
1135 417 1272 447 versione
1300 417 1412 447 Latina
1436 428 1491 458 per
1512 416 1683 446 Robertum
1700 416 1857 450 Grostctc,

1044 476 1090 505 ep.
1111 465 1359 495 Lincoluienscm.

1086 516 1148 546 Tit.
1173 518 1201 546 αἱ
1221 519 1350 554 διαθῆκαι
1371 520 1427 546 τῶν
1453 517 1492 554 ιβ’
1509 519 1695 556 πατριαρχῶι)
1718 519 1775 546 τῶν
1790 517 1858 546 υἱῶν

1065 567 1171 604 Ἰακὼβ
1187 567 1258 605 πρὸς
1273 568 1337 599 τοὺς
1352 568 1428 599 υἱοὺς
1445 569 1545 598 αὐτῶν,

1088 617 1184 658 Ineip.
1201 619 1381 656 ἀντίγραφον
1397 618 1529 656 διαθήκης
1544 618 1670 656 Ῥουβὴν
1686 619 1743 648 ὅσα
1756 619 1860 648 ἐνετεί-

1067 672 1140 698 λατο
1157 672 1216 700 τοῖς
1231 669 1302 700 υἱοῖς
1319 669 1412 698 αὐτοῦ.

1089 719 1134 750 Cf.
1149 719 1281 749 Fabricii
1293 719 1366 749 Cod.
1380 719 1558 760 Apocryph.
1573 720 1711 750 Testam.
1728 719 1861 750 Veteris.

1089 768 1151 798 Tit..
1168 779 1245 798 vers.
1269 768 1338 799 Lat.
1354 773 1371 785 ⁴⁴
1383 769 1616 800 Testamentum
1638 770 1798 800 duodecim
1811 781 1864 810 pa-

1067 819 1275 850 triarcharum
1305 819 1437 850 filiorum
1463 820 1572 857 Jacob,
1600 831 1655 860 per
1680 821 1863 856 Robertum,

1069 870 1313 901 Lincolniensem
1340 871 1528 912 episcopum,
1549 883 1565 902 e
1589 872 1698 902 Graeco
1722 872 1753 902 in
1782 872 1863 902 Lati-

1068 932 1140 951 num
1156 923 1309 951 versum.”

1091 972 1189 1013 Incip.
1219 977 1237 988 ⁴²
1254 972 1491 1002 Testamentum
1518 972 1639 1009 Ruben,
1665 973 1703 1003 de
1728 973 1775 1003 his
1799 984 1865 1013 quae

1068 1023 1236 1054 moriturus
1258 1023 1289 1053 in
1309 1027 1424 1061 mente,
1442 1023 1561 1063 Spiritu
1582 1024 1789 1065 praegnostieo
1805 1024 1867 1054 dic-

1071 1078 1170 1111 tante,
1186 1074 1334 1105 habuit.''

1090 1125 1128 1156 In
1151 1125 1243 1163 calce,
1261 1130 1280 1143 ‘⁴
1299 1125 1388 1156 Finis
1404 1128 1663 1156 testamentorum
1685 1135 1719 1157 12
1737 1125 1868 1155 filiorum

1070 1177 1170 1208 Jacob
1183 1177 1212 1211 ;”
1245 1180 1277 1207 et
1301 1177 1332 1206 in
1361 1175 1512 1217 margine,
1539 1176 1571 1206 in
1593 1175 1696 1206 codiee
1717 1176 1778 1206 lxii.
1806 1176 1869 1206 haec

1070 1228 1110 1259 ad
1132 1228 1225 1258 finem
1247 1231 1320 1258 sunt
1342 1228 1509 1268 adscripta,
1536 1232 1553 1244 ‘⁶
1571 1227 1749 1268 Explieiunt
1775 1232 1870 1258 testa-

1071 1283 1177 1310 menta
1200 1279 1253 1320 xij.
1276 1279 1526 1320 patriarcharum
1548 1278 1716 1308 secundum
1740 1278 1869 1309 transla—

1073 1330 1193 1362 tionem
1218 1330 1336 1361 domini
1358 1330 1489 1361 Roberti
1511 1330 1717 1365 Grosseteste.
1736 1329 1870 1360 Lincoln.

1073 1381 1240 1423 episcopi.''

1096 1434 1275 1476 Sequuntur
1292 1438 1312 1451 “
1326 1434 1451 1475 Scripta
1466 1434 1497 1464 in
1513 1434 1570 1464 hoc
1587 1444 1679 1474 opere
1694 1433 1850 1464 laudata.”

990 1568 1212 1609 Chartaceus,
1232 1570 1266 1603 in
1286 1572 1358 1609 4to,
1377 1568 1409 1602 ff.
1430 1571 1511 1608 101,
1531 1580 1597 1602 sec.
1616 1569 1696 1602 xvii.

1013 1631 1041 1659 1.
1058 1629 1088 1659 A
1105 1629 1175 1661 fifth
1191 1640 1302 1660 reason
1317 1629 1503 1670 concerning
1518 1629 1572 1660 the
1588 1640 1676 1670 gross
1694 1629 1827 1670 idolatry
1844 1629 1878 1659 of

1075 1681 1128 1711 the
1151 1680 1266 1711 church
1289 1680 1323 1710 of
1341 1680 1439 1710 Rome
1460 1680 1491 1710 in
1514 1679 1568 1710 the
1590 1679 1754 1710 adoratien
1770 1679 1804 1709 of
1820 1679 1873 1709 the

1076 1732 1170 1762 Cross
1190 1731 1252 1762 and
1276 1731 1454 1768 Eucharist,
1479 1731 1519 1771 by
1535 1730 1589 1761 the
1609 1730 1757 1760 reverend
1773 1730 1874 1760 father

1076 1783 1107 1813 in
1124 1782 1195 1813 God
1212 1783 1358 1820 Thomas,
1375 1782 1442 1812 lord
1464 1782 1574 1823 bishop
1591 1782 1625 1812 of
1639 1781 1776 1817 Lineoln,
1793 1781 1873 1812 writ-

1076 1838 1130 1864 ten
1146 1834 1177 1863 in
1193 1834 1246 1864 the
1264 1834 1334 1864 Sist
1354 1844 1447 1874 yeare
1468 1833 1502 1863 of
1520 1833 1568 1863 his
1590 1844 1656 1873 age.
1674 1833 1713 1862 A.
1727 1832 1764 1862 D.
1786 1833 1872 1871 1687.

1076 1885 1127 1915 fol.
1146 1895 1175 1926 3.

1119 1936 1165 1966 At
1178 1936 1232 1966 the
1245 1936 1304 1966 end
1318 1936 1342 1966 is
1355 1936 1417 1967 this
1430 1940 1503 1966 note
1515 1936 1555 1976 by
1568 1935 1621 1966 the
1634 1935 1755 1976 bishop,
1769 1940 1786 1951 ‘⁶
1799 1934 1873 1964 This

1076 1996 1094 2027 5
1111 1996 1221 2016 reason
1240 1996 1291 2027 my
1306 1986 1374 2016 lord
1395 1986 1430 2016 of
1447 1986 1537 2017 Cant.
1561 1986 1622 2016 and
1646 1985 1693 2015 his
1714 1984 1873 2026 ehaplaine

1077 2037 1133 2067 Dr.
1145 2037 1287 2078 Batterly
1299 2037 1413 2067 refus’d
1423 2040 1457 2067 to
1469 2037 1582 2067 11001100
1594 2047 1675 2067 anno
1690 2036 1777 2075 1687,
1788 2035 1873 2065 when

1075 2099 1112 2129 ye
1129 2092 1211 2118 reste
1227 2099 1289 2118 was
1305 2088 1461 2119 licene'd.”

1013 2141 1040 2169 2.
1060 2139 1109 2170 Sir
1126 2138 1211 2169 Edw.
1226 2139 1331 2170 Cooke
1347 2139 1444 2170 about
1459 2139 1513 2169 the
1529 2149 1633 2179 power
1645 2137 1679 2167 of
1690 2137 1743 2168 the
1760 2137 1873 2166 chureh

1076 2195 1110 2220 to
1125 2190 1216 2220 make
1233 2201 1360 2226 canons,
1375 2194 1431 2220 etc.
1459 2190 1511 2231 [ef.
1525 2189 1594 2219 MS.
1608 2189 1661 2219 clv.
1675 2188 1740 2229 66.]
1762 2187 1812 2217 sol.
1827 2197 1873 2225 14.

1121 2240 1267 2271 Prefixed
1289 2241 1314 2272 it
1337 2241 1362 2271 is
1384 2241 1489 2277 noted,
1509 2244 1527 2258 ‘⁶
1543 2239 1780 2270 Memorandum
1804 2238 1874 2268 that

1098 2292 1161 2323 this
1178 2292 1249 2323 MS.
1269 2303 1330 2323 was
1346 2293 1386 2333 by
1402 2292 1458 2322 Dr.
1474 2291 1590 2332 Baylie,
1607 2291 1685 2321 dean
1701 2290 1736 2320 of
1749 2289 1872 2325 Sarum,

1099 2344 1176 2383 (sole
1199 2349 1347 2374 executor
1362 2344 1397 2374 of
1408 2343 1480 2374 that
1495 2342 1705 2382 arehbishop,)
1726 2340 1819 2370 found
1844 2340 1875 2369 in

1098 2395 1284 2436 arehbishop
1310 2394 1425 2425 Laud's
1449 2394 1551 2434 study,
1568 2393 1640 2423 with
1665 2392 1727 2422 this
1748 2391 1874 2431 inscrip-

1099 2446 1165 2477 tion
1182 2446 1289 2487 signed
1305 2446 1379 2476 with
1402 2456 1453 2486 my
1469 2445 1562 2475 lord's
1585 2454 1669 2474 owne
1690 2443 1784 2479 hand,
1802 2448 1808 2458 ‘
1826 2442 1875 2472 Sir

1100 2497 1186 2527 Edw.
1205 2497 1332 2533 Cooke,'
1349 2500 1408 2527 etc.
1427 2505 1464 2536 25
1488 2495 1529 2525 H.
1548 2496 1574 2524 8.
1593 2505 1658 2535 cap.
1681 2504 1716 2531 10
1734 2493 1873 2523 William

1101 2548 1217 2579 Laud.”

1122 2599 1195 2629 Vid.
1212 2599 1268 2629 Dr.
1289 2599 1384 2629 Peter
1396 2596 1528 2638 Heylins
1544 2595 1643 2625 booke
1660 2595 1775 2626 intitl'd
1792 2595 1875 2632 thus,

1102 2654 1121 2669 *ί
1139 2651 1348 2681 Parliaments
1373 2658 1474 2690 power
1498 2647 1530 2676 in
1554 2646 1645 2677 lawes
1669 2646 1716 2676 for
1738 2646 1874 2687 religion,

1101 2706 1158 2732 etc.
1204 2700 1334 2732 Printed
1350 2704 1384 2731 at
1401 2699 1499 2729 Oxon.
1525 2697 1564 2738 by
1582 2697 1662 2728 Hen.
1681 2697 1765 2735 Hau,
1787 2700 1874 2737 1645,

1102 2752 1134 2782 in
1149 2752 1232 2791 4t0.”
