2254 3117
790 151 1023 185 COLLEGII

118 261 183 283 sec.
213 250 292 288 xiv.⁵
329 249 417 283 binis
452 249 620 284 columnis
661 256 842 286 exaratus:
885 251 966 283 olim

119 308 255 340 Rieardi
277 307 488 352 Frawnecys.

136 379 163 409 1.
183 378 329 409 Gratiani
343 378 519 415 Decretum,
531 390 591 410 una
604 390 672 410 cum
685 379 811 420 prologo
823 382 854 409 et
867 389 967 409 emen-

198 430 376 460 dationibus
395 430 614 460 Bartholomaei
630 429 808 460 Brixiensis.

242 484 378 514 Exstant
394 484 532 525 impress.
552 484 649 514 Paris.
667 485 753 517 1612,
770 487 802 514 et
817 483 900 514 alibi.

242 540 280 569 In
291 539 382 573 calce,
391 546 408 556 ⁴*
416 540 550 580 Explicit
560 543 729 580 apparatus
736 539 967 570 Decret01·um.”

241 594 428 634 Sequuntur,

155 656 183 676 a.
203 644 389 675 Pontificum
408 645 542 680 nomina,
559 644 610 684 qui
630 644 715 674 varia
736 644 766 674 in
787 644 880 674 missa
899 655 968 675 con-

219 695 357 725 stituere.
382 695 431 725 fol.
446 704 504 736 295
517 695 546 724 b.

156 751 184 781 b.
204 752 279 789 Qua>
305 750 462 791 pertinent
487 750 527 780 ad
553 760 706 780 summum
733 749 909 790 pontificem
937 754 968 780 et

218 806 340 832 tantum
357 801 396 831 ad
412 801 506 831 illum.
530 800 580 831 fol.
598 809 656 841 295
670 800 700 830 b.

156 872 181 891 c.
199 861 359 899 Quomodo
375 865 579 901 cognoscatur
600 860 709 901 papale
732 860 898 901 scriptum:
925 860 968 890 di-

219 911 348 942 stichon.
374 911 423 941 fol.
440 921 497 952 295
512 911 540 941 b.

262 962 360 1003 Incip.

221 1020 238 1028 “
250 1013 351 1047 Bulla.
363 1013 467 1050 litura,
480 1013 580 1049 stilus,
591 1024 700 1044 manus
712 1013 819 1049 altero,
833 1013 968 1049 mixstio,

281 1065 394 1095 filu1n.”

156 1120 184 1149 d.
203 1119 250 1149 De
264 1119 402 1159 praesulis
415 1119 561 1156 moribus,
574 1120 789 1150 tetrastichon.
806 1119 855 1149 fol.
870 1119 967 1159 2951).

262 1172 276 1201 Ι
282 1171 358 1212 ncip.

220 1228 237 1238 *¹
250 1222 298 1252 Sit
313 1221 414 1263 presul
430 1221 513 1252 nullo
529 1222 581 1263 qui
596 1222 693 1263 possit
709 1222 835 1252 crimine
851 1222 968 1263 tangi.''

135 1288 163 1316 2.
179 1286 312 1317 Summae
328 1286 453 1317 Decreti
469 1286 686 1328 fragmentum.
710 1287 759 1316 fol.
777 1288 844 1325 296.

242 1342 337 1382 Incip.
357 1348 375 1357 “
387 1341 425 1373 In
447 1342 548 1383 prima
565 1346 656 1383 parte
671 1341 775 1384 agitur
790 1342 828 1372 de
843 1342 969 1382 justicia

218 1393 352 1424 naturali
379 1398 411 1424 et
437 1393 568 1434 positiva
592 1396 658 1424 tam
683 1393 853 1424 constituta
877 1404 968 1434 quam

218 1443 455 1474 inconstituta.''

239 1498 352 1529 Deficit
368 1498 399 1528 in
419 1509 495 1529 sum.
513 1509 596 1530 caus.
612 1498 715 1529 xxxvi.
731 1502 813 1539 part.
830 1499 858 1529 ii.
878 1499 969 1529 “suis

217 1549 309 1580 liceat
325 1549 461 1590 copulari
476 1549 607 1581 valeat.”

241 1605 389 1645 Sequitur
404 1604 527 1642 notitia,
544 1610 562 1620 “
575 1604 668 1635 Liber
686 1605 825 1646 magistri
843 1604 967 1635 Rieardi

220 1656 404 1696 Frawnceys
422 1660 454 1686 et
469 1656 554 1696 jacet
572 1666 628 1696 pro
643 1667 670 1686 v.
687 1656 798 1686 mareis
816 1666 885 1686 cum
901 1656 968 1686 aliis

218 1707 304 1737 libris
319 1707 468 1748 magistro
482 1707 504 1737 J
507 1707 621 1737 ohanni
634 1707 800 1747 WVynford,
817 1706 966 1743 videlicet,

218 1758 250 1799 ij.
275 1757 429 1788 volumina
452 1757 630 1788 Hostiensis
652 1757 682 1787 in
705 1757 841 1793 lectura3
874 1757 967 1798 Dige-

218 1815 301 1840 stum
327 1820 458 1845 novum3
489 1808 655 1850 Digestum
681 1809 902 1843 enforciatum;
937 1812 967 1839 et

218 1860 451 1890 memorandum
474 1860 555 1900 quod
578 1859 741 1900 expendidi
765 1870 819 1899 pro
843 1859 965 1889 incista-

218 1911 302 1942 tione
332 1911 468 1941 omnium
498 1911 628 1941 istorum
664 1910 811 1940 librorum
842 1909 968 1940 diversis

218 1962 409 2003 temporibus
424 1962 484 1992 xvi.
494 1962 547 1992 d.''

243 2018 280 2047 In
295 2017 397 2047 fronte
413 2017 526 2047 codicis
542 2021 700 2052 notantur,

157 2079 184 2098 a.
203 2074 220 2083 ‘¹
235 2068 334 2098 Precii
364 2079 391 2099 ν.
418 2068 615 2098 marcharum
645 2078 714 2098 cum
744 2067 884 2097 omnibus
913 2066 966 2097 ad-

220 2118 425 2149 dicionibus.''

159 2178 184 2208 b⁴
203 2178 322 2209 Versus
337 2178 442 2209 decem
458 2177 631 2208 hexametri
647 2182 654 2193 ⁴
664 2188 719 2218 pro
735 2177 843 2207 caseos

263 2229 361 2270 Incip.

223 2286 239 2295 ‘¹
253 2280 358 2321 Ignari
374 2280 483 2310 medici
499 2291 547 2310 me
563 2279 670 2310 dicunt
685 2290 750 2309 esse
767 2277 933 2308 nocivum?

468 2410 596 2444 CCIX.

97 2470 213 2505 Codex
233 2472 443 2511 chartaceus,
458 2472 493 2504 in
511 2471 592 2504 folio
611 2471 740 2514 majori,
755 2469 787 2502 ff.
804 2472 883 2507 281,
903 2480 967 2502 see.

121 2541 185 2568 xv„
204 2530 291 2563 binis
309 2529 477 2563 columnis
495 2529 650 2572 scriptus.

139 2602 436 2633 Commentariorum
451 2601 528 2631 liber
544 2610 635 2640 super
647 2599 813 2629 Decretum
826 2599 969 2629 Gratiani

160 2664 176 2682 e
213 2653 322 2694 glossis
356 2651 577 2683 Bartholomzei
608 2650 784 2687 Brixiensis,
816 2650 836 2679 J
841 2650 969 2680 ohannis

160 2703 299 2734 monachi
325 2708 357 2734 et
383 2702 535 2733 ,Iohannis
561 2701 598 2731 de
630 2701 772 2731 Fantinis
802 2702 971 2733 consectus,
997 2742 998 2751 ἵ

160 2766 227 2784 cum
243 2754 388 2795 prologo;
413 2753 501 2784 initio
518 2751 655 2782 mutilus.

1056 153 1193 188 Novi.
1845 160 1890 194 79

1125 251 1227 282 Desin.
1252 252 1326 293 prol.
1351 252 1468 293 “pejus
1497 256 1543 283 est
1574 252 1657 283 (licta
1681 252 1808 283 aliorum
1836 253 1891 283 sibi

1103 303 1260 333 attribuis*

1127 354 1224 393 Incip.
1252 358 1415 384 comment.
1445 360 1461 368 ⁴*
1476 354 1653 384 Humanum
1681 364 1796 394 genus;
1830 354 1891 384 Hic

1105 403 1210 444 incipit
1232 404 1331 445 prima
1352 405 1518 441 distinctio,
1543 416 1601 445 que
1621 404 1768 435 dividitur
1787 416 1890 435 secun-

1106 455 1177 484 dum
1194 455 1347 486 -Joanncm
1365 456 1394 485 in
1411 456 1487 486 (luas
1504 456 1635 496 partcS.'“

1126 505 1229 535 Desin.
1243 506 1272 535 in
1285 517 1350 546 cap.
1363 506 1445 536 xxix.
1462 506 1605 536 Distinet.
1620 506 1657 535 iii.
1672 506 1769 547 partis
1782 506 1891 538 tertia:

1105 554 1134 584 in
1152 556 1261 591 verbis,
1280 562 1297 571 “
1310 557 1357 586 dic
1375 557 1455 596 quod
1472 568 1507 587 ea
1524 557 1704 597 derogatum
1721 564 1767 588 est
1783 568 1845 598 per.
1863 557 1892 587 h.

1105 617 1129 635 c.
1148 611 1179 636 et
1195 617 1250 647 per
1264 607 1436 647 generalem
1453 607 1732 638 consuctudinemf'

1406 714 1513 747 CCX.

1022 773 1140 807 Codex
1160 775 1449 814 membranaceus,
1464 777 1497 808 in
1516 776 1597 809 folio
1616 778 1745 821 majori.
1767 777 1797 810 ff.
1814 780 1892 810 254.

1046 841 1111 863 sec.
1126 832 1208 870 xiv.⁵
1228 832 1315 865 binis
1334 832 1500 865 columnis
1525 839 1703 872 exa1·atus;
1734 834 1814 866 olim
1834 834 1893 867 Ri-

1046 888 1137 921 cardi
1158 888 1326 933 XVylleys,
1345 890 1494 922 custodis
1519 890 1652 935 collegii
1679 891 1721 923 (le
1741 890 1893 935 Higham

1048 945 1192 978 Fcrrers.

1064 1014 1206 1045 Gratiani
1231 1013 1409 1048 Decretum,
1434 1025 1501 1044 cum
1524 1015 1632 1055 glossis
1658 1015 1738 1045 haud
1766 1016 1894 1047 insolitis

1084 1064 1213 1105 margini
1231 1075 1377 1104 perquam
1394 1064 1534 1104 adjectis,
1547 1065 1660 1105 praevia
1677 1065 1894 1096 Bartholomwi

1086 1116 1254 1146 Brixiensis
1270 1115 1458 1156 praesatione.

1128 1168 1315 1208 Sequuntur,

1064 1230 1091 1249 a.
1109 1218 1308 1248 Tractatulus
1344 1218 1382 1248 de
1414 1218 1524 1248 arbore
1562 1219 1836 1259 consanguinitatis
1866 1228 1894 1249 et

1126 1269 1296 1299 affinitatis.

1170 1319 1266 1360 Incip.
1286 1319 1394 1358 “Quia
1409 1324 1546 1350 tractare
1566 1319 1752 1350 intendimus
1771 1320 1807 1349 de
1829 1331 1897 1349 eou-

1150 1371 1358 1412 sanguinitatc
1374 1375 1403 1401 et
1421 1371 1486 1411 ejus
1499 1371 1677 1412 g1·a(libus.⁷'

1065 1427 1092 1457 b.
1110 1426 1248 1462 Ricardi,
1264 1426 1396 1467 episcopi
1415 1427 1547 1461 Sarum„
1565 1425 1677 1456 litterae
1693 1426 1732 1455 ad
1749 1426 1897 1456 instruen-

1128 1479 1199 1508 dum
1231 1477 1373 1508 clericum
1400 1477 1431 1507 in
1461 1477 1629 1506 minoribus
1657 1477 1839 1507 existentem
1868 1482 1896 1507 ‘²1'

1128 1529 1207 1559 infra
1219 1528 1386 1569 legitimam
1399 1534 1537 1564 aetatem,
1549 1534 1580 1558 et
1595 1529 1632 1558 sle
1648 1528 1787 1559 custodia
1805 1529 1897 1569 ipsius

1128 1580 1228 1610 cleriei
1243 1591 1279 1610 ac
1295 1579 1448 1616 ecelesiae3
1473 1590 1561 1609 manu
1578 1579 1684 1609 altera.

1170 1632 1221 1661 Ad
1244 1631 1293 1661 fol.
1310 1641 1325 1661 2
1339 1631 1367 1661 b.
1388 1636 1529 1661 notatum
1554 1636 1611 1666 est,
1631 1636 1647 1645 ‘⁴
1665 1631 1764 1660 Istum
1789 1630 1897 1659 librum

1148 1682 1275 1712 donarit
1287 1681 1413 1722 collegio
1426 1681 1469 1711 M.
1479 1681 1629 1711 Ricardus
1637 1680 1787 1721 lVylleys7
1797 1686 1899 1710 eustos

1149 1732 1265 1772 collegii
1296 1732 1409 1772 hyham
1437 1732 1528 1772 ferys,
1555 1742 1653 1770 nuper
1682 1732 1780 1761 socius
1810 1731 1899 1770 hujus

1148 1783 1276 1824 collegii,
1303 1783 1361 1813 hac
1391 1783 1467 1824 lege,
1492 1789 1527 1813 ut
1555 1783 1704 1823 recipiens
1732 1783 1813 1812 illum
1846 1793 1900 1822 per

1149 1835 1344 1865 indenturam
1367 1834 1496 1864 eundem
1518 1833 1641 1863 tradere
1658 1836 1802 1863 teneatur
1818 1843 1898 1861 reee-

1149 1885 1233 1915 denti
1264 1896 1281 1915 a
1309 1884 1436 1925 collegio
1467 1890 1594 1925 propter
1624 1888 1740 1913 metmn
1771 1883 1898 1923 alicujus

1149 1936 1326 1976 contagiose
1352 1935 1542 1965 infirmitatis
1565 1939 1595 1964 et
1624 1933 1760 1964 studenti
1790 1933 1819 1962 in
1847 1944 1898 1973 pa—

1149 1985 1220 2021 tria,
1238 1985 1289 2026 qui
1311 1985 1440 2015 eundem
1462 1995 1529 2014 cum
1551 1988 1725 2014 revertatur
1740 1983 1777 2012 de
1798 1982 1897 2022 patria

1149 2036 1280 2066 fideliter
1304 2036 1449 2067 restituet
1473 2033 1690 2076 preoccupanti
1715 2044 1769 2073 per
1795 2032 1897 2062 inden-

1147 2087 1278 2118 turam.”

1026 2227 1325 2265 Membranaeeus,
1343 2226 1376 2258 in
1397 2224 1489 2263 folio,
1509 2223 1541 2256 ff.
1558 2221 1614 2261 66,
1633 2233 1699 2254 see.
1715 2231 1769 2253 xv.

1067 2295 1166 2324 Index
1183 2294 1244 2323 sive
1260 2291 1475 2333 Repertorium
1493 2290 1591 2329 legum
1611 2292 1641 2317 ct
1663 2285 1894 2316 auctoritatum.

1086 2343 1238 2385 praecipue
1256 2341 1428 2372 Innocentii
1452 2350 1538 2380 papae
1558 2338 1610 2368 lv.
1635 2342 1663 2366 et
1689 2336 1724 2366 Γ.
1742 2335 1831 2365 Baldi
1857 2336 1894 2365 de

1088 2394 1230 2429 Isbaldis,
1261 2392 1412 2428 Perusini,
1444 2391 1474 2420 in
1513 2387 1748 2421 Dec1·etalibus;
1789 2386 1894 2416 ordine

1085 2445 1289 2486 alphabetico.

1130 2496 1225 2536 Incip.
1241 2494 1392 2528 ‘'Abbas;
1414 2491 1522 2520 Abbas
1538 2494 1641 2528 potest
1656 2487 1817 2517 licenciare
1834 2498 1896 2516 mo-

1107 2546 1235 2575 nachum
1252 2550 1286 2574 ut
1303 2549 1439 2574 transeat
1457 2540 1496 2570 ad
1512 2539 1611 2569 areius
1627 2537 1873 2567 monasti-liuius*

1129 2597 1233 2626 Desin.
1250 2602 1267 2610 ¹‘
1281 2595 1422 2635 Ypoteca
1436 2605 1442 2628 ;
1461 2591 1528 2621 vide
1541 2601 1632 2630 snpra
1646 2590 1674 2619 in
1690 2589 1780 2619 verbo
1794 2588 1895 2618 Testis

1106 2654 1138 2677 ut
1157 2647 1186 2676 in
1203 2657 1248 2676 xe.
1266 2657 1295 2686 q.
1313 2654 1407 2685 prope
1423 2643 1532 2675 fincm;
1554 2640 1632 2670 ctc.”

1130 2699 1166 2728 In
1184 2697 1273 2727 calce.
1289 2703 1305 2711 “
1319 2694 1454 2734 Explicit*
1468 2691 1684 2732 lleportorium
1700 2690 1788 2720 Balili
1805 2700 1895 2730 super

1108 2745 1352 2778 Innocencium.”
