2254 3117
628 163 868 199 COLLEGII
898 162 1271 199 MERTONENSIS.
1818 170 1863 203 99

143 262 206 293 Tit.
225 262 337 304 (Ῥω-ῖς,
355 263 503 303 “Incipit
524 262 602 293 liber
625 262 742 303 primus
766 261 924 303 exccpcio-

120 325 194 344 num
219 314 419 345 collectarum
444 314 482 344 de
506 313 635 344 diversis
658 313 814 354 opusculis
838 313 922 343 beati
954 319 955 322 ’

121 363 285 401 Bcrnardi,
302 364 415 405 egregii
432 364 557 394 abbatis
573 363 837 395 Clarevallensis.”

144 423 242 464 Incip.
261 433 277 439 ··
291 423 367 462 Quis
390 428 437 454 est
454 423 548 459 Deus,
565 423 617 464 qui
634 427 690 460 est,
709 423 821 453 merito
838 422 921 463 quid,

120 474 162 504 nil
180 474 410 515 competencius
427 473 617 504 eter11itati.”

141 533 257 564 Deficit
273 533 304 563 in
320 533 371 563 lib.
386 544 414 562 x.
432 543 500 573 cap.
514 537 522 550 ⁴
536 532 585 562 De
602 532 730 562 diversis
747 531 922 562 nominibus

121 584 269 620 Doinini,’
295 584 326 614 in
350 584 461 620 verbis,
486 592 503 600 ⁸·
516 583 623 614 oculus
653 583 683 613 in
714 583 922 614 amaritudine

119 637 313 672 morabatur,
331 636 385 666 sed
403 635 514 665 nunes*

142 694 354 725 Praemittitur
374 694 497 730 notitia,
516 700 533 711 ⁴⁴
549 695 650 725 Istum
667 694 780 724 librum
796 705 921 735 repara-

119 751 231 777 verunt
248 746 397 788 magister
414 746 502 776 Will.
521 746 688 787 Emyldon,
709 747 752 776 M.
768 747 922 777 Ricardus

121 798 313 839 Langstone,
342 797 388 827 M.
414 797 551 828 Thomas
582 797 747 833 Bloxham.
776 798 823 828 M.
853 797 920 828 Rie.

118 849 308 891 Scarbuigli,
328 849 374 880 M.
387 849 408 879 J
412 849 551 880 ohannes
570 849 711 891 Yongef*

417 923 560 968 XLII?

34 996 153 1030 Codex
172 995 469 1035 membranaceus,
489 996 524 1028 in
540 998 612 1035 ΜΟ,
632 995 665 1028 ff.
683 998 765 1035 172,
784 1007 851 1030 sec.
866 1007 922 1029 xv.

56 1057 83 1086 1.
100 1055 131 1086 S.
150 1055 316 1092 Bernardi,
333 1055 458 1086 abbatis
475 1055 732 1093 Clarzevallensis‚
753 1057 793 1086 ad
820 1056 922 1098 Euge-

117 1106 203 1137 nium
227 1117 341 1148 papam
357 1107 395 1137 de
411 1107 660 1138 consideratione
683 1107 752 1137 libri
778 1107 922 1149 quinque.

118 1158 169 1189 fol.
192 1168 217 1189 ¹.

161 1208 435 1239 Tit.“Berna1·dus
446 1209 486 1239 ad
497 1209 673 1250 Eugenium
683 1208 761 1239 liber
771 1209 922 1250 primus.”

162 1261 279 1291 Exstat
311 1260 450 1302 impress.
483 1261 563 1291 inter
593 1271 698 1302 opera,
726 1261 802 1292 edit.
832 1263 921 1301 1690,

138 1317 213 1344 tom.
227 1312 245 1343 i.
263 1312 319 1344 col.
333 1322 406 1353 407.

161 1364 199 1394 In
216 1364 310 1401 calce,
327 1368 346 1381 “
362 1363 520 1405 Magister
537 1363 737 1395 Hamound.”

56 1434 83 1455 2.
100 1423 264 1467 [Gulielmi
281 1424 420 1461 Alvemi,
441 1425 575 1466 episcopi
589 1425 610 1465 ἒ]
639 1425 832 1461 Parisiensis.
859 1425 921 1456 Ex-

117 1476 231 1516 positio
255 1486 348 1515 super
364 1475 587 1517 Apocalypsin,
605 1476 637 1506 in
658 1476 795 1517 capitula
811 1476 921 1518 viginti

117 1528 178 1558 duo
195 1527 354 1558 distincta.
378 1527 429 1557 fol.
448 1536 499 1566 47.

160 1578 223 1609 Tit.
250 1583 270 1596 “
284 1578 425 1609 Primum
457 1579 644 1610 Parisiensis
673 1591 766 1621 super
795 1581 921 1621 Apoca-

139 1629 274 1671 lypsin.”

161 1681 259 1722 Incip.
274 1685 294 1698 “
307 1681 517 1722 Apocalipsis,
534 1681 564 1712 id
582 1686 640 1719 est,
656 1682 805 1713 revelatio
820 1682 921 1713 Jhesu

140 1732 257 1764 Christi
274 1732 303 1762 in
322 1732 341 1762 J
344 1732 420 1763 hesu
434 1733 553 1764 Christi
570 1733 684 1764 facta-'³

159 1792 350 1833 Sequuntur,

96 1855 124 1875 a.
143 1844 264 1874 Tabula
286 1843 490 1874 materiarum
512 1843 722 1885 alphabetica,
740 1855 809 1874 cum
826 1844 921 1886 expli-

160 1897 282 1927 catione
298 1907 430 1927 annexa.

184 1947 222 1976 In
239 1946 331 1982 calce,

183 2002 202 2015 “
218 1998 305 2028 Laus
320 1998 377 2028 tibi
397 1998 438 2028 sit
454 1998 589 2036 Christe,
607 1999 753 2040 quoniam
774 1999 852 2030 liber
870 2011 921 2031 ex-

160 2049 246 2091 plicit
263 2049 353 2080 iste.''

97 2105 125 2135 b.
142 2105 262 2136 Tabula
277 2104 378 2136 altera
394 2105 602 2146 alphabetiea.

404 2192 546 2226 XLIII.

36 2253 333 2293 Membranacem,
348 2254 382 2287 in
399 2256 460 2287 4to
479 2255 612 2293 minori,
629 2254 662 2287 ff.
678 2257 737 2293 83,
754 2266 821 2289 see.
836 2256 920 2296 xiv.;

59 2311 150 2345 haud
177 2324 246 2346 una
271 2323 376 2346 manu
405 2324 468 2346 nec
498 2312 622 2346 eodem
655 2317 813 2357 tempore
841 2325 922 2347 exa-

60 2376 162 2404 ratus.

78 2432 105 2461 1.
124 2432 212 2462 Petri
228 2431 382 2462 Blesensis
399 2432 436 2462 de
453 2430 592 2462 utilitate
608 2430 821 2462 tribulationis
837 2431 920 2462 libel-

140 2483 197 2513 lus.
221 2483 272 2513 fol.
292 2492 319 2512 2.

185 2534 284 2574 Incip.
303 2538 322 2550 ‘⁶
335 2533 468 2564 Utilitas
491 2532 706 2563 tribulacionis
725 2533 857 2565 hominis
873 2538 921 2566 est

162 2597 199 2616 eo
215 2586 298 2627 quod
313 2584 468 2615 illuminat
484 2585 568 2614 cor.'’

183 2637 228 2668 Cf.
246 2647 352 2677 opera,
369 2636 416 2666 ed.
436 2636 525 2674 1667,
541 2646 571 2676 p.
586 2644 657 2676 553.

77 2698 108 2727 2.
126 2697 157 2727 S.
175 2696 345 2736 Augustini
362 2694 526 2726 tractatuli
544 2695 629 2735 parvi
647 2695 743 2731 varii;
767 2695 893 2730 scilicet,

99 2759 126 2779 a.
144 2748 193 2779 De
207 2759 280 2778 vera
295 2751 327 2778 et
343 2747 421 2777 falsa
437 2745 634 2787 poenitentia.
657 2746 709 2776 fol.
727 2757 756 2787 3.

184 2799 301 2830 Exstat
316 2799 399 2830 inter
414 2809 521 2839 opera,
539 2804 613 2828 tom.
630 2809 655 2828 v.
673 2797 729 2828 col.
749 2799 838 2839 1506.

1043 262 1072 292 b.
1091 263 1138 293 Dc
1154 263 1303 294 oratione.
1329 263 1378 293 fol.
1392 273 1422 301 4.

1129 314 1225 356 Incip.
1238 316 1331 354 “Quo
1348 315 1451 346 studio
1464 320 1495 345 ct
1509 325 1569 355 quo
1582 313 1695 345 affectu
1712 325 1731 345 a
1746 315 1862 345 nobisf

1042 381 1067 400 0.
1085 369 1135 400 De
1165 371 1309 402 conflictu
1337 371 1482 402 vitiorum
1513 375 1544 401 et
1570 371 1729 407 virtutum,
1755 375 1773 387 “
1785 371 1862 401 alias

1106 421 1278 462 Gregorii.”
1302 423 1351 452 fol.
1369 433 1386 462 9
1401 423 1429 453 1).

1129 472 1219 502 Inter
1235 483 1340 513 opera,
1357 476 1430 503 tom.
1445 472 1483 503 vi.
1502 473 1583 513 App.
1601 472 1656 502 col.
1672 482 1743 512 219.

1129 521 1167 551 In
1187 521 1280 558 calce,
1301 528 1318 538 ¹·
1332 523 1468 563 Explicit
1493 523 1568 553 liber
1592 523 1675 554 beati
1694 523 1861 564 Augustini

1106 572 1144 602 de
1161 572 1306 603 conflictu
1322 573 1469 603 viciorum
1486 578 1517 604 et
1534 574 1704 609 vi1·tntum;

1106 624 1166 662 Qui
1180 624 1301 664 scripsit
1314 635 1447 658 carmen.
1460 625 1498 655 sit
1513 625 1709 661 benedictus;
1727 627 1862 656 Amen.'’

1041 678 1070 709 d.
1088 678 1136 708 De
1167 678 1301 719 imagine
1331 683 1363 709 et
1394 679 1592 710 similitudine
1624 680 1653 710 S.
1687 680 1861 711 Trinitatis.

1106 729 1156 760 fol.
1179 739 1213 769 19
1229 730 1256 759 b.

1131 781 1227 822 Incip.
1247 788 1264 797 ⁵·
1279 781 1383 812 Tanta
1404 781 1540 822 dignitas
1559 782 1691 813 humane
1711 784 1863 814 condicio-

1107 832 1154 862 nis
1171 833 1267 869 esses*
1284 837 1318 862 ut
1335 837 1410 862 tom.
1422 833 1461 862 vi.
1478 833 1560 874 App.
1578 844 1649 874 293.

1130 883 1167 913 In
1183 883 1277 920 calce,
1290 888 1306 900 ⁴*
1322 884 1458 924 Explicit
1471 888 1627 915 tractatus
1643 885 1726 916 beati
1740 886 1863 927 Augus-

1107 935 1163 966 tini
1181 935 1219 965 de
1234 935 1379 976 ymagine
1395 940 1426 966 et
1443 935 1643 966 similitudine
1659 936 1854 968 Τι’ἰῐήῒῑιῖίε.Ἡ

1001 996 1030 1025 8.
1048 994 1218 1025 Tractatus
1245 995 1392 1035 Hugonis
1423 995 1461 1025 de
1489 995 1521 1025 S.
1537 995 1662 1026 Victore
1686 996 1724 1026 (19
1754 997 1865 1033 tribuS,

1064 1056 1133 1087 quae
1150 1046 1262 1076 offerre
1278 1046 1371 1077 debet
1388 1046 1480 1076 homo
1497 1046 1645 1077 Trinitati
1662 1047 1741 1084 Deo,
1752 1053 1787 1078 ut
1803 1048 1865 1078 effi-

1065 1097 1166 1128 ciatur
1181 1109 1294 1139 ymago
1311 1097 1486 1128 Trinitatis.
1512 1097 1562 1128 fol.
1583 1108 1621 1128 20
1634 1098 1662 1128 b.

1108 1149 1204 1191 Incip.
1232 1155 1249 1166 ‘⁴
1263 1149 1344 1188 Quid
1375 1149 1546 1180 retribuam
1578 1150 1713 1187 Domini,
1734 1155 1792 1181 etc.
1838 1151 1865 1182 O

1087 1200 1180 1230 homo
1197 1200 1271 1241 quid
1287 1200 1328 1231 sit
1344 1200 1491 1230 bonums'

1001 1261 1027 1290 4.
1045 1259 1076 1290 S.
1093 1259 1264 1300 Augustini
1280 1259 1359 1289 liber
1375 1259 1412 1289 de
1429 1259 1536 1290 decem
1553 1258 1662 1300 plagis.
1688 1259 1738 1289 fol.
1758 1268 1805 1290 22.

1107 1311 1224 1342 Exstat
1248 1311 1331 1342 inter
1358 1322 1463 1353 opera,
1488 1315 1565 1342 tom.
1581 1323 1608 1342 v.
1634 1313 1718 1353 App.
1743 1311 1797 1342 col.
1814 1322 1864 1349 42.

1086 1364 1114 1404 ξ.
1132 1363 1194 1394 xxi.

1108 1415 1147 1444 ln
1174 1414 1266 1451 calce⁷
1288 1418 1305 1430 “
1320 1413 1457 1455 Explicit
1484 1413 1562 1444 liber
1587 1413 1673 1444 beati
1697 1413 1866 1455 Augustini

1085 1466 1123 1496 de
1143 1476 1180 1496 10
1196 1465 1306 1507 plagis.

1085 1517 1144 1557 Qui
1161 1517 1285 1558 scripsit
1302 1527 1435 1554 carmen,
1454 1516 1494 1548 sit
1510 1516 1706 1551 benedictus;
1735 1516 1866 1546 Anien.”

998 1579 1027 1609 5.
1046 1577 1196 1619 Ejusdem
1212 1577 1403 1608 tractatulus
1420 1577 1458 1607 (le
1474 1576 1599 1607 timore.
1624 1576 1675 1606 fol.
1693 1585 1740 1616 25.

1106 1629 1204 1670 Incip.
1241 1633 1260 1647 “
1277 1629 1350 1660 Hoc
1386 1629 1516 1659 dicimus
1550 1632 1582 1659 et
1617 1628 1674 1658 hoc
1710 1628 1863 1659 docemus.

1085 1680 1271 1711 karissimi.'’

998 1743 1028 1775 6.
1045 1743 1193 1785 Hugonis
1228 1743 1266 1774 de
1299 1743 1329 1774 S.
1351 1743 1482 1774 Victore
1517 1743 1636 1773 libellus
1671 1743 1709 1773 de
1745 1743 1865 1773 duobus

1063 1795 1173 1833 modis,
1189 1795 1301 1836 quibus
1325 1794 1467 1825 diabolus
1492 1794 1521 1824 in
1544 1795 1632 1825 nobis
1658 1794 1866 1825 humilitatem

1063 1850 1233 1887 oppugnat.
1260 1850 1291 1876 et
1319 1846 1475 1887 quomodo
1500 1845 1665 1875 defendere
1690 1845 1781 1875 (lebet
1808 1845 1863 1874 hu-

1062 1897 1178 1928 militas
1195 1902 1306 1928 contra
1322 1897 1378 1927 hos
1395 1897 1513 1927 modos.
1537 1896 1589 1927 fol.
1608 1897 1656 1927 26.

1108 1949 1208 1991 Incip.
1227 1956 1244 1965 *⁸
1257 1949 1388 1979 Duobus
1411 1948 1511 1979 modis
1535 1948 1677 1979 diabolus
1699 1948 1728 1977 in
1746 1947 1867 1982 nobis?

1084 2004 1119 2030 ut
1136 1999 1218 2030 inter
1233 2010 1337 2040 opera,
1355 2004 1432 2030 tom.
1447 2000 1490 2030 iii.
1508 2000 1559 2030 fol.
1574 2001 1623 2040 67.
1641 2000 1691 2030 tit.
1705 1999 1795 2030 clxxi.

999 2061 1028 2092 7.
1047 2060 1178 2091 Roberti
1195 2059 1354 2097 Grostete,
1372 2071 1418 2102 ep.
1438 2059 1671 2096 Lincolniensis,
1688 2059 1725 2089 de
1741 2057 1865 2088 venenis

1062 2112 1150 2143 liber.
1174 2111 1225 2142 fol.
1245 2120 1293 2150 27.

1106 2162 1203 2204 Incip.
1233 2167 1250 2179 ⁴⁴
1264 2162 1361 2192 Racio
1392 2162 1553 2203 potissime
1582 2161 1690 2192 veneni
1721 2159 1864 2191 convenit

1084 2218 1213 2255 peccato
1230 2213 1394 2254 prioritate
1410 2213 1538 2255 originis
1553 2212 1789 2255 generalitate.³’

1106 2266 1144 2296 In
1161 2265 1253 2303 calce,
1267 2270 1284 2283 ‘⁴
1297 2266 1435 2306 Explicit
1448 2270 1603 2297 tractatus
1620 2265 1658 2295 de
1670 2263 1792 2294 venenis
1808 2273 1865 2303 per

1085 2317 1333 2348 Lincolniensem
1350 2317 1558 2358 episcopatus*

999 2441 1028 2470 8.
1047 2440 1187 2470 Libellus
1214 2440 1252 2470 de
1279 2440 1488 2471 celebratione
1513 2440 1625 2476 missae,
1641 2444 1767 2469 auctore
1790 2447 1863 2467 ano-

1062 2502 1163 2533 nymo.
1187 2491 1240 2522 fol.
1259 2502 1309 2533 54.

1107 2542 1206 2584 Incip.
1227 2542 1437 2574 “Celebraeio
1468 2541 1559 2571 misse
1586 2540 1615 2570 in
1644 2548 1862 2569 commemora-

1084 2593 1171 2624 cione
1188 2594 1341 2634 passionis
1358 2593 1473 2625 Christi
1490 2591 1679 2633 peragitui·.”

1105 2645 1211 2676 Desin.
1239 2646 1382 2676 “Missae
1407 2656 1462 2685 per
1485 2648 1557 2674 acta
1584 2643 1726 2673 videntur
1756 2651 1775 2671 a
1800 2639 1863 2669 Do-

1083 2697 1166 2726 mino
1183 2707 1249 2727 esse
1265 2697 1423 2737 recepta.”

1107 2748 1144 2777 In
1156 2747 1249 2785 ealce.
1260 2754 1277 2764 *⁵
1286 2746 1466 2788 Expliciunt
1477 2744 1608 2785 quidem.
1629 2743 1754 2774 Nomen
1764 2741 1859 2783 scrip-

1082 2798 1160 2830 toris
1176 2798 1338 2829 walterus
1354 2801 1477 2828 amator
1492 2795 1634 2826 amoris?
