2254 3117
334 173 380 202 40

440 266 500 296 Tit.
518 271 535 281 ‘¹
550 265 664 306 Incipit
681 275 800 294 summa
815 264 921 294 fratris
937 264 1038 305 Egidii
1051 265 1089 294 de
1101 264 1207 295 ordine

420 316 585 357 Augustini
601 326 692 355 super
707 315 806 355 primo
822 315 900 344 libro
917 315 1178 345 Sententiarum.'’

440 367 535 407 Incip.
563 372 580 381 “
595 366 720 396 Candor
749 373 796 396 est
826 365 907 395 enim
936 365 1012 396 lucis
1041 370 1146 397 eterne
1175 371 1207 397 et

418 418 591 459 speculum3
616 422 673 447 etc.
722 416 896 447 Secundum
911 418 992 458 quod
1009 417 1083 448 dicit
1098 419 1208 449 beatus

416 468 611 509 Augustinus
629 479 658 497 x.
677 467 714 497 dc
731 467 917 497 Trinitate.'’

436 519 539 549 Desin.
569 524 586 533 ‘¹
601 518 769 548 secundum
794 518 875 558 quod
903 518 967 559 ipse
992 519 1076 549 Deus
1098 524 1208 560 aperta

414 570 527 599 visione
554 569 684 605 videtur,
717 568 773 600 Cui
804 574 851 599 est
879 569 977 599 honor
1003 574 1034 600 ct
1056 570 1154 611 gloria
1177 571 1207 599 in

415 620 515 650 secula
532 620 702 650 seculorum
715 631 722 655 ς
740 620 871 649 Αῐηειι.”

436 670 471 700 In
501 670 591 706 calce„
625 677 643 685 ¹‘
662 670 798 711 Explicit
826 671 942 712 primus
972 671 1206 702 Sentenciarum

413 722 513 752 editus
534 733 552 751 a
574 721 671 752 fratre
695 721 808 763 Egidio
827 722 865 752 de
884 722 992 757 Roma,
1011 723 1126 753 ordinis
1147 723 1205 752 fra-

414 779 493 801 trum
510 771 729 802 heremitarum
747 772 853 802 Sancti
871 773 1066 813 Augustiiii.”

439 823 474 852 In
492 822 574 852 calce
591 823 715 858 codicis,
733 829 750 837 “
762 822 878 853 Caucio
894 823 999 853 fratris
1016 824 1085 853 Adc
1104 848 1204 853 .....

415 877 446 903 ct
461 873 588 903 Heurici
603 874 789 904 Godebarun
803 874 945 915 exposita
961 875 990 904 in
1008 875 1085 905 cista
1103 898 1204 904 .....

415 924 445 954 in
466 924 514 954 die
538 924 642 955 Sancti
667 925 784 955 Nicolai
808 937 889 956 anno
914 926 1038 956 Domini
1062 934 1206 956 m.“ccc.‘'

416 975 613 1016 nonagesimo
629 976 792 1016 septinio.’'

710 1081 827 1115 CXII.

333 1144 450 1176 Codex
480 1143 771 1181 membranaceus,
805 1144 837 1176 in
870 1146 930 1176 «ΜΟ
957 1145 1088 1178 minori.
1119 1144 1150 1177 ff.
1183 1147 1204 1180 7

356 1207 391 1234 et
423 1204 503 1241 317,
530 1213 598 1234 sec.
626 1201 696 1234 xiii.
725 1202 894 1239 exeuntia
923 1202 1010 1235 binis
1037 1202 1205 1235 columnis

356 1264 539 1294 exaratus:
575 1258 655 1292 olim
691 1259 830 1292 Thomar
865 1259 1021 1303 Uranley,
1056 1260 1203 1304 archiep.

357 1316 586 1349 Dublinensis.

373 1387 401 1415 1.
418 1385 570 1425 Anonymi
595 1385 753 1425 cujusdam
782 1385 811 1415 in
839 1385 1070 1416 Sententiarum
1094 1387 1204 1417 librum

436 1437 566 1477 primum
583 1436 710 1473 lectura,
726 1436 841 1477 praevia
857 1437 1046 1477 praefatione.
1071 1438 1122 1468 fol.
1141 1448 1166 1467 1.

478 1487 573 1527 Incip.
598 1486 682 1528 praef.
708 1494 724 1501 ¹‘
740 1487 796 1517 Ro.
823 1488 862 1517 xi.
889 1488 914 1518 O
938 1488 1071 1519 altitudo
1102 1489 1203 1519 divici-

457 1549 542 1568 arum
567 1538 747 1577 sapiencie,”
772 1543 830 1568 etc.

457 1599 564 1628 parum
587 1588 775 1618 admirabilis
798 1589 849 1619 illa
872 1589 1024 1630 sapientia
1043 1601 1135 1631 quam
1150 1591 1203 1621 ad-

456 1640 601 1669 mirans.''

479 1692 574 1731 Incip.
592 1691 660 1720 lect.
681 1696 697 1705 ‘¹
710 1690 874 1731 Cupientes
890 1692 1016 1733 aliquid,
1028 1698 1087 1723 cte.
1134 1693 1203 1723 Hcc

457 1753 527 1782 pars
552 1741 746 1781 prohemialis
770 1742 916 1773 dividitur
932 1743 1032 1784 primo
1048 1744 1077 1773 in
1099 1744 1204 1774 decem

456 1797 560 1833 partes
590 1792 634 1822 vel
667 1793 771 1823 decem
807 1805 935 1828 causas;
976 1794 1066 1835 hujus
1098 1800 1202 1826 autem

457 1843 555 1884 partis
571 1843 778 1873 divisionem.”

480 1894 582 1924 Desin.
598 1900 614 1908 ‘¹
627 1899 658 1924 et
674 1894 742 1924 ideo
755 1895 822 1924 dico
839 1895 1001 1927 benedicta
1013 1897 1053 1927 sit
1070 1898 1203 1928 creatrix

457 1952 488 1975 et
503 1945 704 1986 gubernatrix
720 1946 854 1975 omnium
878 1952 984 1977 sancta
1000 1952 1031 1978 ct
1048 1948 1204 1978 individua

456 1996 591 2026 Trinitas
620 2001 651 2026 ct
682 2007 761 2026 nunc
790 2003 821 2026 et
849 2008 969 2038 semper
1000 2009 1053 2039 per
1082 1999 1204 2029 infinita

457 2045 557 2075 secula
573 2045 708 2075 A111e1i.”

481 2097 517 2126 In
533 2096 624 2131 calce,
643 2103 659 2111 ·‘
676 2096 810 2137 Explicit
826 2098 902 2128 liber
918 2099 1058 2130 te1·tius.”

481 2147 627 2188 Sequitur
643 2148 749 2178 tabula
764 2149 962 2179 materiarum
978 2151 1182 2192 alphabetica.

374 2212 400 2240 2¹.
420 2210 565 2250 Ejusdem
597 2210 699 2240 forsan
739 2212 874 2242 auctoris
909 2212 939 2242 in
975 2215 1205 2245 Sententiarum

436 2261 547 2291 librum
570 2261 735 2291 secundum
759 2262 886 2306 lectura,
908 2275 976 2293 cum
1000 2265 1106 2295 tabula
1122 2271 1203 2307 post-

436 2313 553 2343 habita.
576 2312 625 2342 fol.
646 2314 714 2351 169.

482 2363 576 2404 Incip.
598 2369 615 2378 ‘¹
631 2363 822 2393 Tcrribiliter
838 2365 1053 2405 magnificatus
1069 2378 1101 2396 es
1117 2367 1206 2397 mira-

666 2416 702 2445 In
718 2416 816 2456 primo
833 2416 910 2446 libro
927 2416 1013 2447 Deus
1028 2418 1207 2449 terribiliter

458 2477 586 2507 magnus
602 2477 724 2507 quoquo
740 2467 859 2497 modo.u

481 2516 583 2546 Desin.
610 2524 626 2531 '¹
641 2517 713 2557 quia
735 2528 790 2558 pro
815 2529 919 2548 amore
948 2518 1004 2548 Dei
1028 2520 1123 2550 amati
1147 2531 1206 2550 non

459 2568 555 2597 debeo
567 2567 667 2598 facere
683 2568 713 2598 id
730 2579 786 2609 pro
802 2580 863 2610 quo
879 2571 981 2599 certus
997 2581 1063 2600 sum
1080 2571 1207 2611 perdere

463 2619 588 2648 l)cum.''

460 2415 543 2450 bilia,
560 2420 617 2445 etc>

481 2670 517 2699 ln
543 2670 624 2700 calc(¹
649 2670 763 2701 tabulae
788 2670 984 2711 subjungitur
1005 2671 1116 2702 notitia
1136 2672 1207 2710 ista,

463 2727 479 2734 ¹¹
492 2720 611 2750 'Fabula
623 2721 683 2751 ista
695 2721 860 2761 precedens
871 2721 1032 2751 ordinatur
1042 2723 1207 2752 secundum
1235 2724 1237 2727 ’

461 2771 596 2800 ordinem
610 2771 758 2801 vocalium
772 2772 801 2802 in
813 2772 979 2812 alphabeto
995 2777 1027 2803 et
1042 2774 1208 2804 secundum

872 1539 1036 1570 “Constat
1066 1551 1126 1570 non
1157 1545 1203 1570 cst
1232 1579 1233 1583 Ἰ

881 167 1009 200 CATA
1016 167 1179 202 LOGUS
1205 168 1436 203 CODICUM
1464 168 1571 203 MSS.

1384 267 1593 297 omnimodam
1616 267 1782 297 earundem
1804 267 2082 303 combinationem;
2107 268 2132 298 si

1385 318 1428 348 vis
1448 329 1521 359 ergo
1542 322 1684 358 prompte
1701 318 1836 348 invenire
1851 329 1888 348 ea
1903 329 1961 359 que
1980 319 2010 349 in
2031 330 2133 360 prece-

1385 369 1469 399 denti
1494 369 1584 405 libro,
1611 369 1744 399 secundo
1770 369 1897 406 scilicet,
1925 370 2131 405 continentur,

1384 430 1469 449 sume
1485 419 1649 449 dictionem
1670 419 1868 460 principalem
1892 420 1929 450 de
1950 431 2011 461 qua
2031 420 2066 451 fit
2086 421 2133 451 vel

1384 471 1437 501 fiet
1464 481 1563 500 sermo
1589 470 1809 511 principaliter,
1840 475 1872 501 et
1902 470 1969 501 vide
1998 471 2132 502 vocalem

1385 520 1464 549 illius
1494 519 1599 550 sillabe
1631 519 1677 550 vel
1715 520 1886 561 utriusque,
1916 520 1941 551 si
1971 520 2011 551 sit
2040 521 2133 552 dictio

1385 570 1537 600 bissalaba
1554 574 1585 600 et
1606 581 1766 600 recurrens
1787 571 1827 601 ad
1846 571 1985 602 tabulam
2000 571 2134 603 invenies

1385 621 1467 651 illam
1491 620 1625 650 vocalem
1652 620 1697 650 vel
1721 620 1788 651 illas
1808 621 1927 652 vocales
1950 622 2081 663 scriptas
2104 623 2133 654 in

1384 671 1522 711 margine
1549 670 1716 700 secundum
1741 671 1879 702 ordinem
1906 672 2078 712 predictum
2102 677 2133 704 et

1385 722 1415 751 in
1440 721 1546 752 littera
1571 733 1608 752 ex
1635 722 1778 763 opposito
1801 722 1935 753 invenies
1958 722 2133 764 singnatum

1386 778 1481 813 quoto
1497 773 1569 803 solio
1584 778 1616 803 ct
1637 778 1733 814 quota
1748 773 1861 814 pagina
1876 781 1908 804 et
1929 774 2023 805 etiam
2039 779 2134 816 quota

1384 824 1464 854 linea
1481 824 1596 865 poteris
1612 824 1685 854 illud
1702 825 1783 865 quod
1800 825 1902 866 queris
1917 825 2060 862 invenire,
2077 827 2133 858 hoc

1383 875 1477 904 ctiam
1501 875 1657 905 sciendum
1679 875 1760 916 quod
1787 887 1816 906 a.
1838 876 1979 918 designat
2003 877 2132 918 primam

1384 926 1558 957 columnam
1574 927 1603 957 b.
1620 927 1785 957 secundam
1801 938 1826 957 c.
1843 927 1983 964 terciam,
1998 928 2027 958 d.
2045 939 2133 969 quar-

1385 977 1478 1007 tam.u

1407 1032 1554 1072 Sequitur
1575 1032 1762 1063 tractatulus
1785 1033 1822 1063 de
1846 1033 1936 1064 modo
1957 1034 2131 1071 confitendi,

1387 1083 1508 1120 Gallice,
1527 1083 1618 1124 incip.
1637 1085 1717 1113 “Au
1734 1089 1964 1115 cumencement
1980 1084 2018 1115 de
2033 1088 2134 1115 vostre

1384 1134 1555 1164 confessiun
1579 1145 1618 1164 ou
1644 1139 1733 1165 autre
1756 1139 1825 1165 tens
1848 1140 1945 1176 quant
1969 1135 2036 1165 Deu
2061 1147 2133 1166 vous

1383 1185 1478 1215 <lurra
1499 1197 1591 1227 grace
1615 1197 1725 1227 penser
1747 1186 1841 1216 deuez
1864 1186 1952 1227 quele
1975 1186 2066 1217 chose
2087 1191 2134 1217 est

1384 1236 1526 1276 pecolie.”

1407 1292 1444 1321 In
1472 1292 1522 1321 fol.
1547 1294 1587 1332 3²*
1615 1291 1763 1332 scriptum
1794 1297 1852 1328 cst,
1883 1303 1973 1322 manu
2000 1293 2131 1333 antiqua,

1385 1348 1402 1357 ‘¹
1418 1342 1530 1372 Petrus
1552 1342 1749 1372 Lombardus
1765 1343 1938 1383 composuit
1953 1343 2131 1379 sentencias,

1385 1394 1497 1423 Petrus
1514 1393 1707 1424 Commcstor
1731 1393 1885 1424 historias.
1931 1394 2132 1436 Epitaphium

1383 1455 1480 1476 suum.
1504 1444 1587 1475 Vere
1610 1444 1723 1475 Petrus
1746 1456 1839 1482 eram,
1862 1445 1919 1476 hoc
1941 1445 2132 1486 epitaphium

1385 1507 1472 1526 suum
1500 1496 1564 1537 ipsc
1594 1496 1764 1537 composuit
1787 1496 1869 1537 apud
1894 1496 2042 1527 Sanctum
2066 1497 2133 1528 Vic-

1383 1546 1511 1577 tore1n.”

1404 1603 1440 1632 In
1460 1602 1606 1643 marginis
1627 1602 1676 1632 fol.
1699 1613 1723 1633 1.
1747 1614 1801 1633 ora
1824 1603 1982 1644 superiori,
2009 1609 2027 1618 ¹‘
2041 1603 2132 1635 Liber

1382 1654 1499 1683 Thome
1523 1653 1644 1690 Cranlc,
1671 1654 1891 1695 archiepiscopi
1922 1654 2130 1692 Dublinensis,

1383 1715 1472 1745 quem
1486 1704 1559 1735 emit
1574 1705 1656 1745 apud
1670 1705 1821 1736 Cestriam
1838 1706 1876 1736 de
1888 1706 1985 1736 fratre
1998 1706 2131 1737 Rieardo

1382 1756 1516 1792 Torbok‚
1540 1767 1621 1786 anno
1646 1756 1769 1786 Domini
1791 1757 1985 1797 m.eccc.viij.
2004 1757 2130 1787 Henrici

1383 1807 1486 1848 quarti
1498 1818 1579 1837 nono
1592 1812 1623 1838 et
1635 1819 1689 1838 sue
1702 1808 1942 1839 consecrationis
1954 1808 2006 1849 xj„
2019 1809 2130 1839 mensis

1382 1858 1457 1888 Julii
1487 1858 1536 1888 die
1567 1859 1739 1893 secundos*
1776 1863 1807 1889 et
1841 1859 1872 1889 in
1902 1870 1957 1890 ora
1986 1859 2131 1896 inferiori,

1384 1916 1401 1923 ‘¹
1415 1909 1508 1939 Liber
1528 1910 1664 1940 custodis
1680 1914 1712 1940 et
1734 1910 1885 1940 sociorum
1901 1910 2018 1952 collegii
2041 1910 2130 1941 beate

1383 1959 1486 1989 Marie
1502 1959 1539 1989 de
1556 1959 1698 2000 VVynton
1717 1960 1747 1990 in
1765 1960 1865 1991 Oxon.
1886 1972 1925 1992 ex
1945 1961 2025 1992 dono
2045 1972 2130 1992 vene-

1381 2012 1486 2042 rabilis
1508 2012 1606 2053 patris
1631 2013 1748 2043 Thome
1769 2013 1891 2051 Oranle‚
1911 2013 2129 2055 archiepiscopi

1381 2063 1518 2099 Dublin.‚
1535 2064 1689 2104 quondam
1709 2064 1845 2101 scolaris,
1862 2064 1972 2095 deinde
1995 2064 2079 2100 socii,
2095 2075 2130 2095 ac

1381 2115 1503 2145 demum
1524 2115 1660 2146 custodis
1680 2115 1797 2157 collegii
1821 2115 1962 2156 predicti,
1979 2115 2029 2157 qui
2051 2114 2129 2156 petit

1382 2166 1538 2196 humiliter
1568 2167 1720 2208 suffragiis
1757 2167 1965 2208 predictorum
1995 2166 2129 2197 custodis

1382 2217 1534 2247 sociorum
1553 2221 1584 2247 et
1607 2217 1736 2247 aliorum
1760 2217 1834 2247 inibi
1855 2217 1957 2247 divina
1977 2216 2130 2247 celebran-

1382 2267 1461 2297 cium
1506 2268 1645 2309 adjuvari
1689 2269 1771 2310 apud
1816 2266 2129 2298 misericordissimum

1384 2319 1515 2349 Deumf*

1257 2488 1377 2523 Codex
1396 2491 1687 2529 membranaceus,
1705 2491 1739 2524 in
1759 2490 1840 2524 folio
1857 2491 1986 2535 majori,
2002 2490 2034 2523 ff.
2050 2491 2128 2528 331,

1281 2557 1346 2579 sec.
1377 2558 1452 2583 xv.;
1483 2547 1572 2580 binis
1602 2547 1770 2581 columnis
1797 2547 1884 2581 bene
1911 2553 2069 2581 exaratus
2094 2552 2128 2581 et

1282 2610 1444 2637 servatus.

1299 2675 1454 2707 Johannis
1471 2677 1558 2708 Duns
1578 2678 1662 2708 Scoti
1686 2689 1778 2719 super
1800 2682 1864 2708 tres
1884 2677 1977 2707 libros
1998 2676 2128 2708 Setenti-

1321 2737 1409 2756 arum
1428 2727 1544 2767 priores
1565 2728 1797 2765 commentarii3
1825 2727 1924 2769 [deest
1945 2727 2050 2758 folium
2071 2726 2128 2768 pri-

1236 2769 1237 2814 }
1321 2776 1426 2816 mum]
