2254 3117
658 159 896 195 COLLEGII
921 158 1295 198 MERTONENSIS.
1837 173 1882 207 75

213 254 405 295 Sequuntur,

125 315 154 335 a.
172 304 290 336 Divisio
320 307 470 348 cujusque
499 307 598 348 partis
629 307 731 347 operis
766 307 946 348 supradicti.

187 355 238 386 fol.
256 365 312 396 135
329 356 357 386 b.

123 410 152 440 b.
170 409 291 442 Tabula
307 412 514 453 capitulorum
527 412 674 453 cujusque
686 412 794 454 partis.
812 413 831 442 f.
848 415 904 454 136
916 413 943 444 b.

124 476 149 496 c.
167 465 296 498 Tabulae
312 468 381 498 duae
397 467 611 508 alphabeticae.
635 468 686 499 fol.
704 478 771 510 137·

208 518 246 548 In
263 518 357 556 calce,
374 528 391 535 ··
406 518 543 559 Explicit
566 519 675 550 tabula
697 523 855 550 tractatus
873 519 944 550 Lin-

184 569 345 600 coluieusis
361 570 399 600 de
415 569 550 611 lingua.”

77 629 105 657 2.
124 627 243 659 Nicolai
274 629 312 659 de
342 629 424 670 Lyra
448 629 607 670 responsio
636 629 677 660 ad
703 629 850 661 Judaeum
874 636 892 648 ⁴⁴
905 642 942 662 ex

140 680 240 710 verbis
264 680 414 721 evangelii
442 680 611 710 secundum
639 680 806 711 Mathcum
833 687 943 713 contra

138 730 297 762 Christum
325 731 467 772 nequiter
496 735 681 773 arguentem
708 743 791 762 anno
816 732 942 764 Domini

139 782 388 823 xn.ccc.xxxiiij.”
410 782 461 813 fol.
479 784 546 822 146.

182 834 280 875 Incip.
299 840 316 851 *⁴
330 834 448 865 Potens
473 835 513 866 sit
539 834 730 873 exhortaris*
746 840 780 867 ut
806 836 837 866 in
858 837 941 868 ealce

160 885 300 926 postillae,
318 886 365 916 ed.
384 885 483 927 Lugd.
501 896 591 927 1529.

73 946 101 974 3.
118 944 267 986 Ejusdem
280 945 411 986 quaestio
425 946 645 984 determinata,
661 950 766 977 utrum
780 958 836 988 per
847 948 940 989 scrip-

138 1001 226 1027 turas
237 1008 256 1027 a
268 996 290 1026 J
294 997 391 1027 udaeis
406 1003 547 1038 receptas
562 998 661 1039 possit
677 998 812 1039 probari,
826 1004 940 1040 myste-

136 1049 216 1079 rium
231 1048 348 1080 Christi
365 1061 431 1080 esse
443 1050 510 1091 jam
526 1051 725 1092 completum.
749 1052 768 1081 f.
787 1054 844 1082 160
859 1053 888 1082 b.

179 1100 312 1138 Prodiit,
323 1112 392 1131 cum
404 1101 589 1143 Hieronymi
606 1101 686 1133 libro
703 1103 741 1133 (le
756 1102 828 1140 fide,
840 1103 939 1134 Fran-

158 1153 216 1184 cof.
236 1155 325 1184 1601.

182 1205 221 1235 In
236 1205 328 1239 calce,
341 1210 358 1222 ⁴⁴
370 1205 507 1246 Explicit
523 1206 645 1247 questio
659 1206 868 1238 determinata
884 1219 939 1249 per

156 1256 286 1287 fratrem
302 1257 488 1288 Nicholaum
504 1257 542 1288 (le
560 1257 672 1298 Lyra.”

73 1318 100 1346 4.
118 1315 268 1357 Ejusdem
291 1321 448 1347 tractatus
466 1321 483 1334 ‘⁴
497 1317 535 1347 de
551 1317 665 1348 visione
685 1317 786 1349 divine
805 1319 938 1350 essentie

133 1367 173 1398 ab
190 1367 354 1398 animabus
369 1379 388 1398 a
403 1379 532 1409 corpore
549 1369 732 1409 separatis.”
754 1369 806 1400 fol.
825 1380 858 1409 17
863 1380 880 1411 3
894 1370 922 1401 b.

178 1419 275 1460 Incip.
292 1422 308 1435 *⁴
323 1419 382 1458 Qui
398 1419 556 1450 elucidant
572 1431 621 1451 me
636 1421 733 1451 vitam
749 1423 922 1452 eternam.’'

177 1471 216 1501 In
232 1470 326 1507 calce,
344 1475 362 1488 ‘⁴
375 1471 514 1512 Explicit
530 1475 687 1503 tractatus
710 1473 848 1503 doctoris
869 1484 936 1514 pre»

154 1521 236 1563 cipui
259 1522 366 1553 fratris
385 1522 533 1553 Nicholai
556 1523 594 1554 de
617 1523 700 1565 Lyra
723 1524 761 1555 de
777 1524 936 1561 visione;”

154 1577 189 1604 ut
205 1584 308 1615 supra.

70 1636 97 1664 5.
115 1633 266 1675 Ejusdem
283 1633 504 1664 determinatio
520 1645 614 1674 super
629 1635 827 1676 prophetiam
843 1635 935 1666 Isaiae

133 1685 171 1716 de
186 1684 345 1726 privilegio
361 1685 512 1726 virginali.
536 1686 586 1716 fol.
604 1687 673 1725 184.

174 1735 274 1776 Incip.
292 1746 309 1752 ··
323 1735 497 1766 Meditacio
520 1735 667 1777 simplicis
690 1737 729 1768 de
750 1737 821 1768 fidei
843 1737 934 1768 rima-

153 1786 268 1818 cione.”

69 1845 97 1876 6.
116 1846 240 1877 Alberti
251 1846 362 1888 Magni
375 1846 452 1877 liber
464 1847 502 1878 de
515 1847 642 1878 muliere
655 1847 741 1878 forti.
766 1847 818 1878 fol.
832 1857 890 1888 205
903 1847 931 1878 b.

174 1897 237 1928 Tit.
263 1902 280 1915 “
295 1898 411 1939 Incipit
435 1898 513 1929 liber
537 1898 718 1930 intitulatus
742 1899 780 1929 de
805 1899 933 1929 muliere

153 1947 256 1978 forti.''

173 2000 290 2031 Exstat
306 2000 390 2031 inter
404 2011 510 2042 opera,
526 2005 602 2033 tom.
620 2002 672 2032 xii.
689 2006 771 2043 part.
786 2002 842 2033 ult.
859 2013 889 2044 p.
907 2012 931 2032 1.

174 2050 211 2081 In
228 2051 321 2088 calce,
340 2056 357 2068 ‘⁴
371 2051 508 2092 Explicit
530 2051 609 2083 liber
631 2052 817 2093 compilatus
839 2063 858 2083 a
879 2052 931 2082 do-

150 2102 233 2133 mino
246 2103 381 2133 Alberto
398 2102 527 2144 MagnO,
539 2103 683 2145 episcopo
700 2103 930 2145 Ratisponensi‚

150 2153 267 2184 ordinis
282 2153 416 2184 fratrum
439 2154 679 2194 predicatorum,
694 2153 871 2184 intitulatus
892 2154 930 2184 de

149 2204 277 2235 muliere
302 2205 378 2235 forti
405 2205 539 2246 scriptus
565 2210 597 2237 et
623 2205 740 2242 finitus,
761 2216 842 2236 anno
866 2205 930 2235 Do-

149 2256 226 2287 mini
244 2258 355 2299 1437.⁷'

67 2381 94 2410 7.
112 2379 143 2410 S.
156 2380 281 2422 Apuleii
298 2381 517 2412 Medaurensis
537 2381 616 2412 liber
636 2381 674 2411 de
691 2380 759 2411 Deo
776 2380 925 2412 Socratis

126 2429 177 2460 fol.
193 2431 262 2461 286.

335 2499 629 2534 CLXXXVIII.

44 2558 162 2595 Codex
180 2562 476 2602 membranaceus,
488 2562 523 2594 in
542 2561 625 2595 folio
643 2562 778 2602 minori,
793 2562 827 2596 ff.
842 2561 924 2602 246,

66 2628 133 2652 sec.
152 2619 234 2658 xiv„
265 2620 354 2653 binis
389 2619 560 2653 columnis
594 2620 704 2654 nitide
741 2626 923 2661 exaratus3

67 2680 84 2693 “
99 2688 143 2710 ex
173 2677 289 2723 legato
319 2677 373 2711 M.
399 2677 480 2711 Joh.
508 2677 702 2723 Raynham‚
724 2677 759 2712 S.
773 2678 810 2711 T.
825 2678 863 2712 P.
887 2683 924 2712 et

65 2736 237 2778 quondam
257 2736 370 2770 socii.''

84 2794 112 2824 1.
127 2794 247 2826 Nicolai
264 2795 401 2833 Triveth,
419 2805 472 2825 seu
494 2794 624 2833 Triveti,
641 2794 796 2836 expositio
812 2795 844 2826 in
866 2795 923 2826 Le-

1106 263 1243 300 viticum,
1254 277 1291 295 ex
1305 266 1360 296 SS.
1371 266 1518 298 Patribus
1529 268 1620 298 variis
1630 268 1780 300 confecta.
1797 270 1815 299 f.
1831 280 1837 299 ι
1851 271 1878 299 b.

1126 315 1187 346 Tit.
1206 324 1223 332 *⁵
1236 316 1351 358 Incipit
1369 319 1523 359 exposicio
1547 319 1654 350 fratris
1671 320 1789 351 Nicolai
1807 321 1880 352 Tre-

1106 370 1180 401 vett,
1208 367 1246 397 de
1276 368 1384 399 ordine
1415 370 1645 410 predicatorum
1675 382 1767 412 super
1794 371 1881 402 Levi-

1105 416 1232 446 tieumf*

1127 466 1224 508 Incip.
1248 473 1265 484 ⁴*
1278 468 1363 499 Pone
1379 474 1484 500 ternos
1500 471 1581 502 eirca
1597 477 1751 509 montcm5
1778 473 1877 503 Exod.

1103 517 1166 547 xix.
1193 518 1276 548 Libri
1294 519 1368 559 legis
1384 524 1419 550 ut
1435 524 1571 552 testatur
1584 522 1672 563 glosa
1688 522 1834 554 Esiehii.''

1126 569 1233 599 Desin.
1254 577 1270 585 ⁵·
1284 574 1315 600 et
1331 581 1392 600 non
1408 582 1537 612 capaces
1553 578 1642 604 eraut
1662 574 1791 605 misterii
1808 574 1880 611 Dei,

1104 619 1152 649 cui
1169 623 1216 650 est
1232 620 1331 650 honor
1351 624 1382 650 ct
1403 621 1502 662 gloria
1522 622 1552 652 in
1573 624 1676 655 secula
1688 624 1878 659 seculorum

1102 670 1233 700 Amen?q

1146 721 1397 759 Praemittuntur,

1059 783 1087 802 a.
1105 772 1273 813 Aymcrici,
1297 774 1364 804 ord.
1391 774 1486 814 prted.
1513 776 1665 817 magistri,
1682 778 1813 819 epistola
1837 778 1876 808 ad

1122 828 1302 859 auctore1n;
1325 824 1390 855 dat.
1404 825 1596 866 Argentiuae,
1611 828 1641 858 in
1653 839 1719 869 cap.
1732 829 1877 869 generali.

1123 874 1173 905 fol.
1197 885 1221 905 1.

1143 926 1242 968 Incip.
1253 934 1269 943 ⁵·
1277 928 1354 958 Cum
1364 933 1522 970 receptam
1532 930 1668 971 gratiam
1680 931 1877 962 (lebeamus”

1058 978 1089 1008 b.
1108 978 1227 1009 Nicolai
1243 979 1283 1009 ad
1299 979 1500 1020 Aymericum
1515 981 1656 1021 epistola.
1680 982 1730 1013 fol.
1748 993 1774 1014 1.

1143 1029 1240 1071 Ineip.
1259 1035 1276 1046 ‘⁸
1290 1030 1529 1071 Exposicionem
1545 1032 1693 1062 librorum
1710 1033 1815 1075 legis.''

1014 1090 1043 1119 52.
1062 1089 1211 1129 Ejusdem
1227 1089 1398 1131 Compotus
1415 1090 1634 1129 Hebraeorum,
1645 1093 1773 1124 annexis
1789 1094 1877 1124 tabu—

1078 1140 1115 1170 lis
1131 1140 1259 1171 duabus.
1284 1141 1337 1171 fol.
1355 1151 1413 1172 212
1428 1142 1460 1172 b.

1122 1192 1221 1233 Incip.
1242 1198 1259 1209 ‘⁵
1272 1192 1410 1233 Expleta
1426 1193 1622 1234 exposicione
1640 1194 1797 1226 Levitici.''

1121 1245 1159 1274 In
1177 1245 1269 1281 calce,
1289 1249 1306 1261 ‘⁴
1320 1244 1392 1276 Hoc
1415 1256 1493 1286 opus
1515 1249 1563 1276 est
1586 1246 1702 1277 factum
1721 1270 1728 1277 .
1746 1247 1877 1288 scriptor

1098 1296 1200 1327 tenuit
1216 1296 1294 1327 bene
1310 1297 1467 1338 pactum*

1011 1355 1042 1386 3.
1060 1355 1208 1396 Ejusdem
1224 1355 1302 1386 liber
1324 1356 1363 1387 de
1385 1357 1486 1387 officio
1511 1357 1621 1395 missae,
1638 1358 1669 1388 in
1694 1362 1799 1399 partes
1823 1370 1876 1390 sex

1076 1406 1253 1445 distinctus,
1265 1418 1334 1438 cum
1350 1408 1496 1450 prologo3
1520 1409 1635 1450 praevia
1649 1409 1689 1440 ad
1701 1409 1721 1440 J
1724 1409 1875 1441 ohannem

1076 1468 1123 1498 ep.
1140 1457 1276 1488 Bathon.
1293 1462 1326 1489 et
1342 1458 1436 1489 Well.
1453 1459 1593 1500 epistola.
1617 1459 1668 1490 fol.
1684 1469 1744 1501 215
1759 1460 1786 1490 b.

1118 1508 1216 1550 Incip.
1247 1509 1339 1550 epist.
1369 1514 1386 1526 “
1401 1511 1564 1542 Mundanc
1595 1511 1737 1542 machine
1766 1512 1874 1543 sunda-

1095 1562 1233 1591 menta.⁷'

1117 1611 1216 1654 Ineip.
1234 1612 1310 1653 prol.
1329 1617 1346 1630 ³·
1361 1613 1446 1644 Fons
1462 1613 1614 1655 sapientie
1630 1614 1757 1645 verbum
1773 1614 1861 1645 Deis*

1118 1663 1217 1704 Incip.
1236 1664 1288 1694 lib.
1305 1668 1324 1681 ‘⁴
1337 1664 1434 1695 Racio
1456 1676 1476 1696 a
1499 1676 1561 1706 qua
1576 1676 1688 1696 nomen
1703 1666 1796 1696 misse
1812 1672 1874 1697 tra-

1094 1715 1208 1746 hiturf'

1116 1765 1223 1797 Desin.
1241 1771 1259 1783 ⁴⁴
1273 1768 1440 1808 procedere
1464 1779 1561 1809 usque
1584 1769 1624 1800 ad
1647 1768 1739 1800 finem
1755 1770 1795 1800 ad
1811 1769 1872 1800 lau-

1094 1817 1192 1848 dem.”
1209 1822 1269 1849 etc.

1115 1870 1326 1901 Praemittitur
1340 1871 1454 1902 notitia
1476 1871 1514 1902 de
1538 1871 1682 1902 cautione
1698 1871 1819 1903 Nicolai
1835 1872 1872 1902 de

1094 1921 1291 1963 Stenington.

1299 2025 1554 2061 CLXXXIX.

985 2093 1106 2128 Codex
1124 2096 1420 2139 membranaceus,
1434 2098 1469 2131 in
1484 2098 1577 2137 folio,
1590 2097 1622 2131 ff.
1637 2101 1719 2139 210,
1734 2110 1799 2132 sec.
1812 2110 1867 2131 xv.

1008 2153 1098 2186 binis
1116 2153 1285 2188 columnis
1304 2160 1485 2195 exaratus;
1513 2160 1533 2174 “
1549 2167 1593 2190 ex
1615 2157 1706 2190 dono
1725 2156 1777 2190 M.
1797 2156 1865 2190 Ha.

1009 2210 1421 2256 Haydok,ineathenatus
1433 2215 1468 2247 in
1480 2214 1617 2248 libraria
1629 2226 1718 2248 auno
1726 2213 1865 2247 Domini

1007 2270 1277 2304 n1.cecc.lxviii.”

1023 2329 1179 2361 Johannis
1203 2331 1377 2372 Lathbury,
1395 2331 1458 2362 sive
1481 2332 1668 2370 Latteburii,
1685 2332 1778 2362 Liber
1800 2343 1861 2362 mo-

1045 2380 1155 2411 ralium
1167 2381 1198 2411 in
1215 2381 1356 2412 Threnos
1369 2382 1631 2423 Hieren1iae,[cun1
1647 2381 1760 2413 tabulis
1777 2388 1861 2422 post-

1044 2431 1158 2463 habitis
1173 2432 1388 2474 alphabeticis.

1087 2483 1151 2514 Tit.
1180 2488 1198 2500 ⁶·
1212 2484 1345 2515 Lectura
1371 2495 1464 2525 super
1491 2484 1609 2515 Trenos
1637 2482 1766 2514 Ieremie
1792 2493 1860 2523 pro-

1064 2534 1189 2575 phete.”

1086 2585 1202 2616 Exstat
1216 2585 1356 2626 impress.
1374 2586 1405 2615 in
1420 2585 1470 2616 fol.
1491 2585 1578 2622 1482.

1084 2636 1123 2667 In
1138 2636 1231 2672 calce,
1244 2641 1261 2652 “
1274 2636 1413 2677 Explicit
1430 2636 1596 2666 seeundum
1612 2634 1813 2675 alphabetum
1829 2640 1857 2665 et

1062 2687 1106 2718 sic
1130 2691 1233 2718 totum
1256 2698 1333 2728 opus
1356 2691 1403 2717 est
1426 2686 1613 2727 completum
1635 2696 1716 2716 anno
1732 2685 1858 2716 Domini

1061 2738 1223 2769 millesimo
1239 2749 1318 2769 cccc.
1335 2739 1456 2769 sexto.''

1081 2789 1204 2820 Titulus
1221 2789 1337 2820 tabulae
1352 2788 1509 2829 sequentis
1525 2791 1585 2826 est,
1600 2792 1617 2805 “
1631 2788 1752 2820 Tabula
1767 2799 1859 2831 super

1146 2851 1202 2876 L2
