2254 3117
659 155 898 192 COLLEGII
925 157 1298 198 MERTONENSIS.

218 253 254 283 In
269 253 362 290 calce,
381 259 399 269 ‘¹
414 253 596 295 Expliciunt
612 255 789 295 questiones
800 256 838 286 de
855 256 949 287 virtu-

194 305 278 336 tibus
300 304 403 335 anime
428 305 459 335 in
480 305 636 336 communi
656 306 763 337 fratris
779 306 897 337 Thomo
912 308 950 338 dc

193 355 337 396 Aquino;
363 355 497 385 Amen.'’

107 409 137 440 9.
156 407 241 437 Petri
263 407 301 437 de
318 406 468 437 Alvernia
492 406 628 438 Lectura
652 407 684 437 in
708 408 890 439 Aristotelis
913 409 946 439 li-

170 458 259 488 brum
275 458 313 488 de
329 468 421 488 sensu
436 462 468 488 et
483 461 618 488 sensato.
642 458 694 488 fol.
709 468 778 500 205.

214 509 312 550 Incip.
339 515 357 524 “
371 509 459 540 Sicut
482 508 558 540 dicit
582 509 784 551 philosophus
806 511 837 541 in
860 516 949 542 sexto

190 560 403 601 metaphisice,
420 560 497 590 Tres
514 564 587 591 sunt
603 561 764 592 scientie.'’

214 613 253 642 In
268 611 360 648 calce,
379 617 397 627 “
412 611 594 652 Explieiunt
607 613 785 653 questiones
802 625 895 655 supra
911 615 949 645 de

191 673 282 693 sensu
298 666 329 693 et
345 665 470 693 sensato
483 662 643 703 disputate
654 674 673 694 a
684 664 835 705 magistro
852 665 948 696 Petro

190 714 229 745 de
244 713 395 744 Alvernia
407 727 414 749 ;
439 713 621 745 benedictus
640 715 726 746 Deus
737 728 745 752 ;
769 717 905 747 Amen.'’

87 772 134 801 10.
152 770 300 810 Ejusdem
324 769 460 800 Lectura
482 769 513 800 in
536 769 649 801 librum
677 771 715 801 de
741 772 890 802 memoria
916 776 948 803 et

168 821 405 852 reminiscentia.
429 821 481 852 fol.
497 831 567 860 214.

212 872 310 913 Incip.
328 876 348 890 ‘⁶
361 872 450 903 Sicut
469 872 545 903 dicit
568 872 771 914 philosophus
795 878 885 906 sexto
909 876 948 906 de

189 923 326 954 historiis
339 922 532 961 animalium,
548 923 671 955 Natura
686 924 858 965 peculative
873 937 946 966 pro-

188 975 302 1006 cedit.’'

203 1028 242 1057 In
258 1026 349 1064 calce,
368 1033 386 1042 “
401 1026 583 1068 Expliciunt
599 1027 779 1068 questiones
800 1039 893 1069 super
909 1029 947 1060 de

187 1078 338 1109 memoria
352 1081 384 1109 et
399 1077 658 1109 reminiscentia.”

83 1134 132 1163 11.
151 1133 299 1174 Ejusdem
314 1133 347 1163 in
363 1133 477 1163 librum
487 1133 526 1163 de
538 1143 646 1164 somno
659 1138 691 1164 et
703 1133 816 1175 vigilia.
840 1134 860 1165 f.
875 1143 945 1174 217.

210 1184 307 1226 Incip.
325 1189 343 1203 ⁴‘
356 1184 407 1215 De
423 1195 562 1226 sompno,
577 1188 635 1216 etc.
681 1186 831 1226 Queritur
840 1192 945 1218 utrum

186 1236 224 1267 de
240 1247 369 1277 sompno
385 1240 417 1267 et
432 1236 537 1278 vigilia
552 1236 592 1267 sit
607 1236 770 1268 scientia.''

209 1287 246 1317 In
262 1287 356 1324 ealce,
375 1291 393 1304 ‘⁶
406 1287 587 1329 Expliciunt
603 1288 781 1329 questiones
804 1290 842 1320 de
866 1301 944 1320 som-

185 1349 247 1380 pno
266 1343 298 1369 et
318 1338 423 1380 vigilia
445 1339 604 1380 disputate
629 1350 648 1370 a
671 1340 822 1381 magistro
848 1341 944 1372 Petro

187 1390 225 1420 de
240 1390 410 1425 Alvernia;
436 1390 617 1421 benedictus
634 1390 739 1426 Deus}
767 1393 901 1423 Amen.''

208 1440 388 1482 Sequuntur
410 1441 471 1472 alia
487 1441 525 1472 (le
548 1442 641 1472 modo
664 1442 866 1483 intelligendi,
884 1447 943 1474 etc.

186 1491 275 1534 incip.
294 1491 375 1523 “De
390 1493 483 1523 modo
500 1493 691 1535 intelligendi
708 1495 808 1536 primo
824 1500 869 1526 est
888 1496 943 1526 sci-

185 1544 298 1574 endum
314 1545 397 1585 quod
413 1545 486 1586 quia
502 1545 708 1576 intellectus.”

83 1600 130 1630 12.
148 1599 185 1629 In
201 1600 313 1630 librum
330 1600 463 1641 primum
485 1601 523 1631 dc
544 1605 631 1632 motu
654 1601 833 1633 animalium
857 1613 941 1633 com-

163 1651 341 1682 mentarius.
366 1651 417 1682 fol.
432 1661 501 1683 220.

206 1702 305 1744 Incip.
322 1707 342 1720 ‘²
354 1702 402 1733 Dc
418 1709 506 1734 motu
521 1708 647 1741 autem3
672 1704 759 1736 Sicut
781 1709 871 1747 patet
887 1717 943 1747 per

182 1753 399 1795 philosophum
415 1755 512 1786 tercio
528 1755 749 1796 phisicorum.”

81 1805 127 1836 13.
146 1805 371 1847 Fragmentum
383 1807 598 1838 commentarii
614 1807 645 1837 in
658 1807 770 1838 librum
784 1808 822 1838 de
832 1808 941 1849 juven-

162 1860 230 1888 tute
242 1862 274 1888 et
285 1861 454 1895 senectute,
466 1858 504 1889 de
515 1858 579 1889 vita
591 1862 623 1890 et·
633 1867 753 1896 mortem
769 1863 828 1890 etc.
839 1860 859 1890 f.
871 1869 940 1902 233.

204 1908 303 1950 Incip.
320 1913 340 1926 “
355 1910 394 1940 Iu
409 1909 470 1941 isto
493 1910 573 1941 libro
589 1910 779 1942 determinat
803 1911 939 1953 philoso-

182 1958 261 1999 phus
277 1959 316 1990 de
331 1959 517 2001 quibusdam
532 1961 761 2002 passionibus.'’

204 2009 352 2051 Sequitur
363 2011 573 2052 fragmentum
586 2011 753 2042 commenti
769 2012 800 2042 in
811 2011 940 2043 Decreti
969 2039 971 2060 5

182 2060 316 2092 Causam
328 2061 366 2092 iv.
380 2062 419 2092 de
431 2062 582 2093 testibus:
599 2062 806 2104 praemittitur
818 2074 940 2104 quoque

181 2112 279 2143 codici
293 2112 504 2154 fragmentum
517 2113 639 2155 Digesti
656 2114 735 2144 novi.

375 2207 617 2242 CCLXXVI.

57 2267 175 2301 Codex
192 2268 485 2309 membranaceus,
504 2269 538 2302 in
558 2269 640 2303 folio
658 2270 794 2309 minori,
809 2269 842 2302 ff.
857 2268 938 2310 176,

80 2336 144 2359 sec.
163 2326 241 2366 xiV.‚
260 2326 348 2360 binis
365 2326 535 2361 columnis
553 2332 726 2361 exaratus.

100 2387 126 2416 1.
143 2387 302 2428 Anonymi
325 2388 486 2429 cujusdam
517 2389 548 2418 in
572 2388 755 2419 Aristotelis
780 2389 875 2419 libros
899 2389 938 2420 de
967 2415 968 2418 ,

160 2450 251 2470 sensu
267 2443 299 2470 et
314 2444 449 2477 sensato,
465 2440 503 2470 de
519 2439 669 2470 memoria
687 2444 720 2470 et
741 2439 937 2471 reminiscen-
967 2440 968 2443 ’

160 2490 213 2525 tia,
227 2498 259 2521 et
275 2491 312 2521 de
327 2490 432 2522 anima
447 2490 644 2531 quaestiones.
664 2490 792 2531 [mutil]
818 2491 869 2521 fol.
884 2502 909 2521 1.

203 2542 302 2582 Incip.
321 2546 339 2559 “
356 2542 505 2582 Queritur
520 2546 626 2572 utrum
642 2542 680 2572 de
703 2553 793 2573 sensu
816 2546 848 2573 et
869 2554 935 2573 sen·
965 2578 967 2582 ‚

179 2597 248 2624 sato
272 2593 371 2635 possit
394 2604 461 2624 esse
485 2593 625 2629 scientia,
645 2593 768 2624 videtur
791 2594 874 2634 quod
897 2594 936 2624 de

180 2649 304 2675 sensato
320 2655 381 2675 non
397 2644 438 2675 sit
455 2643 614 2674 scientia.”

59 2731 63 2734 “
95 2731 123 2759 2.
142 2730 323 2761 Aristotelis
349 2730 427 2760 liber
449 2729 488 2760 de
512 2729 621 2763 causis.
639 2740 709 2760 cum
735 2734 932 2765 comment0;

158 2782 276 2822 imperf.
300 2781 352 2812 fol.
370 2789 418 2820 17.

1808 173 1876 209 109

1150 260 1249 301 Incip.
1268 267 1285 278 ²·
1299 262 1406 293 Omnis
1422 264 1567 304 primaria
1582 276 1694 302 causa;
1710 266 1787 297 Cum
1802 279 1876 309 ergo

1126 316 1263 342 removet
1279 324 1371 344 causa
1387 315 1549 346 sccunda.”

1042 360 1070 390 3.
1088 360 1334 402 Reprobationcs
1350 364 1501 395 dictorum
1525 378 1544 397 a
1566 367 1662 398 fratrc
1680 368 1806 409 AEgidio
1823 369 1876 411 [de

1105 412 1264 450 columna,
1282 414 1454 456 110111an03]
1481 417 1511 447 in
1533 419 1755 450 sententiarum
1771 420 1874 450 libros.

1105 463 1154 493 fol.
1174 473 1220 494 22.

1150 515 1247 556 Incip.
1265 520 1282 532 ‘⁴
1297 516 1410 548 Frater
1426 518 1554 560 Egidius
1577 532 1668 562 super
1684 521 1692 552 i
1709 522 1875 552 sentcntia-

1126 575 1193 594 rum
1211 567 1370 606 questione
1386 579 1414 609 3,
1427 580 1487 610 qua
1504 572 1642 611 queritur
1654 573 1724 613 quid
1743 577 1790 603 est
1806 573 1874 603 sub-

1122 616 1241 656 jectum
1261 618 1291 648 in
1313 630 1400 650 sacra
1421 621 1543 662 pagina,
1561 623 1731 664 dicitquod
1755 635 1806 654 ars
1828 629 1874 654 est

1125 678 1237 709 ymago
1253 672 1394 701 nature.”

1042 719 1070 748 4.
1088 718 1207 750 Tabula
1228 730 1320 760 super
1335 732 1442 752 novem
1459 722 1644 761 Quodlibcta
1658 727 1797 767 magistri
1815 727 1874 757 Go-

1104 770 1214 800 defridi
1232 769 1493 813 [Cornubicnsis]‚
1513 785 1603 814 quam
1619 777 1658 807 ad
1679 778 1825 807 articulos
1844 785 1875 808 ct

1104 820 1172 852 loca
1196 821 1227 852 in
1250 822 1362 863 quibus
1385 823 1527 855 dissentit
1551 826 1591 856 ab
1615 827 1699 863 aliis3
1722 834 1753 859 et
1778 828 1834 859 hoe
1857 840 1875 859 a

1105 872 1214 913 quinto
1229 873 1396 912 Quodlibet
1412 879 1443 905 et
1459 875 1501 905 sic
1517 876 1667 919 deinceps.
1691 878 1739 908 sol.
1756 889 1806 919 51.

1149 923 1248 964 Ineip.
1268 928 1285 940 “
1299 924 1415 963 Quinto
1431 926 1596 965 Quodlibet
1613 939 1640 968 q.
1654 928 1672 958 i.
1690 929 1770 960 circa
1793 934 1875 960 tran-

1125 975 1424 1007 substantiacionem
1439 977 1529 1007 unius
1548 979 1723 1010 substancie
1738 980 1768 1010 in
1784 981 1875 1012 aliam

1125 1025 1248 1057 videtur
1268 1028 1414 1067 pone1·e.''

1039 1078 1068 1107 5.
1086 1077 1268 1108 Aristotelis
1296 1078 1416 1120 Magna
1440 1079 1584 1118 Momlia,
1608 1081 1637 1111 in
1663 1083 1874 1123 compendium

1103 1129 1240 1160 redacta.
1265 1130 1315 1160 fol.
1328 1140 1380 1171 53.

1147 1181 1247 1222 Incip.
1265 1186 1283 1198 ⁴⁶
1296 1181 1449 1221 Quoniam
1465 1182 1605 1223 eligimus
1629 1183 1729 1213 dicere
1752 1184 1789 1213 de
1814 1194 1878 1213 mo—

1123 1231 1272 1263 ralibus.²’

1147 1284 1184 1314 In
1197 1284 1292 1321 calce,
1310 1288 1329 1301 “
1344 1284 1480 1326 Explicit
1496 1297 1700 1327 mangnorum
1716 1286 1876 1317 moralium

1123 1336 1305 1367 Aristotelis
1322 1336 1489 1378 Stagerite.
1536 1339 1574 1368 In
1596 1338 1654 1369 hoc
1675 1338 1752 1369 libro
1774 1337 1877 1369 deficit

1123 1390 1279 1417 tractatus
1295 1387 1333 1418 de
1349 1388 1498 1419 felicitate
1511 1389 1549 1420 de
1562 1400 1622 1430 qua
1634 1389 1665 1419 in
1677 1389 1755 1420 libro
1766 1401 1794 1419 x.
1811 1401 1876 1430 cap.

1124 1447 1138 1478 7
1158 1442 1189 1469 et
1207 1439 1236 1476 8,
1254 1445 1286 1470 et
1303 1449 1320 1479 9
1337 1443 1369 1470 et
1385 1441 1456 1470 10.’'

1037 1493 1064 1524 6.
1084 1494 1123 1524 111
1139 1493 1321 1524 Aristotelis
1340 1494 1435 1525 libros
1458 1495 1591 1536 primum
1607 1500 1639 1527 et
1655 1496 1822 1527 secundum
1839 1496 1875 1527 de

1101 1544 1175 1575 eaelo
1192 1549 1224 1575 et
1239 1545 1355 1575 mundo
1372 1546 1534 1587 expositio.
1560 1547 1610 1578 fol.
1627 1548 1676 1578 68.

1144 1596 1243 1636 Incip.
1259 1600 1279 1613 “
1293 1596 1387 1627 Sicud
1403 1597 1510 1628 scribit
1526 1598 1726 1639 philosophus
1742 1599 1876 1629 secundo

1121 1646 1322 1688 metaphisice
1337 1648 1470 1679 vocari.”

1043 1714 1065 1730 1.
1083 1698 1212 1729 Thomae
1242 1698 1411 1739 Aquinatis
1441 1699 1595 1740 expositio
1625 1700 1655 1730 in
1682 1704 1752 1731 octo
1782 1701 1875 1730 libros

1100 1750 1327 1791 Physicorum;
1355 1749 1420 1791 [hic
1436 1751 1497 1782 illic
1512 1751 1627 1793 mutil.]
1652 1751 1702 1781 fol.
1720 1762 1770 1793 95.

1143 1801 1241 1842 Incip.
1258 1806 1278 1819 “
1293 1802 1373 1841 Quia
1385 1802 1463 1833 liber
1478 1802 1667 1842 phisicorum
1682 1802 1768 1844 cujus
1783 1813 1875 1842 expo-

1120 1852 1223 1883 sitioni
1239 1852 1428 1884 intendimus
1440 1854 1470 1889 ;”
1492 1858 1527 1884 ut
1543 1854 1574 1884 in
1590 1853 1679 1885 editt.
1694 1854 1831 1895 impress.

1142 1905 1181 1935 In
1197 1905 1288 1942 calce,
1312 1909 1332 1923 ‘⁶
1346 1905 1484 1947 Explicit
1499 1906 1653 1947 expositio
1674 1906 1780 1937 fratris
1796 1906 1875 1936 Tho-

1119 1967 1177 1986 mae
1201 1956 1371 1997 Aquinatis
1398 1968 1491 1998 super
1515 1958 1542 1987 S.
1568 1957 1663 1988 libros
1689 1957 1875 1998 phisicorum

1120 2008 1332 2039 Aristotelis.'“

1141 2059 1319 2100 Sequuntur
1345 2059 1492 2090 nonnulla
1511 2061 1549 2091 (le
1565 2060 1699 2090 dominio
1716 2060 1810 2090 Lunae
1826 2070 1873 2089 su-

1117 2121 1172 2151 per
1187 2120 1272 2140 mare
1283 2122 1290 2146 ς
1314 2110 1406 2152 incip.
1424 2114 1444 2128 ‘⁶
1458 2110 1540 2141 Visis
1563 2111 1722 2142 effectibus
1744 2120 1872 2151 quorum

1118 2171 1211 2191 causa
1226 2160 1336 2191 latet.⁷’

1034 2215 1062 2243 8.
1080 2212 1274 2252 Quaestiones
1298 2224 1390 2254 super
1412 2214 1541 2244 tertium
1565 2213 1677 2244 librum
1699 2213 1737 2243 de
1759 2212 1869 2242 anima.

1096 2264 1146 2294 fol.
1169 2265 1232 2304 165.

1141 2315 1237 2356 Incip.
1264 2321 1281 2332 ⁵*
1297 2315 1378 2355 Quia
1400 2315 1486 2346 sicud
1508 2315 1583 2346 dicit
1607 2318 1800 2346 comentator
1823 2324 1869 2342 co-

1116 2372 1221 2397 mente
1237 2377 1257 2405 4
1273 2367 1360 2397 tertii
1376 2367 1414 2397 dc
1430 2367 1564 2397 aniu1a.”

1138 2418 1349 2449 Praemittitur
1365 2419 1462 2449 codici
1479 2418 1603 2454 notitia,
1620 2422 1639 2434 ‘³
1656 2416 1717 2446 Hie
1733 2415 1809 2445 liber
1824 2425 1869 2445 re—

1116 2476 1245 2510 paratus
1260 2473 1308 2500 est
1324 2470 1362 2500 de
1384 2481 1463 2500 novo
1484 2469 1572 2500 bonis
1590 2468 1635 2498 M.
1650 2466 1778 2497 Roberti
1796 2465 1869 2496 Fer—

1115 2532 1214 2558 mour,
1230 2521 1325 2552 oretis
1345 2521 1439 2562 igitur
1455 2532 1510 2562 pro
1526 2519 1628 2550 anima
1645 2519 1742 2559 ejus.’'

1296 2601 1558 2636 CCLXXVII.

964 2653 966 2686 l
987 2662 1108 2697 Codex
1125 2664 1416 2702 membranaceus,
1434 2664 1467 2696 in
1486 2662 1567 2695 folio
1587 2662 1720 2700 minori,
1735 2661 1768 2694 ff.
1785 2662 1866 2699 103,

1010 2732 1076 2754 sec.
1096 2722 1180 2760 xiv.‚
1203 2722 1292 2755 binis
1320 2720 1488 2755 columnis
1514 2724 1695 2757 exarat11s;
1723 2723 1741 2736 *⁶
1756 2729 1800 2751 ex
1819 2717 1866 2751 le-

1009 2783 1091 2823 gato
1109 2779 1143 2812 J.
1160 2779 1351 2824 Raynham,
1372 2778 1406 2812 S.
1419 2777 1455 2810 T.
1470 2777 1508 2810 P.
1529 2776 1701 2820 quondam
1720 2776 1831 2809 socii!²
