2254 3117
560 662 1000 721 CODICES
1070 665 1262 729 MSS.

359 852 1019 919 COLLEGII
1129 853 1474 918 NOVJ.

439 1122 466 1155 Ι.

17 1182 142 1217 CODEX
170 1180 486 1219 MEMBRANACEU&
506 1181 539 1214 iu
559 1181 641 1214 folio
661 1182 794 1217 minori,
815 1193 895 1214 con-

40 1247 130 1274 stans
144 1239 232 1272 foliis
247 1239 381 1283 scriptis
396 1241 479 1279 407,
492 1239 580 1272 binis
593 1239 762 1273 columnis
777 1240 894 1273 seculo

41 1298 149 1331 forsan
162 1298 233 1330 xiii.
251 1303 402 1330 exeunte
417 1297 526 1331 nitide
540 1305 702 1331 exaratus
721 1304 766 1338 et,
781 1299 892 1342 quoad

41 1355 151 1390 literas
173 1355 338 1389 librorum
366 1355 526 1396 initiales,
554 1356 697 1401 picturis
728 1361 891 1396 ornatus3

39 1413 117 1448 olim
137 1413 309 1458 peculium
328 1413 361 1447 J.
382 1413 553 1459 Penyton.

56 1474 159 1505 BmuA
186 1474 285 1504 SACRA
307 1473 458 1509 universa,
484 1485 521 1504 ex
543 1474 679 1505 editione
700 1474 834 1515 vulgata⁷
860 1474 891 1505 S.

77 1526 257 1567 Hieronymi
285 1525 469 1567 Rabanique
497 1526 619 1556 Mauris
647 1525 782 1567 prologis
810 1526 890 1557 haud

76 1577 203 1608 insolitis
219 1577 382 1608 instructa.

118 1629 155 1658 In
170 1628 239 1663 fine,
258 1634 277 1643 “
290 1627 428 1669 Explicit
444 1628 522 1659 liber
538 1629 764 1670 Apocalipsis.’'

117 1679 301 1720 Sequuntur,
332 1690 424 1710 manu
454 1680 610 1710 recentiori
637 1681 755 1721 scripti,
786 1691 891 1711 versus

95 1730 296 1765 memoriales,
324 1730 384 1760 “in
416 1731 528 1772 quibus
559 1731 759 1762 continentur
785 1742 891 1762 omnes

95 1781 162 1812 libri
178 1781 278 1812 bibliae
289 1782 315 1819 3³⁷
331 1782 424 1823 incip.

118 1838 134 1847 “
149 1832 255 1863 Penta.
273 1833 323 1863 Jo.
341 1833 391 1864 Ju.
410 1833 526 1864 Ruth?q

16 1966 306 2008 Membranaceus,
331 1970 364 2002 in
388 1920 470 2002 foliIo
498 1970 631 2009 minori,
654 1970 688 2003 ff.
710 1972 730 2002 4
750 1975 786 2003 et
805 1969 887 2009 336,

36 2037 99 2060 sec.
112 2027 189 2065 xiv„
207 2027 295 2061 binis
314 2028 484 2061 columnis
502 2028 612 2061 nitide
631 2034 802 2062 exaratus.

53 2086 151 2118 Biblia
167 2088 262 2119 Sacra
277 2089 428 2125 universa,
446 2089 591 2120 editionis
608 2089 838 2130 vulgataevcum
854 2089 885 2120 S.

74 2138 251 2181 Hieronymi
267 2140 412 2182 prologis.

114 2190 274 2222 Librorum
299 2192 383 2222 Test.
411 2192 484 2222 Vet.
507 2192 583 2222 ordo
606 2197 654 2222 cst
671 2192 738 2229 iste,
756 2193 885 2223 Genesis

91 2242 130 2271 ad
157 2242 341 2284 Paralipom.
372 2244 429 2279 11„
463 2243 573 2273 deinde
605 2243 714 2274 Esdrae
740 2248 883 2285 quatuor,

91 2292 210 2330 Judith,
240 2294 367 2331 Esther,
394 2295 500 2329 Tobit,
534 2295 784 2325 Maccabaeorum
812 2295 882 2331 duo7

92 2343 286 2381 Psalterium,
304 2346 481 2387 Prophetze,
507 2345 578 2382 Job,
602 2346 775 2376 Salamonis
794 2358 883 2387 para-

90 2393 177 2431 bolae,
194 2396 360 2437 Sapientiae
378 2402 408 2428 et
426 2396 671 2427 Ecclesiasticus.

111 2445 349 2478 Praemittuntur
371 2459 476 2478 versus
499 2448 631 2478 sedecim
654 2448 767 2478 heroici
791 2448 882 2478 libro—

89 2506 155 2526 rum
191 2498 328 2529 ordinem
362 2500 523 2541 utriusque
560 2499 753 2529 Testamenti
790 2511 882 2541 expo-

88 2552 202 2583 nentes,
220 2549 306 2591 incip.

110 2599 266 2630 “Genesis
293 2600 323 2630 in
348 2601 463 2642 primis,
490 2606 575 2631 tenet
604 2601 731 2631 Exodus
762 2601 821 2631 iter
850 2602 880 2631 in

87 2650 190 2689 ynlis.”

109 2692 281 2725 Occurrunt
299 2695 329 2725 in
350 2695 432 2726 calce
456 2695 581 2725 nomina
602 2694 748 2724 Edwardi
767 2694 878 2736 Reepe,

86 2740 157 2772 Joh.
182 2747 214 2774 et
241 2744 358 2786 Burges
386 2745 525 2786 Dobbys,
555 2749 586 2775 et
612 2744 731 2785 Burges
760 2744 880 2786 WVellys

89 2792 241 2833 Neuman,
258 2796 329 2826 olim
345 2797 448 2827 forsan
465 2796 578 2827 codicis
594 2807 815 2836 possessorum.

1351 1123 1418 1156 ΙΙΙ.

942 1184 1064 1219 Codex
1079 1185 1373 1223 membranaceus,
1389 1185 1421 1217 in
1443 1184 1524 1217 folio
1544 1185 1704 1221 maximo,
1719 1186 1751 1218 ff.
1765 1188 1820 1221 88,

966 1254 1033 1276 see⁴
1054 1244 1124 1276 xiii.
1149 1244 1319 1279 exeuntis,
1342 1254 1446 1276 manu
1472 1242 1623 1287 Philippi
1647 1243 1822 1277 Trecensis

965 1301 1155 1346 presbyteri
1178 1301 1266 1334 binis
1293 1299 1462 1334 columnis
1487 1300 1618 1344 optime
1640 1306 1821 1336 exaratus:

965 1359 1122 1393 mutilus.

983 1428 1154 1458 Bibliorum
1171 1427 1348 1464 Sacrorum,
1361 1438 1397 1457 ex
1415 1427 1553 1457 versione
1566 1426 1702 1468 vulgata,
1720 1432 1822 1458 tomus

1003 1480 1130 1521 primus,
1156 1479 1186 1509 in
1211 1490 1271 1519 quo
1297 1479 1395 1509 Mosis
1419 1478 1488 1508 libri
1510 1478 1654 1519 quinque,
1675 1478 1821 1509 Judicum

1003 1535 1035 1562 ct
1052 1531 1148 1565 Ruth,
1167 1530 1197 1561 S.
1210 1530 1393 1571 Hieronymi
1410 1530 1545 1571 prologis
1561 1530 1740 1561 instructus.

1046 1586 1162 1616 Evulsa
1188 1589 1260 1616 sunt
1284 1585 1387 1616 onmia
1409 1596 1429 1615 a
1452 1585 1624 1615 Deuteron.
1648 1596 1715 1626 cap.
1740 1586 1819 1615 xxiv.

1022 1638 1063 1668 ad
1090 1636 1194 1667 Juslic.
1219 1648 1287 1678 cap.
1314 1636 1354 1666 ix.
1379 1637 1482 1671 verba,
1509 1642 1526 1651 '‘
1542 1636 1597 1666 viri
1619 1647 1655 1667 ac
1679 1636 1821 1667 mulieres

1023 1688 1145 1719 simul.”

1044 1740 1199 1770 Praecedit
1226 1739 1338 1770 notitia
1365 1750 1505 1781 sequens,
1534 1739 1666 1770 ‘'Biblia
1690 1739 1750 1770 ista
1773 1744 1819 1770 est

1022 1791 1139 1821 donata
1174 1790 1301 1831 collegio
1338 1790 1430 1820 beate
1462 1790 1565 1820 Marie
1597 1791 1748 1831 Wynton.
1789 1790 1818 1820 in

1022 1842 1144 1873 Oxonia
1164 1853 1220 1883 per
1242 1842 1442 1872 reverendum
1466 1846 1587 1882 patrem
1608 1841 1758 1872 Thomam
1781 1842 1818 1872 dc

1021 1894 1217 1934 Bekyntona,
1230 1893 1365 1924 Bathon.
1380 1897 1411 1923 et
1422 1892 1555 1923 Wellen.
1567 1893 1754 1934 episcopum,
1766 1904 1814 1923 ca-

1020 1945 1211 1976 thenandam
1232 1945 1262 1975 in
1286 1944 1412 1974 libraria
1433 1944 1585 1974 communi
1605 1944 1741 1984 ejusdem
1757 1944 1815 1974 eol—

1020 1996 1089 2037 legii
1102 1996 1141 2026 ad
1156 1996 1324 2026 utilitatem
1336 1996 1460 2026 studere
1474 1995 1644 2025 volcncium
1656 1995 1686 2024 in
1697 1995 1813 2025 eadem.

1020 2047 1124 2078 Oretis
1140 2047 1235 2088 igitur
1250 2058 1305 2088 pro
1321 2047 1425 2077 anima
1441 2046 1630 2076 (lonatoris.”

1042 2098 1251 2128 l'ranmittitur
1277 2097 1384 2131 codici,
1408 2108 1500 2127 manu
1523 2096 1695 2130 recentiori,
1720 2103 1736 2110 ⁴¹
1751 2095 1812 2125 Pro

1018 2149 1190 2179 difficilibus
1203 2148 1304 2178 verbis
1316 2153 1381 2179 tum
1396 2148 1426 2178 in
1443 2147 1577 2189 prologis
1593 2152 1658 2177 tum
1676 2147 1705 2176 in
1722 2152 1810 2177 textu

1017 2201 1094 2230 vade
1123 2200 1163 2231 ad
1190 2200 1301 2230 librum
1330 2199 1441 2239 Rogeri
1470 2199 1611 2229 monachi
1642 2198 1680 2228 de
1701 2198 1731 2227 S.
1750 2197 1810 2227 Ed-

1016 2252 1131 2281 mundo
1150 2251 1181 2281 in
1202 2251 1342 2292 proximo
1364 2251 1454 2281 (lesco
1475 2251 1513 2281 ad
1535 2250 1686 2284 dextram,
1704 2254 1735 2278 ct
1754 2259 1809 2289 pro

1016 2303 1129 2333 talibus
1157 2302 1258 2333 verbis
1284 2303 1314 2333 in
1343 2306 1431 2333 textu
1462 2302 1538 2331 vade
1568 2301 1606 2331 ad
1637 2300 1748 2329 librum
1779 2299 1809 2329 in

1016 2354 1107 2384 desco
1123 2353 1341 2384 ast1·0no1nie.”

1039 2406 1080 2436 Et
1097 2412 1216 2446 postea,
1235 2411 1253 2420 “
1266 2405 1346 2436 Cave
1362 2405 1433 2446 quia
1450 2403 1597 2444 plurimus
1613 2411 1698 2431 error
1714 2406 1760 2430 est
1776 2401 1807 2430 in

1014 2456 1128 2486 littera.
1184 2455 1265 2486 Vide
1294 2455 1389 2496 igitur
1420 2454 1544 2484 bibliam
1575 2453 1722 2482 donatam
1753 2463 1807 2492 per

1014 2507 1197 2548 magistrum
1215 2507 1374 2537 Andrean!
1392 2505 1517 2535 Holes.''

1335 2611 1400 2645 IV.

929 2673 1228 2714 Membranaeeus,
1248 2675 1282 2707 in
1301 2674 1382 2707 folio
1404 2674 1566 2712 maximo,
1586 2672 1617 2705 ff.
1639 2670 1718 2710 365,
1737 2683 1803 2704 sec.

951 2733 1022 2766 xiii.
1038 2733 1208 2771 exeuntis,
1223 2744 1326 2766 manu
1342 2731 1491 2775 Philippi
1511 2730 1696 2774 supradicti
1716 2729 1804 2762 binis

948 2791 1118 2825 columnis
1136 2793 1267 2836 optime
1285 2795 1463 2828 exaratum
1483 2787 1635 2822 mutilus.

1027 2860 1046 2882 B
