2254 3117
355 181 401 215 46
906 179 1206 216 CATALOGUS
1232 181 1465 218 CODICUM
1495 182 1605 218 MSS.

461 279 662 315 distinetum3
692 288 821 319 quarum
851 277 935 318 prior
964 277 1074 309 mutila
1102 278 1232 316 videtur,

461 330 569 371 incipit
585 330 665 360 enim
681 340 701 360 a
716 328 823 360 tabula
838 328 900 358 sive
917 329 1051 360 sectione
1066 328 1127 360 xiv.

483 382 561 412 Pars
583 381 681 422 prima
706 380 830 410 chartas
855 379 994 410 continet
1018 384 1050 411 et
1075 381 1234 412 conflrma-

461 432 561 462 tiones
578 432 697 471 Regum
715 431 835 471 Angliae
852 431 1018 462 abbatibus
1032 432 1070 462 de
1084 431 1235 463 Fontibus

460 482 561 512 saetas
583 493 602 512 a
627 481 786 522 Stephano
808 492 904 522 usque
927 482 967 512 ad
995 482 1161 513 Ricardum
1186 483 1233 513 II.

463 532 618 562 inclusive.
644 532 693 562 fol.
711 542 737 561 1.

484 583 562 613 Pars
595 583 695 613 altera
724 583 823 614 bullas
853 587 884 614 et
914 584 1018 615 brevia
1048 584 1235 615 Pontificum

462 634 672 664 Romanorum
697 634 836 664 eontinet
859 635 899 665 ab
924 635 1105 666 Innocentio
1123 636 1170 665 ΙΙ.
1196 635 1235 665 ad

461 685 638 715 Johanncm
655 685 796 715 XXIII.
813 685 863 715 fol.
880 695 912 724 17
927 699 935 720 ;
961 685 1010 716 eui
1028 697 1149 716 annexa
1164 690 1236 716 sunt

462 736 654 766 munimenta
680 736 797 778 collegii
825 736 855 767 S.
873 736 1024 767 Bernardi
1051 737 1149 767 Oxon.
1175 737 1236 767 sive

464 787 594 817 Henrici
611 786 786 828 Ohicheley,
798 787 932 828 archiep.
946 788 1092 819 Cantuar.
1110 788 1235 823 chartae,

461 838 573 879 quibus
605 838 737 869 contulit
774 838 933 879 collegium
965 839 999 869 B.
1025 839 1175 869 Bernardi
1205 838 1236 868 iu

464 889 563 919 Oxon.
590 889 689 919 ordini
716 889 935 920 Cisterciorum
961 890 991 920 in
1015 901 1103 920 usum
1134 901 1237 920 mona-

463 940 589 970 chorum
614 940 755 970 alborum
778 940 961 971 scholarium
978 941 1008 971 in
1026 940 1238 971 Universitate

463 991 563 1021 Oxon.
582 991 645 1021 dat.
664 999 751 1031 1437.

483 1046 630 1087 Sequitur
646 1046 739 1077 index
750 1047 790 1077 ad
804 1047 971 1087 Privilcgia
986 1047 1165 1088 supradicta
1181 1047 1237 1077 sub

463 1097 611 1134 Rubriea,
628 1108 696 1138 quae
715 1097 804 1139 incip.
830 1102 847 1114 “
865 1098 901 1128 In
924 1098 985 1128 ista
1006 1098 1113 1128 tabula
1137 1099 1237 1130 subsc-

463 1148 570 1189 quenti
586 1149 757 1179 notandum
771 1149 852 1189 quod
869 1160 929 1179 non
945 1149 1139 1190 componitur
1151 1161 1238 1180 voca-

462 1199 533 1230 liter
548 1200 714 1230 secundum
732 1200 824 1230 verba
843 1204 875 1230 et
891 1200 1049 1237 dictiones,
1064 1200 1117 1231 sed
1133 1212 1237 1231 secun-

462 1251 537 1281 dum
568 1250 741 1281 sentencias
770 1257 801 1281 ct
827 1251 1019 1281 fructuosum
1049 1252 1238 1282 intellectum

465 1302 682 1339 clausularum,
698 1306 729 1333 et
752 1313 814 1332 non
840 1302 937 1333 solum
958 1302 1096 1333 continet
1116 1314 1152 1333 ea
1174 1303 1239 1333 sola

464 1353 632 1394 privilegia,
657 1364 716 1394 que
748 1353 849 1384 adhuc
885 1354 1028 1384 obtinent
1058 1354 1238 1384 firmitatem

464 1403 517 1434 sed
534 1402 630 1433 eciam
652 1403 712 1434 alia
729 1414 788 1444 que
803 1408 858 1434 aut
874 1415 929 1445 per
941 1403 1013 1443 jura
1029 1408 1099 1444 post
1114 1404 1239 1434 condita

462 1459 518 1485 aut
534 1466 589 1496 per
611 1455 672 1486 alia
694 1455 852 1496 privilegia
875 1466 927 1485 seu
949 1466 1003 1496 per
1023 1455 1153 1485 abusum
1175 1466 1239 1485 cas-

463 1506 602 1536 santui·.”

379 1558 407 1586 2.
425 1556 573 1587 Oolleetio
604 1556 833 1597 privilegiorum
863 1556 1019 1598 papalium
1050 1558 1109 1587 toti
1140 1556 1238 1587 ordini

443 1607 639 1638 Cisterciensi
675 1618 889 1638 concessorum
925 1612 997 1638 ante
1030 1619 1144 1638 annum
1175 1607 1239 1637 Do-

442 1659 517 1689 mini
537 1670 627 1699 1490,
645 1671 665 1690 a
687 1660 832 1690 Johannc
857 1664 930 1690 tunc
954 1660 1101 1701 temporis
1125 1660 1239 1690 abbate

442 1711 617 1752 compilata,
645 1710 892 1741 concessionibus
922 1711 1016 1741 etiam
1047 1711 1239 1752 quorundam

442 1772 550 1802 regum
580 1772 616 1792 ac
646 1761 818 1802 principum
845 1761 944 1792 eidem
968 1762 1068 1792 ordini
1098 1762 1129 1792 in
1159 1762 1240 1793 calce

442 1811 593 1853 adjectis;
627 1823 696 1842 cum
722 1812 904 1853 praefatione
934 1812 1154 1853 compilatoris,
1180 1824 1241 1853 qua

444 1862 561 1893 consilii
583 1863 642 1900 sui,
658 1862 689 1893 in
710 1863 839 1893 eandem
860 1863 928 1893 aliis
952 1863 1146 1894 monasteriis
1161 1864 1240 1893 ordi-

444 1913 490 1943 nis
522 1914 786 1951 eommunicando,
818 1914 969 1945 rationem
998 1914 1099 1945 reddit
1130 1919 1161 1945 et
1188 1926 1241 1945 cur

444 1965 575 1995 indicem
590 1965 689 1996 eidem
705 1976 766 1996 non
782 1965 941 2006 adjecerit.
966 1965 1016 1995 fol.
1031 1968 1080 1995 61.

488 2016 585 2057 Incip.
603 2016 689 2057 prees.
707 2021 725 2033 ‘⁶
742 2016 779 2047 In
795 2016 917 2047 nomine
943 2016 1056 2047 Sancte
1078 2016 1241 2047 Trinitatis

445 2078 501 2097 nos
516 2067 613 2098 frater
629 2067 647 2097 J
651 2067 799 2103 ohannes,
819 2068 917 2098 abbas
944 2068 1085 2099 Cistercii
1102 2069 1240 2109 frequen-

446 2119 508 2150 tius
521 2129 583 2149 non
594 2119 710 2160 absque
726 2119 878 2160 profundo
894 2120 994 2150 cordis
1010 2120 1114 2150 dolore

445 2170 485 2201 ab
506 2170 637 2201 archivis
652 2170 795 2201 Cistercii
819 2170 939 2201 extrahi
956 2175 987 2201 et
1003 2171 1153 2201 conscribi
1170 2171 1241 2201 fide-

445 2221 577 2262 literque
592 2222 632 2252 ad
648 2222 808 2263 originalia
824 2226 855 2252 et
870 2222 1002 2263 registra
1023 2223 1189 2253 auscultari
1205 2234 1241 2253 ac

448 2272 621 2313 diligenter,
638 2283 718 2303 anno
735 2272 860 2303 Domini
883 2273 1044 2303 millesimo
1064 2274 1239 2315 quatricen-

445 2324 556 2354 tesimo
580 2323 787 2365 nonagesimo,
817 2324 846 2354 in
874 2324 998 2354 modum
1026 2324 1076 2365 qui
1104 2325 1243 2365 sequitur

448 2375 581 2416 imprimi
596 2375 750 2406 fecimus.''

492 2426 610 2457 Datum
636 2430 683 2457 est
709 2426 806 2467 privil.
831 2426 850 2456 i.
884 2435 899 2456 2
923 2425 1064 2456 Paschal.
1091 2425 1134 2455 Il.
1161 2437 1242 2456 anno

471 2477 587 2508 seilicet
608 2477 732 2508 Domini
753 2487 841 2508 1100.
886 2477 1100 2507 Numerantur
1124 2477 1243 2517 privile-

470 2528 521 2569 gia
536 2531 568 2559 et
583 2527 790 2559 instrumenta
802 2527 996 2569 clii.,.quibus
1012 2527 1147 2558 succedit
1166 2532 1172 2544 ⁶
1186 2528 1241 2559 Pia

472 2582 504 2609 et
539 2579 754 2610 exhortatoria
789 2579 886 2609 totius
923 2578 1023 2619 operis
1056 2578 1241 2613 conclusio?

473 2629 564 2670 incip.
590 2634 607 2646 ‘⁴
624 2630 693 2671 Eya
718 2629 905 2660 venerabiles
931 2633 961 2659 et
988 2629 1101 2669 egregii
1127 2633 1242 2670 patres,

473 2681 737 2722 amantissimique
751 2691 787 2711 ac
803 2679 992 2711 devotissimi
1008 2680 1149 2710 fratres.”

516 2735 623 2765 Desin.
641 2740 658 2752 ‘⁴
671 2735 840 2766 constituta
860 2734 955 2765 saciat
975 2734 1130 2774 piissimus
1146 2735 1241 2765 domi-

473 2796 530 2816 nus
546 2786 565 2816 J
568 2797 637 2817 esus
653 2797 705 2817 sue
721 2785 894 2817 dulcissime
909 2784 1018 2816 matris
1034 2785 1203 2826 precibus.”

1415 280 1452 310 In
1469 280 1562 317 calce,

1307 342 1334 361 a.
1348 331 1480 362 Carmen
1490 331 1697 373 rhythmicum
1705 331 1737 361 in
1748 331 1870 362 laudem
1881 331 2029 362 Cistercii.
2042 331 2166 371 fol.149.

1420 383 1517 424 Incip.

1289 438 1307 449 “
1322 433 1431 464 Gaude
1447 434 1518 464 felix
1541 439 1642 464 mater
1664 432 1846 464 Cistercium
1871 432 2055 464 firmamenti
2080 443 2168 473 spera

1376 485 1539 525 stelligera,

1321 535 1489 566 Paradisus
1505 535 1656 576 lignorum
1672 535 1808 565 omnium
1825 545 1915 575 quem
1931 533 2034 564 divina
2051 534 2170 575 planta-

1377 587 1421 617 vit
1436 586 1596 616 dexteraf'

1310 638 1340 668 b.
1358 637 1489 668 Carmen
1511 636 1677 677 elegiacum
1700 637 1739 667 ad
1764 637 1908 667 lectorem
1929 636 1967 666 de
1990 636 2097 666 eodem
2120 647 2168 666 or-

1374 689 1445 719 dine
1461 694 1492 719 et
1508 688 1653 719 Johanne
1669 688 1793 719 abbate.
1818 688 1868 719 fol.
1890 698 1945 727 149
1963 688 1991 718 b.

1417 739 1515 780 Incip.

1333 796 1351 807 “
1365 790 1508 831 Quisquis
1524 801 1565 826 es,
1582 789 1713 831 accipies
1729 790 1822 821 istum
1838 790 1889 831 qui
1906 790 1986 821 forte
2002 790 2137 820 libellum

1366 840 1491 871 Ordinis
1507 840 1610 871 eximii
1626 840 1763 881 quisquis
1778 845 1900 871 amator
1915 841 2022 871 ades.’'

1420 895 1455 924 In
1475 895 1543 931 fine,
1561 898 1579 911 “
1595 894 1678 924 Ther
1702 894 1727 925 is
1748 894 1777 924 in
1802 894 1864 925 this
1888 895 1969 925 book
1993 895 2055 925 this
2081 903 2117 935 29
2141 895 2175 925 os

1398 947 1534 977 October
1554 948 1643 987 1605,
1668 945 1743 976 cle.
1771 946 1869 976 leaves
1896 946 1930 976 of
1952 947 2017 976 fare
2043 946 2167 977 written

1397 998 1587 1039 parchment,
1602 1008 1641 1027 no
1657 1001 1728 1038 part
1745 997 1862 1028 wherof
1882 997 1908 1028 is
1932 997 2020 1028 ether
2036 998 2170 1039 decayed

1397 1060 1432 1078 or
1448 1048 1613 1079 dcffaced.”
1659 1048 1796 1084 Dein‹le;
1820 1053 1838 1065 ⁴⁶
1849 1048 1950 1079 There
1961 1048 1987 1079 is
2004 1059 2059 1088 149
2072 1049 2172 1080 leaves

1396 1100 1457 1130 and
1474 1111 1513 1130 no
1529 1111 1614 1130 more
1630 1099 1693 1130 this
1711 1100 1747 1129 28
1766 1099 1841 1130 Dec.
1859 1101 1934 1140 1615
1958 1100 2097 1131 whereof
2114 1112 2172 1131 one

1398 1151 1422 1181 is
1439 1156 1493 1181 not
1509 1151 1631 1181 written
1648 1151 1757 1191 upon.''

1629 1252 1836 1287 CLXVIII.

1292 1324 1412 1357 Codex
1430 1323 1722 1363 membranaceus,
1739 1324 1772 1357 iu
1793 1323 1874 1357 folio
1892 1325 2023 1368 majori,
2042 1324 2074 1357 ff.
2090 1327 2172 1364 303,

1316 1394 1381 1416 see.
1395 1394 1460 1421 xxm,
1476 1382 1563 1415 binis
1582 1381 1750 1415 columnis
1765 1382 1853 1415 bene
1871 1386 2031 1415 exaratus
2049 1387 2085 1415 et
2103 1394 2171 1416 ser-

1317 1445 1424 1473 vatus.

1336 1502 1362 1531 l.
1379 1501 1628 1531 Commentarius
1651 1501 1713 1531 sive
1738 1500 1875 1531 Postillze
1898 1505 1968 1532 octo
1989 1501 2019 1531 in
2042 1501 2171 1532 Cantica

1397 1552 1596 1583 Canticorum
1630 1563 1668 1582 ex
1705 1551 1759 1582 SS.
1782 1553 1944 1593 Gregorio,
1983 1553 2169 1593 Augustino,

1398 1603 1566 1639 Bernardo,
1584 1603 1680 1639 Beda,
1697 1603 1825 1643 aliisque
1841 1603 1997 1640 collectus,
2013 1614 2080 1634 cum
2102 1615 2169 1645 pro-

1397 1654 1475 1694 log0.
1503 1653 1553 1683 fol.
1576 1664 1598 1682 1.

1440 1704 1536 1745 Incip.
1551 1705 1626 1745 prol.
1645 1710 1662 1721 ‘⁴
1675 1704 1761 1735 Deus
1777 1705 1807 1735 in
1822 1705 1988 1746 gradibus3
2004 1709 2062 1736 ete.
2095 1705 2171 1736 Tres

1418 1760 1490 1786 sunt
1506 1756 1621 1796 gradus
1637 1756 1747 1796 quibus
1769 1756 1947 1787 ascenditur
1961 1757 2001 1787 ad
2020 1757 2079 1787 Dei
2101 1768 2170 1798 cog-

1419 1806 1598 1837 nici01iem.”

1442 1857 1538 1899 Incip.
1555 1858 1605 1888 lib.
1624 1862 1641 1874 “
1658 1858 1763 1888 Simile
1785 1863 1831 1889 est
1856 1869 2003 1900 regnum;
2028 1863 2087 1890 etc.
2134 1860 2171 1890 In

1419 1908 1476 1939 hac
1492 1909 1681 1940 auctoritate
1702 1914 1874 1950 tanguntur
1889 1921 1925 1941 ea
1941 1921 1999 1951 que
2015 1911 2171 1952 pertinent

1419 1959 1459 1990 ad
1475 1959 1684 2000 cognicionem
1699 1960 1798 1990 libris*

1440 2009 1477 2040 In
1494 2010 1586 2046 calce,
1606 2014 1623 2026 ‘²
1638 2010 1793 2051 Explicit3
1818 2010 1884 2041 Deo
1899 2011 2047 2051 gracias..'''

1335 2065 1364 2094 2.
1381 2063 1545 2105 Expositio
1571 2064 1601 2094 in
1621 2064 1751 2095 Cantica
1774 2065 1981 2102 Canticorum,
1997 2066 2082 2097 libris
2105 2077 2170 2108 sep-

1398 2123 1473 2152 tem,
1489 2126 1581 2156 quam
1597 2116 1769 2157 composuit
1791 2116 1877 2147 Beda
1901 2117 2062 2158 presbyter
2084 2129 2172 2148 vene-

1397 2166 1513 2203 rabilis,
1526 2167 1655 2207 juvante
1670 2178 1702 2197 se
1717 2167 1820 2208 gratia
1835 2179 1976 2209 superna.
2000 2169 2051 2199 fol.
2065 2169 2113 2199 80.

1442 2216 1566 2246 Primus
1587 2216 1665 2247 liber
1685 2222 1732 2247 est
1753 2217 1846 2248 Bedae
1864 2222 1974 2249 contra
1988 2218 2010 2248 J
2014 2218 2147 2249 alianum
2162 2232 2169 2254 ;

1420 2278 1473 2298 sex
1489 2267 1598 2308 reliqui
1615 2272 1622 2284 ⁴
1635 2279 1671 2298 ex
1689 2269 1841 2309 opusculis
1857 2269 1940 2300 beati
1957 2269 2097 2311 Gregorii
2112 2270 2171 2300 col-

1420 2319 1489 2350 lecti
1506 2320 1597 2349 sunt?

1441 2370 1578 2401 Exstant
1587 2381 1692 2400 omnes
1702 2369 1852 2411 impressi,
1860 2371 1941 2402 inter
1952 2372 2075 2412 opp-ed.
2082 2382 2092 2401 1
2100 2373 2117 2402 6
2124 2382 2134 2401 1
2143 2382 2171 2409 2,

1420 2425 1495 2452 tom.
1510 2421 1546 2451 iv.
1563 2421 1621 2451 col.
1638 2430 1707 2460 714.

1336 2478 1364 2506 8.
1383 2476 1529 2517 Ejusdem
1541 2475 1572 2506 in
1589 2476 1619 2506 S.
1633 2475 1733 2506 Marci
1747 2476 1937 2517 evangelium
1947 2478 2170 2515 commentarii,

1399 2537 1468 2557 cum
1483 2526 1674 2567 praefatione.
1698 2526 1748 2556 fol.
1768 2528 1833 2564 146.

1442 2576 1541 2617 Incip.
1556 2577 1616 2607 ⁸·In
1627 2578 1820 2618 exposicione
1835 2578 1982 2619 evangelii
1993 2578 2021 2613 ;”
2044 2582 2078 2609 ut
2095 2578 2167 2609 ibid.

1420 2632 1496 2658 tom.
1510 2639 1536 2657 v.
1553 2628 1607 2658 col.
1623 2638 1673 2669 92.

1339 2686 1366 2715 4.
1383 2684 1529 2725 Ejusdem
1554 2684 1584 2714 in
1611 2684 1642 2715 S.
1670 2685 1761 2716 Lucae
1787 2685 1977 2726 evangelium
2006 2685 2167 2726 expositio,

1399 2734 1484 2765 libris
1508 2746 1562 2765 sex
1588 2736 1826 2777 comprehensa3
1859 2735 1979 2777 praeviis
2005 2735 2166 2777 capitulis;

1398 2785 1497 2816 mutil.
1521 2785 1573 2816 fol.
1593 2795 1661 2817 201.
