2254 3117
375 152 421 184 34
930 145 1230 181 CATALOGUS
1256 143 1491 179 CODICUM
1518 143 1626 179 MSS.

375 248 424 278 13.
443 247 586 288 Hugonis
602 247 640 277 (10
655 250 741 277 statu
762 244 918 276 interioris
940 244 1073 275 hominis
1095 249 1166 286 post
1188 244 1253 285 lap—

459 309 536 335 sum,
554 297 675 339 praeviis
691 296 834 338 capitulis
850 300 882 327 et
898 296 1036 337 prologo.
1060 297 1110 327 fol.
1127 307 1182 327 111
1198 296 1228 327 b.

504 348 599 388 incip.
617 351 636 364 “
651 347 741 377 Inter
756 346 814 376 hoc
829 346 927 377 amice
943 346 1033 377 amici
1048 346 1174 377 animi.’'

503 399 540 428 In
554 398 647 434 calce,
658 401 677 414 “
692 397 828 438 Explicit
839 400 994 427 tractatus
1004 397 1042 427 (10
1053 397 1144 427 (lictis
1158 396 1253 426 Ysaic

481 449 632 490 prophete
643 459 736 489 super
747 454 753 464 ⁶
761 448 859 479 Omne
874 453 969 489 caput
981 448 1181 489 languiduin‚'
1192 452 1250 478 etc.

374 515 422 544 14.
441 513 637 544 SJohannis
664 512 879 554 Chrysostomi
904 512 1029 543 homilia
1059 513 1096 542 de
1126 511 1253 542 muliere

457 565 634 596 Chananaea
650 565 706 595 sub
724 564 946 606 persecutionis
962 564 1071 604 figura.
1095 563 1145 593 fol.
1165 572 1230 604 132.

502 615 599 656 Incip.
621 620 638 632 ‘⁶
653 615 768 646 Mulier
791 619 995 656 tempestates
1018 620 1050 645 et
1073 613 1254 655 inquietudo

478 667 588 697 aeris.'⁷

373 730 422 760 15.
440 729 471 760 S.
486 729 654 770 Augustini
685 729 763 759 liber
793 729 831 759 (10
861 728 1000 759 vanitate
1031 727 1123 757 seculi
1155 731 1186 757 et
1216 725 1254 755 de

457 780 505 810 (110
518 780 625 821 judicii
639 784 670 811 et
687 781 725 811 (10
741 780 841 819 poenis
856 779 976 810 inferni.
1002 779 1050 809 fol.
1069 787 1123 819 137
1139 778 1168 807 b.

502 831 755 872 Iiicip.“F1·atres
766 831 919 861 karissimi
931 830 1075 871 quoniam
1087 828 1254 860 timcmla.”

373 894 423 926 16.
440 895 588 937 Ejusdem
605 907 705 926 sermo
721 896 759 926 de
775 896 868 926 beato
884 895 1013 926 latrone.
1037 894 1089 924 fol.
1108 902 1174 934 145.

499 946 597 988 Incip.
612 951 630 963 ‘⁴
643 947 693 977 Ad
711 947 769 977 hoc
786 947 890 987 itaque
907 946 1065 976 uobiscum
1081 944 1193 979 vixit;”
1216 944 1253 974 cf.

477 997 559 1028 inter
573 1009 679 1038 opera,
697 1002 773 1028 tom.
786 1009 813 1028 v.
832 998 913 1038 App.
931 997 986 1027 eol.
1003 998 1073 1036 269.

374 1062 422 1092 17.
442 1061 472 1091 S.
487 1061 645 1092 Ambrosii
662 1073 763 1092 sermo
779 1062 809 1092 in
826 1073 911 1092 eoena
928 1061 1062 1092 Domini.
1086 1060 1136 1091 fol.
1157 1068 1224 1099 147.

502 1112 597 1154 lncip.
616 1118 636 1130 “
649 1113 801 1152 Quoniam
819 1113 968 1143 hodierna
984 1113 1032 1143 die
1049 1113 1087 1142 (10
1102 1112 1254 1142 latronc.”

374 1176 422 1205 18.
441 1175 472 1206 S.
488 1176 656 1217 Augustini
680 1177 800 1207 libellus
824 1177 862 1208 de
886 1177 1007 1218 gaudiis
1030 1177 1199 1207 electorum
1222 1180 1254 1206 et

458 1227 614 1268 suppliciis
630 1229 857 1259 damnatorum.
883 1229 933 1259 sol.
952 1229 1007 1266 148
1023 1229 1051 1258 b.

502 1279 600 1320 Incip.
626 1284 645 1297 “
660 1280 734 1310 Tria
756 1284 829 1310 sunt
854 1280 909 1310 sub
939 1279 1162 1321 omnipotentis
1194 1278 1253 1309 Dei

479 1330 600 1366 manusq
617 1334 691 1361 tom.
704 1331 742 1360 vi.
762 1331 842 1371 App.
859 1330 915 1360 col.
933 1340 998 1370 159.

503 1382 540 1411 111
557 1382 650 1418 calce,
663 1386 681 1399 ‘⁶
695 1382 831 1422 Explicit
847 1381 923 1411 liber
940 1381 1057 1411 Aurelii
1075 1379 1252 1420 Augustini,

480 1433 616 1463 doctoris
632 1432 880 1463 excellentissimi
896 1433 934 1463 dc
949 1432 1069 1473 gaudiis
1085 1431 1253 1462 electorum

480 1487 512 1514 et
527 1484 683 1524 suppliciis
699 1484 966 1525 (lanipnatoruni.”

375 1547 424 1579 19.
443 1546 592 1587 Ejusdem
607 1546 685 1577 liber
698 1547 735 1577 de
750 1546 914 1577 honestate
931 1546 1090 1577 mulierum
1121 1546 1139 1576 f.
1156 1556 1209 1587 151
1225 1547 1253 1577 b.

502 1597 598 1637 Incip.
615 1602 633 1615 ‘⁶
649 1598 748 1628 Nemo
764 1598 858 1635 dicat,
876 1598 996 1633 fratres,
1014 1599 1095 1639 quod
1117 1599 1252 1639 corpori-

479 1649 536 1679 bus
552 1649 694 1685 nostris‚”
711 1654 785 1680 tom.
801 1660 827 1679 v.
845 1650 929 1690 App.
947 1649 1003 1679 col.
1017 1650 1090 1687 488.

500 1700 536 1730 Iu
561 1700 654 1736 calce,
672 1705 689 1717 “
706 1700 842 1741 Explicit
871 1701 947 1731 liber
974 1701 1056 1731 beati
1085 1701 1253 1741 Augustini

478 1752 516 1782 de
535 1752 683 1782 societate
700 1756 731 1782 et
747 1752 960 1782 familiaritate
982 1752 1142 1783 mulierum
1159 1764 1178 1783 a
1193 1753 1252 1783 cle-

478 1803 549 1833 ricis
565 1803 708 1844 precipue
724 1803 863 1839 vitanda,
880 1808 911 1834 et
933 1804 970 1833 de
991 1804 1099 1834 eadem
1121 1805 1254 1835 materia

478 1859 708 1895 peropportune
738 1855 844 1885 scribit
875 1855 983 1885 beatus
1010 1855 1190 1886 Jcronimus
1213 1857 1252 1887 ad

480 1903 637 1935 Oceanum
654 1905 785 1947 epistola
801 1916 852 1943 42,
868 1907 906 1936 (10
923 1907 986 1936 vita
1005 1906 1185 1937 clericorum
1209 1907 1253 1937 iu-

479 1956 618 1993 titulata,
636 1968 694 1997 que
711 1957 753 1987 sic
770 1957 886 1998 incipit,
904 1958 1096 1999 Sophronius
1111 1964 1140 1989 et
1158 1959 1253 1989 Eusc-

477 2009 544 2039 bius
561 2008 738 2039 Jcronimus
755 2010 878 2040 Oceano
895 2010 1057 2040 salutem.”

373 2065 422 2094 20.
443 2064 605 2105 Expositio
627 2065 763 2105 ejusdem
789 2066 981 2106 quarundam
1006 2066 1252 2107 propositionum

457 2126 494 2145 ex
511 2115 641 2155 epistola
656 2116 744 2146 Pauli
760 2117 891 2157 apostoli
909 2118 946 2148 ad
963 2117 1120 2148 Romanos
1148 2118 1167 2147 f.
1185 2127 1251 2159 153.

501 2165 597 2207 Incip.
618 2171 635 2183 ²⁶
649 2167 725 2197 Cum
742 2169 895 2208 presbiter
910 2169 1011 2200 adhuc
1028 2170 1158 2200 essem.'’

500 2217 544 2248 Cf.
563 2217 636 2248 ibid.
655 2224 729 2249 tom.
744 2219 783 2249 iii.
803 2224 882 2260 part.
897 2220 927 2250 ii.
945 2221 1000 2251 col.
1016 2231 1087 2263 993.

501 2269 538 2298 In
556 2269 649 2305 calce,
666 2274 683 2286 ¹⁶
700 2270 835 2311 Explicit
854 2271 1010 2312 exposicio
1027 2271 1110 2302 bea-ti
1129 2273 1251 2312 Augus-

479 2320 534 2350 tini
551 2332 642 2361 super
658 2322 793 2362 capitula
809 2323 936 2363 epistole
952 2324 991 2354 ad
1009 2323 1195 2353 Romanos.”

373 2384 422 2413 21.
441 2384 588 2423 Ejusdem
611 2385 688 2415 liber
712 2386 750 2415 de
773 2397 865 2426 opere
890 2386 1120 2419 monachorum,
1138 2386 1252 2426 praevia

456 2435 610 2465 sententia
625 2448 661 2466 ex
680 2436 757 2467 libro
775 2437 1055 2468 Retractationum.
1080 2437 1130 2467 fol.
1148 2438 1214 2477 163.

502 2486 615 2518 Exstat
632 2487 704 2518 ibid.
722 2496 796 2519 tom.
809 2489 846 2518 vi.
865 2489 920 2535 cel.
934 2497 1006 2528 475.

371 2548 421 2577 202.
440 2547 586 2587 Ejusdem
602 2561 701 2580 sermo
718 2551 755 2580 ‹le
772 2550 966 2581 Pastoribus.
990 2550 1040 2580 fol.
1058 2559 1112 2590 177
1127 2551 1156 2580 b.

458 2599 554 2640 Incip.
572 2604 591 2617 “
604 2600 680 2641 Spes
696 2606 764 2633 tota
781 2607 887 2633 nostra
899 2602 928 2636 ;'“
951 2606 1026 2632 tom.
1040 2613 1065 2631 v.
1083 2602 1140 2632 col.
1156 2612 1224 2643 225.

373 2662 423 2691 223.
443 2662 587 2702 Ejusdem
604 2675 704 2695 sermo
720 2665 758 2695 de
774 2666 891 2696 ovibus.
915 2665 965 2696 fol.
989 2665 1055 2706 189.

503 2713 593 2754 lncip.
617 2721 634 2731 ⁸*
649 2716 750 2746 Verba
783 2727 841 2756 que
871 2716 1062 2747 cantavimus
1092 2716 1252 2748 continent

482 2764 697 2803 professionem
709 2767 734 2802 3⁸⁷
758 2771 832 2797 tom.
848 2778 874 2797 v.
892 2767 946 2798 col.
962 2769 1031 2805 248.

1304 245 1355 275 24.
1373 244 1521 285 Ejusdem
1542 243 1612 274 libri
1633 246 1769 284 quatuor
1783 243 1821 273 de
1837 243 2002 274 concordia
2019 243 2186 285 evangelis-

1389 299 1501 329 tarum,
1514 294 1629 336 praevia
1647 293 1892 324 Retractatione.
1917 294 1968 324 fol.
1988 304 2059 325 201.

1434 346 1530 386 Incip.
1559 350 1578 363 ‘⁴
1594 345 1683 375 Inter
1713 344 1795 385 ipsas
1825 355 1931 374 omnes
1963 345 2081 376 divinas
2092 346 2120 380 ;”
2150 350 2186 376 ut

1412 397 1484 426 ibid.
1502 402 1576 427 tom.
1592 397 1631 426 iii.
1649 400 1730 437 part.
1745 395 1775 426 ii.
1791 395 1847 426 col.
1866 406 1890 426 1.

1305 462 1355 490 25.
1374 460 1521 500 Ejusdem
1538 460 1615 490 liber
1636 460 1674 490 (10
1695 460 1786 490 laude
1801 463 1833 490 et
1848 460 1985 491 utilitate
2001 460 2185 502 spiritalium

1390 511 1590 547 canticorum,
1609 522 1675 551 quae
1691 511 1770 541 fiunt
1786 511 1816 541 in
1831 511 1973 542 ecclesiae.
1998 512 2048 543 fol.
2065 514 2123 543 282
2136 513 2163 543 b.

1436 562 1533 603 Incip.
1551 566 1569 578 “
1583 562 1744 599 Dicamus,
1765 574 1824 604 que
1849 563 1937 594 nobis
1961 564 2047 594 Deus
2071 564 2186 595 donare

1411 614 1591 655 dignatus.”

1306 667 1355 698 26.
1372 668 1569 698 Venerabilis
1587 668 1691 704 Balsa,
1707 668 1846 709 epistolae
1862 679 1936 704 sex;
1962 668 2087 705 scilicet,

1369 743 1397 762 a.
1415 732 1466 762 Ad
1484 732 1676 772 Plcguinum.
1702 732 1753 761 fol.
1773 734 1843 772 285.

1456 783 1571 814 Exstat
1602 783 1739 824 impress.
1771 784 1851 814 inter
1881 795 1984 825 opera,
2012 784 2061 815 ed.
2088 784 2185 821 Gilcs‚

1434 839 1510 864 tom.
1523 834 1543 864 i.
1561 846 1588 875 p.
1609 845 1675 873 144.

1369 888 1398 919 b.
1416 889 1467 918 Ad
1486 889 1612 919 Accam.
1637 889 1688 919 sol.
1704 889 1774 919 288.

1456 940 1536 970 Ibid.
1554 944 1629 970 tom.
1643 939 1661 969 i.
1679 951 1707 980 p.
1726 941 1793 979 198.

1369 1006 1395 1025 c.
1414 995 1465 1025 Ad
1481 995 1722 1026 Helmuualdum
1739 996 1776 1025 de
1793 995 1939 1026 bissexto.
1964 996 2013 1027 fol.
2029 998 2088 1037 289
2101 997 2130 1028 b.

1451 1046 1550 1088 Incip.
1570 1052 1589 1065 “
1604 1047 1736 1077 Gavisus
1752 1058 1831 1084 sum,
1849 1047 1977 1078 fateor.”

1369 1102 1398 1132 d.
1417 1102 1469 1132 Ad
1486 1103 1605 1132 Accam
1622 1102 1729 1132 altera.
1755 1102 1805 1132 fol.
1822 1111 1890 1142 291.

1456 1153 1536 1184 Ibid.
1553 1158 1629 1184 tom.
1643 1153 1661 1183 i.
1679 1165 1706 1194 p.
1724 1164 1793 1195 203.

1368 1220 1392 1239 e.
1411 1209 1462 1239 Ad
1477 1208 1695 1239 Vuicthedum.
1720 1209 1771 1239 fol.
1787 1218 1848 1249 294
1862 1209 1890 1239 b.

1457 1260 1535 1290 Ibid.
1552 1265 1626 1291 tom.
1640 1260 1658 1290 i.
1676 1271 1705 1301 p.
1727 1269 1792 1301 155.

1369 1314 1389 1345 f.
1407 1315 1457 1345 Ad
1477 1315 1658 1355 Egbertum.
1683 1315 1734 1345 fol.
1750 1319 1809 1356 296
1823 1316 1853 1346 b.

1455 1365 1535 1396 Ibid.
1552 1370 1627 1397 tom.
1640 1366 1659 1397 i.
1676 1377 1704 1407 p.
1724 1367 1791 1397 108.

1305 1431 1355 1461 ΩΤ.
1373 1429 1516 1471 Hugonis
1539 1430 1577 1461 (10
1597 1430 1627 1460 S.
1643 1430 1772 1461 Victore
1795 1430 1872 1461 liber
1895 1431 1932 1462 de
1955 1431 2059 1463 anima
2074 1432 2188 1464 Christi

1390 1481 1430 1511 ad
1448 1481 1638 1512 Walterum.
1662 1482 1712 1511 fol.
1726 1492 1783 1522 30¹
1802 1482 1831 1512 b.

1456 1532 1551 1573 incip.
1570 1537 1587 1549 ⁸⁴
1602 1533 1712 1573 Nuper
1727 1533 1765 1563 de
1783 1533 1921 1564 parisius
1937 1534 2088 1566 veniens.”

1456 1584 1502 1614 Cf.
1521 1595 1625 1625 opera,
1642 1588 1716 1615 tom.
1730 1584 1770 1615 iii.
1788 1584 1838 1615 fol.
1855 1587 1903 1615 26.

1306 1649 1354 1677 28.
1374 1647 1422 1678 De
1453 1648 1490 1678 B.
1514 1647 1623 1678 Mariae
1651 1647 1790 1689 Virginis
1820 1652 1972 1689 perpetua
1998 1649 2187 1691 virginitate,

1390 1703 1517 1729 auctore
1533 1699 1651 1729 eodem.
1676 1699 1726 1728 fol.
1740 1701 1800 1739 306
1815 1699 1844 1729 b.

1455 1749 1551 1790 Incip.
1566 1754 1583 1766 ‘⁵
1597 1750 1645 1780 De
1661 1750 1842 1791 incorrupta
1858 1750 2036 1792 virginitate
2052 1751 2187 1783 matris.”

1305 1815 1356 1847 2³9.
1374 1814 1405 1845 S.
1422 1814 1651 1846 Bonaventurae
1668 1814 1753 1850 liber.
1772 1814 1823 1855 qui
1840 1814 1965 1852 (licitur,
1983 1815 2184 1846 Breviarium.

1390 1865 1440 1896 sol.
1455 1875 1488 1906 3¹
1497 1875 1527 1905 5.

1455 1916 1570 1947 Exstat
1586 1916 1724 1957 impress.
1741 1916 1822 1947 inter
1838 1927 1940 1957 opera,
1958 1922 2032 1947 tom.
2046 1917 2083 1948 vi.
2100 1928 2129 1958 p.
2141 1926 2170 1958 5.

1455 1967 1490 1997 In
1518 1967 1612 2003 calce,
1637 1972 1653 1984 “
1668 1967 1804 2008 Explicit
1834 1967 1940 1998 fratris
1969 1969 2186 1999 Bonaventure

1432 2018 1653 2049 Breviariuin.”

1303 2083 1354 2112 80.
1372 2082 1511 2112 Homilia
1532 2082 1561 2112 in
1583 2082 1678 2119 istud,
1695 2086 1701 2098 ⁶
1714 2082 1803 2113 Hora
1819 2086 1866 2113 est
1882 2094 1898 2113 e
1914 2094 2022 2114 somno
2037 2085 2182 2125 surgere.'

1389 2134 1438 2164 fol.
1457 2143 1529 2174 350.

1454 2184 1550 2225 Incip.
1571 2190 1587 2200 ‘⁵
1602 2184 1732 2215 Fratres
1748 2185 1772 2215 si
1788 2185 2010 2226 contingeret.”

1453 2235 1632 2276 Sequuntur
1647 2235 1821 2277 fragmenta
1840 2247 1878 2266 ex
1899 2236 1984 2266 libris
2000 2236 2182 2277 quibusdam

1431 2286 1644 2317 ecclesiasticis
1660 2287 1742 2317 notis
1758 2287 1911 2318 instructa
1927 2287 2154 2318 musicalibus.'’

1726 2394 1764 2427 L.

1305 2454 1423 2487 Codex
1441 2455 1733 2492 membranaceus.
1747 2456 1780 2489 111
1797 2455 1888 2495 folio,
1904 2456 1936 2490 ff.
1951 2455 2031 2496 263,
2046 2467 2112 2491 sec.
2125 2468 2180 2491 xv.

1328 2515 1353 2544 l.
1372 2515 1400 2544 S.
1419 2514 1600 2555 Hieronymi
1622 2515 1810 2546 tractatulus
1829 2517 1866 2546 de
1882 2516 1987 2547 decem
2004 2516 2182 2548 tentationi-

1389 2566 1454 2602 bus,
1472 2566 1582 2607 quibus
1601 2571 1800 2598 tentaverunt
1820 2567 1872 2597 filii
1890 2567 1987 2598 Israel
2003 2567 2180 2598 Dominum.

1388 2617 1438 2647 fol.
1461 2627 1483 2647 1.

1432 2668 1527 2710 Incip.
1550 2668 1650 2699 “Hec
1680 2673 1752 2699 sunt
1779 2669 1872 2699 verba
1901 2680 1960 2711 que
1988 2669 2110 2701 locutus
2135 2674 2182 2701 est

1411 2719 1572 2759 Moyscs;''
1603 2724 1637 2750 ut
1660 2719 1690 2750 in
1712 2720 1788 2750 edit.
1808 2720 1942 2752 Vallars.
1965 2724 2040 2751 tom.
2056 2721 2097 2752 iii.
2124 2720 2179 2752 col.

1412 2780 1479 2809 74¹·
