2254 3117
375 165 443 200 126

398 264 505 297 Mert.
533 275 576 297 ex
604 264 693 296 dono
726 262 870 296 Roberti
903 262 1052 303 Sherles,
1080 265 1252 309 quondam

396 323 488 355 socii.

415 392 442 420 1.
459 390 586 420 Thomae
608 389 755 419 W'aldeni
782 390 963 421 doctrinalis
988 391 1123 422 ecclesia?
1148 392 1253 423 catho-

475 441 539 470 licse
563 440 639 470 liber
662 441 774 471 tertius
795 445 827 471 et
847 446 978 482 quartus
1003 447 1112 473 contra
1129 443 1253 484 XVyele-

476 491 581 527 vistas7
599 502 667 521 cum
684 492 828 533 prologis.
852 492 903 523 fol.
919 502 946 523 2.

518 542 579 572 Tit.
597 548 614 558 ⁸·
630 542 722 573 Liber
737 543 851 573 tercius
867 543 1004 574 doctoris
1016 544 1121 575 fratris
1135 544 1252 575 Thome

497 593 650 624 lValdene
676 594 873 634 provincialis
905 595 1024 636 Anglie,
1042 596 1157 626 ordinis
1183 595 1251 625 Vir·
1281 627 1282 634 ἶ

494 644 575 685 ginis
591 645 700 675 matris
717 645 775 675 Dei
796 646 835 675 de
856 654 961 677 monte
978 646 1122 683 Carmeli,
1135 647 1172 677 dc
1185 657 1249 687 per·
1281 646 1282 671 l

495 695 583 725 fectis
611 695 796 726 Christianis
826 696 1033 737 Evangeliois,
1063 697 1093 727 id
1125 702 1183 733 est,
1213 697 1251 727 de
1280 727 1282 735 χ

494 746 644 787 religiosis
660 747 732 777 viris
748 747 779 777 in
794 748 957 784 communi,
972 752 1081 778 contra
1098 747 1251 777 hereticos

494 797 735 838 U'yclevistasss’

516 848 654 879 Exstant
670 848 810 890 impress.
829 849 929 880 Paris.
951 858 1038 889 1522,
1056 852 1087 878 et
1103 848 1185 878 alibi.

518 900 556 929 In
572 900 666 936 calce,
683 900 736 930 lib.
754 900 792 930 iv.

370 954 387 966 *‘
400 950 461 980 Hic
477 950 555 981 liber
567 955 615 981 est
627 951 770 992 scriptus,
783 951 834 992 qui
850 951 972 992 scripsit
985 950 1026 981 sit
1039 950 1249 980 bene<lictus.”
1279 961 1280 985 i

411 1015 437 1043 2.
463 1014 549 1054 Opus
581 1013 722 1054 magistri
749 1013 791 1043 W
796 1013 898 1043 illelmi
929 1013 1119 1043 Wodefordc
1157 1024 1250 1054 super
1279 1009 1280 1012 ¹

472 1065 572 1095 causis
595 1065 861 1095 condemnationis
877 1065 1077 1095 articulorum
1093 1065 1248 1095 Johanuis
1278 1097 1280 1110 ›

476 1116 607 1156 VVyelef.
632 1116 682 1146 fol.
698 1116 746 1153 84.

517 1167 611 1208 Incip.
631 1172 648 1183 “
661 1166 821 1197 Articulus
834 1167 959 1208 primus.
1000 1167 1037 1196 In
1054 1171 1248 1197 sacramento

496 1219 605 1249 altaris
621 1222 726 1249 manet
742 1222 813 1259 post
827 1218 1089 1248 consecrationem
1106 1218 1247 1248 substan·
1277 1218 1279 1258 j

494 1271 539 1301 tia
554 1270 650 1312 panis.
696 1269 803 1299 Prima
826 1280 919 1299 causa
943 1269 1247 1303 condemnationis?

494 1327 529 1353 ut
545 1322 576 1352 in
594 1322 714 1352 Brown.
734 1321 834 1351 Fasei.
852 1321 924 1352 Rer.
944 1321 1119 1362 Expetend.

410 1388 436 1417 53.
456 1386 682 1417 Determinatio
704 1385 844 1426 magistri
865 1385 917 1415 Jo.
932 1385 1096 1420 Deverose,
1114 1385 1143 1414 in
1161 1385 1245 1415 theo-

473 1437 554 1478 logia
567 1437 702 1467 doctoris
718 1436 842 1477 egregii,
856 1436 894 1466 de
909 1436 1091 1466 adoratione
1106 1447 1142 1466 ac
1158 1447 1245 1465 vene-

472 1489 592 1518 ratione
606 1487 783 1528 ymaginum
799 1494 908 1517 contra
921 1486 1116 1517 maledictam
1129 1492 1245 1516 sectam

476 1540 698 1570 Lollardorum.
722 1538 773 1569 fol.
795 1539 851 1568 118
869 1538 898 1568 b.

516 1591 612 1631 Incip.
624 1595 641 1607 ‘⁶
655 1590 770 1621 Utrum
783 1590 941 1630 ymagines
952 1589 1066 1620 Christi
1080 1593 1109 1619 et
1124 1593 1244 1619 sancto-

492 1654 560 1673 rum
576 1643 637 1673 sint
653 1642 684 1672 in
699 1641 835 1672 fidelium
851 1641 985 1671 ccelesiis
1001 1640 1168 1671 honorifice
1184 1641 1244 1671 col-
1275 1645 1276 1654 ¹

492 1694 620 1724 locande
641 1697 735 1733 atquc
759 1693 852 1723 latria
875 1692 937 1723 sive
960 1692 1043 1723 dulia
1058 1692 1157 1723 liciter
1171 1693 1243 1722 ado-

492 1744 598 1775 rande.
631 1744 673 1774 Et
690 1744 771 1784 quod
788 1755 847 1774 non
863 1744 1015 1784 arguitur,
1034 1744 1113 1774 Nam
1134 1743 1243 1774 talium

490 1795 675 1836 ymagines.”

512 1845 550 1876 In
574 1845 667 1881 ealce,
697 1850 714 1861 ⁴*
734 1845 869 1886 Explicit
900 1845 1154 1881 (let‹;·rmi11ati0‚''
1181 1851 1241 1876 cte.

489 1901 524 1926 ut
540 1907 634 1937 supra
651 1902 668 1912 ⁸*
682 1896 763 1936 quod
781 1896 838 1926 Af*

405 1964 433 1991 4.
459 1961 607 2001 Ejusdem
622 1959 777 1989 Johannis
798 1959 1016 1990 determinatio
1040 1960 1077 1990 dc
1103 1960 1241 2001 Peregri-

469 2012 605 2043 natione¹
629 2010 679 2040 fol.
699 2011 767 2040 128.

511 2061 608 2102 Incip.
628 2065 644 2077 ί*
659 2060 775 2091 Utrum
791 2060 881 2090 liceat
898 2060 1038 2090 fidelibus
1053 2061 1093 2091 ad
1119 2066 1240 2092 saneto-

486 2124 555 2144 rum
571 2112 744 2149 basilicas‚''
760 2116 819 2142 etc.

510 2172 527 2181 *⁸
544 2163 633 2203 Quod
650 2174 710 2194 non
729 2162 871 2204 arguitur
886 2162 939 2199 sic,
958 2162 1037 2193 Nam
1062 2163 1130 2194 loca
1154 2174 1240 2204 perc-

486 2214 671 2256 grinationis
688 2218 827 2255 tempore
843 2214 1019 2244 modernos7

401 2282 429 2309 5.
448 2279 595 2319 Ejusdem
621 2277 847 2318 Responsioues
869 2277 909 2307 ad
929 2277 1088 2308 mendacia
1112 2278 1239 2318 pernici-

464 2341 518 2360 osa
534 2329 688 2360 maliciose
705 2328 761 2358 sibi
778 2328 932 2369 imposita.
959 2328 1010 2358 sol.
1029 2338 1080 2369 131
1102 2329 1131 2358 b.

507 2381 606 2422 Incip.
636 2384 653 2396 ·‘
669 2380 743 2410 Jam
770 2384 868 2410 restat
893 2380 1054 2410 excludere
1079 2380 1238 2411 mendacia

486 2431 685 2474 perniciosas*

508 2485 546 2513 In
570 2483 664 2520 ealce,
689 2487 706 2499 ‘⁴
724 2481 905 2522 Expliciunt
936 2482 1148 2523 responsiones
1172 2493 1236 2513 ma-

482 2535 572 2575 gistri
594 2535 627 2565 J.
647 2534 801 2565 Deverose
827 2533 867 2564 ad
894 2534 1025 2574 quedam
1054 2539 1239 2574 argumenta

485 2587 707 2623 Lossardorum,
736 2585 846 2626 quibus
884 2584 1015 2625 probare
1048 2584 1236 2620 nitebantur,

483 2638 566 2678 quod
579 2637 678 2668 omnis
689 2636 832 2667 sacerdos
844 2639 969 2666 tenetur
981 2635 1149 2676 predicare,
1161 2636 1237 2666 etcf‘

398 2692 427 2724 6.
446 2693 594 2734 Ejusdem
612 2697 629 2709 “
646 2692 735 2731 Quod
751 2691 869 2722 licitum
884 2694 932 2720 est
947 2689 1160 2720 sacerdotibus
1184 2690 1237 2721 sti-

463 2744 609 2785 pendium
634 2743 768 2774 annuale
792 2742 927 2782 reeipere
951 2752 1007 2782 pro
1028 2740 1118 2771 officii
1143 2741 1235 2771 divini

460 2794 665 2826 celebratione
682 2794 747 2825 sine
764 2793 923 2824 simonia.”
945 2792 994 2823 fol.
1012 2801 1081 2834 153.

934 163 1234 200 CATALOGUS
1261 167 1494 203 CODICUM
1522 168 1631 203 MSS.

1435 267 1534 308 Incip.
1561 272 1578 284 ‘⁴
1596 267 1713 298 Utrum
1739 267 1916 299 sacerdotes
1939 269 2024 300 licite
2051 270 2188 312 recipere

1412 323 1541 359 possunt
1551 330 1589 349 ex
1600 318 1803 349 conventione
1813 320 2052 360 pecunias‚‘'ete.
2072 328 2089 339 “
2097 324 2186 362 Quod

1412 379 1473 398 non
1488 368 1631 410 arguitur
1644 368 1743 409 primo
1754 369 1808 405 sic,
1821 369 1859 399 In
1875 371 2009 410 quodam
2021 374 2188 404 tractatus·

1327 428 1355 458 7.
1372 427 1465 458 Dicta
1492 439 1530 458 ex
1552 428 1812 459 Distinctionibus
1834 429 1990 461 Johannis
2013 431 2185 474 Bromyard

1390 479 1428 509 de
1445 479 1553 509 Missa.
1579 479 1629 509 fol.
1648 478 1712 520 156.

1434 529 1531 570 Incip.
1549 534 1566 546 “
1582 529 1700 571 Magna
1715 530 1835 561 utilitas
1851 542 1944 572 quam
1960 532 2091 564 bonus.’'

1326 589 1355 618 S.
1373 587 1522 628 Ejusdem
1538 588 1685 627 QuaestiQ
1705 590 1822 620 Utrum
1846 598 1960 630 praeter
1983 591 2109 622 effeetus
2131 592 2186 623 mi-

1389 640 1501 670 rabiles
1526 640 1578 681 qui
1603 640 1683 672 fiunt
1708 641 1893 672 naturaliter
1916 642 1947 672 in
1971 643 2186 675 instrumentis

1388 691 1521 726 musicis,
1546 691 1641 722 habet
1667 692 1728 722 vim
1753 693 1906 724 Armonio,
1926 694 2098 735 expellendi
2125 695 2184 726 ‹lae-

1388 753 1494 772 mones
1509 754 1528 773 a
1543 743 1724 784 corporibus
1740 744 1882 775 obsessis.
1907 745 1958 775 fol.
1974 747 2032 785 156
2048 745 2078 777 b.

1433 793 1527 834 Incip.
1545 798 1562 810 ‘⁸
1578 794 1615 823 In
1631 793 1689 824 hac
1705 795 1866 834 questione
1888 799 2023 836 quatuor
2041 795 2184 826 videntur

1409 844 1559 874 contineri
1576 844 1807 876 difficultates.'¹

1280 940 1281 943 Ἴ
1324 910 1351 940 9.
1369 908 1527 949 Anonymi
1544 908 1704 949 cujusdam
1720 910 1758 939 de
1780 909 1983 949 conceptione
1999 910 2035 942 B.
2049 911 2183 952 Virginis

1389 958 1507 989 Mariae.
1532 959 1582 989 fol.
1599 968 1667 999 157.

1429 1009 1526 1050 Incip.
1543 1014 1562 1027 “
1577 1010 1680 1040 Marie
1701 1010 1739 1040 de
1763 1010 1872 1040 matris
1893 1012 2055 1052 concepeio
2080 1012 2183 1053 singu-

1407 1060 1480 1091 laris
1496 1061 1640 1091 immunis
1655 1061 1714 1091 fuit
1728 1072 1748 1091 a
1763 1061 1870 1091 viei0.”

1430 1110 1466 1140 In
1490 1111 1538 1140 fol.
1557 1121 1582 1141 1.
1598 1111 1628 1147 b,
1644 1115 1715 1152 post
1731 1111 1871 1142 tabularu
1895 1117 2112 1143 contentorum
2137 1125 2181 1145 se-

1385 1168 1522 1203 quuntur
1538 1174 1654 1199 versus,

1313 1220 1329 1230 ⁴·
1344 1214 1508 1245 Fratribus
1525 1215 1645 1246 Oxonie
1660 1215 1754 1245 datur
1769 1215 1800 1245 in
1817 1226 1927 1246 munus
1944 1216 2023 1247 liber
2038 1216 2096 1248 iste

1543 1266 1692 1292 Johannem
1707 1266 1930 1297 Whethamstede,

1343 1309 1405 1339 Per
1421 1314 1542 1350 patrem
1559 1321 1704 1351 pecorum
1725 1310 1977 1351 prothomartiris
1994 1311 2180 1353 Angligena-

1405 1372 1482 1396 rum,

1342 1412 1439 1450 Quem
1456 1413 1479 1443 si
1497 1412 1564 1453 quis
1580 1412 1693 1453 rapiat,
1709 1413 1823 1453 raptim
1839 1413 2002 1444 titulumve
2018 1419 2179 1453 retractet,

1342 1463 1400 1494 Vel
1417 1463 1438 1494 J
1443 1464 1500 1494 ude
1516 1463 1660 1504 laqueum
1676 1463 1721 1494 vel
1738 1464 1840 1494 fureas
1855 1464 1980 1501 sensiat,
1999 1465 2131 1495 Amen.”

1633 1586 1830 1620 CCCXIX.

1298 1656 1417 1690 Codex
1438 1656 1729 1692 membranaceus,
1748 1658 1781 1689 in
1801 1656 1883 1689 folio
1901 1656 2030 1700 majori,
2046 1655 2079 1689 ff.
2095 1659 2175 1696 323,

1322 1726 1387 1747 see.
1407 1726 1476 1753 xv.,
1501 1725 1605 1747 manu
1632 1714 1801 1747 Johannis
1821 1713 1920 1753 Holt,
1939 1714 2009 1747 ord.
2029 1714 2175 1748 Carmel.

1320 1772 1408 1805 binis
1427 1772 1594 1806 columnis
1613 1773 1743 1817 optime
1761 1777 1931 1805 exaratus.

1339 1842 1465 1872 Thomte
1486 1841 1664 1872 waldensis
1685 1841 1876 1872 Doctrinalis
1899 1841 1969 1871 fidei
1994 1840 2071 1871 liber
2086 1840 2173 1882 quin-

1358 1898 1418 1928 tus,
1443 1893 1505 1923 sive
1528 1893 1605 1923 liber
1631 1893 1669 1924 de
1696 1898 1815 1934 septem
1838 1892 2039 1923 sacramentis
2066 1896 2174 1922 contra

1360 1944 1577 1984 W'yelcvistas.

1400 1998 1515 2030 Exstat
1531 1998 1642 2039 scepius
1658 1998 1832 2039 impressus.

1401 2052 1650 2088 Praemittuntur‚

1271 2128 1272 2131 η
1313 2115 1339 2135 a.
1358 2104 1500 2145 Epistola
1513 2104 1618 2135 fratris
1632 2102 1903 2134 ThomelValdeni
1919 2103 2038 2134 directa
2053 2113 2172 2133 summo

1376 2156 1514 2197 pontifici
1546 2155 1685 2186 Μαι-11110
1715 2166 1794 2196 pape
1820 2155 1859 2185 V.
1886 2155 1924 2185 de
1949 2166 2041 2196 opere
2065 2166 2170 2186 couse-

1377 2208 1493 2248 quenti.
1517 2207 1569 2238 fol.
1588 2217 1613 2237 1.

1312 2267 1341 2298 b.
1360 2267 1512 2308 Prologus
1535 2267 1651 2308 primus
1675 2267 1705 2296 in
1736 2267 1878 2307 quintum
1908 2265 2020 2296 librum
2047 2265 2171 2296 Doctri-

1375 2319 1453 2350 ualis
1469 2319 1594 2350 ecclesie
1610 2318 1737 2355 Christi,
1753 2318 1805 2359 qui
1821 2322 1868 2348 est
1892 2318 1930 2348 de
1951 2317 2168 2348 Sacramentis.

1376 2371 1427 2401 fol.
1440 2380 1468 2401 2.

1311 2440 1335 2460 c.
1354 2429 1474 2460 Tabula
1489 2429 1713 2470 Capitulorum.
1738 2429 1787 2459 fol.
1804 2439 1838 2470 13
1858 2429 1886 2459 b.

1418 2485 1456 2515 In
1473 2485 1554 2515 calce
1570 2485 1640 2515 libri
1656 2485 1694 2515 (le
1710 2485 1895 2515 eucharistia
1911 2488 2048 2520 notatur,

1333 2540 1350 2552 ‘⁴
1364 2535 1517 2566 Dextrum
1533 2535 1696 2566 scribentis
1712 2536 1874 2566 benedicat
1889 2535 1993 2576 lingua
2008 2534 2146 2576 legentis.

1365 2587 1522 2628 Scriptum
1548 2598 1603 2628 per
1623 2598 1749 2617 manum
1776 2587 1881 2617 fratris
1902 2585 2054 2616 Johannis
2076 2584 2166 2622 Holt,

1459 2637 1656 2668 Cannelite.”

1418 2692 1454 2721 In
1482 2691 1564 2722 calce
1594 2691 1715 2727 codicis,
1747 2694 1765 2707 ‘⁶
1787 2690 1928 2731 Scriptus
1958 2700 2013 2730 per
2042 2699 2165 2719 manum

1394 2742 1500 2772 fratris
1521 2742 1542 2772 J
1547 2742 1676 2772 ohannis
1700 2741 1790 2777 Holt,
1810 2740 1926 2771 ordinis
1947 2740 2038 2770 beate
2063 2739 2164 2769 Maric

1393 2792 1551 2834 genitricis
1566 2792 1625 2823 Dei
1641 2792 1679 2823 de
1694 2795 1798 2822 monte
1814 2789 1975 2822 Carmeli.”
