2254 3117
371 156 417 187 40
927 152 1057 186 CATA
1063 152 1228 188 LOGUS
1253 154 1487 191 CODICUM
1515 156 1623 191 MSS.

453 251 484 282 in
505 252 613 282 ordine
635 252 674 282 ad
696 251 842 292 epistolas
863 252 1062 288 scribendas3
1088 264 1157 283 cum
1181 264 1249 294 pro-

451 302 531 344 logo.
554 302 605 332 sol.
619 304 659 333 60
672 303 701 332 b.

494 353 590 394 Incip.
605 353 681 394 prol.
699 358 716 369 ⁴⁴
727 353 804 383 Cum
820 354 1041 385 exornaciones
1057 355 1248 386 verborum.”

492 404 588 445 Incip.
606 409 698 435 tract.
717 404 905 444 “Repeticio
921 409 977 442 est,
994 409 1052 436 etc.
1094 405 1178 437 Huic
1199 417 1247 437 or-

470 455 590 485 uacioni
614 455 834 496 correspondet
857 455 888 485 iu
908 456 1018 493 (ἑτερο,
1037 461 1188 497 quantum
1206 458 1246 488 ad

469 505 630 546 primumf'

384 558 411 586 5.
431 556 578 597 Epistolae
595 567 722 587 numero
739 557 814 587 cxlv.
838 557 889 588 fol.
903 558 952 588 88.

489 607 647 648 Inscripta
672 612 720 638 est
747 608 854 649 prima,
880 609 1102 650 “Gasparinus
1130 610 1244 651 Perga-

467 657 580 688 mensis
600 658 764 699 plurimam
779 658 855 689 dicit
871 659 1003 690 salutem
1019 670 1074 690 suo
1092 660 1244 699 La9a1'ino

468 709 594 740 Reste.'’

488 760 585 802 Incip.
610 760 793 792 “Gratulor
815 761 873 792 tibi
896 762 979 802 quod
1002 762 1079 792 bene
1103 762 1243 793 amicicia

467 811 607 842 Danielis
622 813 749 849 nostris*
766 817 801 843 ut
817 813 847 843 in
863 813 937 843 edit.
954 813 1070 844 Furict.
1088 825 1116 854 p.
1134 824 1161 843 11
1176 823 1199 843 ι.

486 863 553 894 Alt.
585 868 632 894 est
661 864 701 894 ad
729 863 892 894 Valerium
916 864 1116 900 ‘Marcellulm
1148 864 1239 905 incip.

465 914 596 953 “Quam
620 925 669 945 res
695 915 788 945 michi
814 926 920 945 omnes
946 915 1074 946 adverse
1101 915 1151 945 illo
1175 915 1240 956 ipso

484 968 624 1007 tempore
637 966 664 1003 ;“'
687 966 759 996 ibid.
778 977 807 1008 p.
825 967 889 996 186.

377 1015 406 1046 6.
424 1015 473 1046 De
490 1017 713 1058 orthographia
728 1017 814 1048 liber.
839 1017 888 1047 fol.
908 1027 974 1055 142.

484 1067 580 1108 Incip.
600 1072 617 1084 “
631 1068 782 1107 Quoniam
799 1076 885 1098 recta
901 1068 1087 1109 scriptura.''

482 1118 589 1149 Desin.
607 1124 624 1136 “
638 1120 774 1156 Zoticus.
791 1132 819 1156 a,
837 1131 897 1155 um,
915 1131 969 1160 per
984 1131 1079 1149 unum
1096 1124 1119 1156 t,
1139 1120 1169 1150 id
1191 1124 1237 1151 est

460 1169 573 1206 vitalis,
585 1174 617 1201 et
634 1171 761 1212 corripit
778 1171 997 1212 penultimarum
1024 1171 1090 1200 Deo
1105 1171 1235 1211 gracias,

460 1221 590 1252 Anien.”

685 1282 903 1316 CXXXIII.

352 1343 472 1378 Codex
499 1344 791 1382 membranaceus,
820 1345 855 1377 in
884 1344 977 1383 folio,
1006 1343 1038 1377 ff.
1059 1347 1141 1384 277,
1168 1357 1234 1379 sec.

375 1402 444 1435 xiv.
471 1402 632 1441 ineuntis,
661 1402 749 1435 binis
780 1402 949 1435 columnis
980 1403 1089 1435 nitide
1117 1406 1259 1436 exara-‘

375 1463 450 1499 tus3
470 1459 551 1493 olim
567 1460 680 1493 fratris
693 1460 832 1493 Thomae
844 1460 1093 1504 'Pi-umpynton,
1108 1461 1186 1494 ST.
1196 1461 1232 1495 P.

373 1522 494 1562 postea
511 1517 589 1551 coll.
609 1517 697 1551 Ball.
716 1529 759 1551 ex
779 1517 869 1551 douo
886 1517 986 1550 Will.
1001 1518 1105 1563 Gray.

391 1576 618 1608 Bonavcuturae
635 1577 808 1608 Cardinalis
830 1578 1070 1608 commentarius
1091 1589 1184 1618 super
1200 1579 1233 1609 li-

412 1628 484 1658 bros
501 1629 731 1659 Sententiarum
748 1629 881 1670 primum
898 1634 929 1660 ct
945 1630 1122 1660 secundum.

454 1678 608 1709 Praecedit
633 1679 741 1710 tabula
764 1679 968 1720 quzestionum
991 1680 1098 1711 ordine
1124 1681 1230 1721 alpha-

431 1729 533 1760 betico
558 1730 718 1771 disposita,
746 1731 836 1772 incip.
864 1732 1084 1768 “Absoluci03
1115 1732 1229 1763 Utrum

430 1781 557 1811 inferior
577 1782 674 1822 possit
696 1782 855 1813 absolvere
878 1783 1078 1824 superiorem,
1095 1784 1163 1825 ipso
1178 1796 1229 1815 vo-

430 1831 540 1862 lento?

472 1883 510 1913 Iu
527 1884 616 1919 calce,
632 1890 649 1900 ‘²
662 1884 799 1926 Explicit
815 1886 966 1916 secundus
984 1886 1228 1918 B011ave11tu1'e.”

472 1934 510 1964 In
533 1935 583 1965 fol.
604 1945 613 1964 1
640 1935 806 1976 rejectanei
831 1937 923 1967 dorso
947 1942 1108 1975 notantur,
1135 1943 1152 1955 *⁶
1164 1939 1228 1969 Pro

451 1985 554 2016 anima
572 1986 668 2017 Alicie
684 1987 721 2017 de
738 1987 906 2028 Depedene
926 1989 1035 2019 matris
1053 2013 1157 2019 .....
1176 1989 1227 2020 Ni-

450 2038 550 2068 cholai
576 2039 614 2069 de
643 2039 782 2075 eaclen]‚”
811 2044 843 2070 et
873 2047 992 2081 postea,
1020 2046 1038 2057 “
1055 2040 1120 2071 Iste
1150 2041 1228 2072 liber

449 2093 572 2120 constat
605 2090 695 2120 fratri
726 2090 845 2121 Thome
876 2091 1101 2133 Trumpynton‚
1133 2093 1227 2133 precii

448 2139 509 2180 viij.
526 2151 712 2178 marcarum,
728 2141 843 2171 ordinis
859 2142 1021 2180 minorum,
1039 2154 1125 2173 sacre
1142 2143 1226 2173 theo-

448 2190 528 2231 logie
542 2191 707 2232 professori
719 2192 747 2227 ;”
760 2196 791 2222 et
804 2192 834 2222 in
847 2193 961 2234 pagina
973 2194 1122 2234 sequenti,
1135 2198 1152 2210 ⁴⁴
1165 2194 1226 2224 Pro

447 2243 552 2273 anima
569 2267 724 2274 .......
735 2238 748 2274 ’.
766 2244 818 2285 qui
840 2245 926 2276 dedit
949 2250 1050 2276 totam
1074 2257 1226 2276 summam

447 2293 664 2325 Bonavcnture
680 2294 710 2324 iu
727 2295 784 2325 hoc
800 2296 952 2327 volumine
969 2300 1000 2328 et
1015 2297 1045 2327 al
1059 2322 1065 2328 .
1083 2322 1086 2326 .
1104 2321 1110 2327 .
1129 2321 1134 2326 .
1151 2321 1158 2327 .
1174 2297 1224 2328 lad

447 2345 554 2376 muudi
570 2346 789 2376 auctoritate.'‘'

676 2427 890 2461 CXXXIV.

343 2487 641 2529 Membranaceus,
659 2490 694 2522 iu
713 2489 806 2529 folio,
821 2490 854 2523 ff.
870 2494 951 2530 252,
971 2503 1037 2524 sec.
1053 2491 1124 2524 xiii.
1143 2502 1224 2524 exc-

365 2548 468 2587 untis,
481 2548 594 2592 quoad
612 2552 744 2592 partem
763 2545 908 2592 primam
927 2560 1031 2581 manu
1046 2549 1161 2582 Ivonis
1180 2549 1223 2582 de

365 2603 590 2651 Haverberga
606 2605 696 2639 binis
714 2605 882 2639 columnis
900 2611 1070 2640 exaratus

382 2666 608 2698 Bonaventurae
625 2666 800 2698 Cardinalis
821 2668 1060 2697 commentarius
1078 2678 1171 2709 super
1189 2667 1239 2697 1i-.

403 2718 475 2749 bros
491 2718 722 2749 Sententiarum
739 2717 867 2748 tertium
882 2722 915 2749 et
931 2722 1087 2758 quartum.

446 2769 542 2811 Incip.
561 2769 677 2801 “Deus
696 2769 747 2810 qui
766 2769 850 2800 dives
871 2769 948 2807 est?
964 2773 1021 2800 cte.
1068 2776 1086 2786 ⁸⁵
1100 2769 1136 2800 In
1161 2779 1221 2810 quo

1386 253 1557 284 insinuatur
1583 254 1671 284 nobis
1698 259 1803 284 nostre
1830 254 2053 296 redempcionis
2083 255 2185 286 miste-

1384 305 1464 335 rium
1475 306 1504 341 ;''
1527 310 1563 335 ut
1578 305 1609 335 in
1624 305 1698 336 edit.
1715 304 1856 346 impress.

1430 355 1466 386 In
1489 356 1571 386 calce
1592 355 1644 386 lib.
1663 355 1704 386 iii.
1728 355 1897 397 “Explicit
1919 355 2032 386 tertius
2057 356 2186 388 Senten—

1407 407 1520 438 tiarum
1551 407 1655 438 fratris
1682 407 1912 444 Bonaventure‚
1939 418 2033 448 quam
2062 407 2184 449 scripsit

1407 458 1463 488 Ivo
1479 459 1517 488 de
1532 458 1769 499 Have1·berga.”

1427 508 1465 539 In
1482 509 1564 539 ealce
1582 509 1695 540 codicis
1715 512 1887 550 sequuntur
1903 508 2099 540 definitiones
2118 521 2183 551 sep-

1405 562 1468 589 tem
1491 559 1773 595 Sacramentorum,
1796 559 1899 600 quoad
1921 559 2043 600 signum
2065 566 2096 590 et
2118 571 2183 591 rem

1404 611 1561 652 cujusque,
1586 611 1676 652 incip.
1702 616 1719 628 “
1738 611 1774 640 In
1797 614 1993 641 sacramento
2015 610 2182 652 baptismi3

1405 661 1533 703 Signum
1548 667 1671 694 tantum
1688 666 1736 692 est
1752 661 1888 692 exterior
1903 661 2058 692 ablucio.”

1639 743 1830 777 CXXXV.

1295 802 1415 836 Codex
1442 803 1735 843 membranaceus,
1764 804 1799 837 iu
1830 803 1922 842 folio,
1949 803 1985 837 ff.
2006 806 2085 843 131,
2113 815 2180 837 see.

1319 872 1386 900 XV„
1410 862 1518 894 nitide
1545 866 1715 901 exaratus,
1743 862 1802 895 sed
1827 861 1993 902 mutilus3
2020 873 2064 895 ex
2089 862 2179 896 douo

1320 917 1419 950 Will.
1441 918 1544 962 (lray.

1339 979 1364 1008 l.
1382 977 1513 1008 Guariui
1531 977 1719 1008 Veronensis
1735 978 1892 1008 orationes
1909 978 1993 1008 xxix.
2020 978 2070 1008 fol.
2090 988 2115 1008 1.

1421 1029 1518 1070 Incip.
1533 1029 1551 1059 i.
1569 1034 1587 1046 “
1598 1029 1673 1059 Νοη
1689 1029 1836 1060 mediocri
1852 1040 1901 1060 me
1917 1029 2038 1060 dicendi
2055 1031 2178 1060 onere.”

1421 1079 1508 1109 Inter
1526 1079 1682 1110 orationes
1702 1079 1779 1110 alias
1801 1079 2030 1121 anepigraphas
2051 1080 2177 1121 partim,

1398 1131 1512 1172 partim
1523 1131 1586 1161 suis
1596 1131 1695 1161 titulis
1705 1131 1878 1172 insignitas,
1890 1131 2046 1162 habentur
2056 1136 2089 1163 et
2098 1132 2176 1171 istae,

1354 1193 1383 1212 a.
1401 1182 1452 1212 Ad
1479 1182 1658 1212 Leonellum
1686 1182 1852 1212 Estensem
1880 1182 2091 1213 marchionem
2120 1194 2177 1224 pro

1417 1233 1585 1274 assumptis
1602 1233 1797 1274 equestribus
1813 1233 1994 1275 insignibus
2018 1234 2070 1264 fol.
2087 1236 2123 1265 16
2138 1235 2166 1265 b.

1461 1283 1558 1325 Incip.
1577 1288 1594 1300 ‘²
1608 1283 1770 1314 Hodierno
1786 1284 1846 1322 die,
1864 1285 1906 1315 mi
1922 1286 2010 1316 rex.'’

1353 1335 1382 1366 b.
1399 1335 1439 1366 In
1461 1335 1646 1366 calumniam
1670 1335 1797 1366 Luciani
1820 1336 1861 1366 ad
1880 1336 2055 1367 Johannem
2073 1337 2174 1376 Quiri-

1417 1398 1490 1418 num
1509 1387 1667 1417 Venetum
1683 1387 1876 1427 prooemium.
1900 1387 1951 1418 fol.
1967 1396 2015 1418 22.

1460 1439 1556 1480 Incip.
1575 1443 1593 1455 ‘⁶
1606 1439 1823 1470 Animadverti
1840 1450 1922 1480 saepe
1938 1440 2085 1470 mecum.''

1352 1501 1377 1521 c.
1397 1490 1434 1520 In
1450 1490 1634 1520 rhetoricam
1651 1501 1761 1520 novam
1778 1490 1946 1521 Ciceronis.
1970 1491 2021 1521 fol.
2035 1491 2084 1522 28.

1458 1542 1553 1582 Incip.
1573 1546 1590 1558 ⁴⁶
1604 1541 1665 1571 Per
1680 1541 1772 1572 hosce
1788 1542 1882 1572 dies.”

1350 1593 1379 1622 d.
1397 1592 1435 1623 In
1450 1592 1650 1633 municipales
1664 1593 1922 1624 Vincentinorum
1938 1594 2030 1635 leges.
2056 1594 2076 1624 f.
2089 1604 2130 1635 30
2141 1595 2170 1625 b.

1451 1643 1554 1684 ¹Incip.
1573 1648 1590 1660 ‘⁴
1603 1644 1717 1674 Divina
1733 1644 1845 1685 saepius
1860 1647 1987 1686 opera.''

1349 1705 1373 1725 e.
1391 1694 1443 1725 Ad
1458 1695 1481 1725 J
1483 1695 1614 1725 acobum
1628 1695 1830 1726 Trevisanum
1847 1700 1984 1737 praetura
1998 1696 2170 1727 Veronensi

1410 1746 1559 1776 functum.
1583 1745 1634 1775 fol.
1649 1756 1690 1786 34
1704 1746 1733 1775 b.

1454 1796 1550 1838 Incip.
1569 1802 1585 1813 ⁴⁴
1599 1796 1754 1826 Proximis
1770 1796 1908 1827 diebus.”

1346 1847 1367 1877 f.
1385 1847 1495 1878 Oratio
1508 1848 1644 1878 Andreae
1661 1847 1681 1877 J
1684 1845 1778 1877 uliani
1794 1858 1850 1888 pro
1864 1847 2020 1878 Manuelis
2034 1847 2169 1888 Chryso-

1409 1900 1482 1930 lorae
1499 1900 1614 1930 funere.
1639 1900 1689 1930 fol.
1702 1900 1742 1940 38
1756 1899 1785 1930 b.

1452 1951 1550 1992 Incip.
1569 1956 1586 1968 “
1600 1951 1631 1981 Si
1648 1950 1717 1992 quis
1733 1950 1900 1981 vestrum.”

1344 2013 1372 2043 g.
1391 2002 1443 2032 Ad
1466 2001 1758 2032 excellentissimum
1781 2001 1881 2031 virum
1906 2012 1942 2031 ac
1969 2001 2167 2042 magnificum

1408 2053 1569 2083 ductorem
1589 2052 1616 2082 F
1619 2063 1701 2083 rane.
1725 2052 1762 2082 de
1779 2051 2033 2088 vicecomitibus,
2055 2063 2166 2093 cogno-

1408 2107 1513 2134 mento
1539 2103 1808 2145 Oarmangnolam,
1838 2103 1990 2144 insignem
2020 2103 2165 2134 comitem

1409 2155 1512 2186 Casti-i
1528 2154 1607 2185 novi.
1630 2155 1681 2185 fol.
1695 2164 1746 2195 43.

1344 2207 1374 2237 h.
1391 2207 1443 2237 Ad
1462 2206 1662 2243 Ludovicum,
1681 2205 1899 2236 Firmanorum
1922 2205 2103 2246 principem,
2126 2216 2164 2235 ne

1406 2267 1481 2298 ager
1494 2257 1683 2287 Veronensis
1698 2256 1914 2287 labefactetur.
1938 2256 1989 2286 fol.
2001 2257 2042 2295 48
2056 2256 2085 2286 b.

1450 2308 1547 2349 Incip.
1566 2313 1583 2325 ⁴⁵
1597 2308 1667 2338 Hoc
1683 2312 1834 2348 tempore,
1850 2307 2040 2348 magnifice.”

1342 2360 1361 2390 i.
1384 2360 1448 2390 Pro
1470 2360 1582 2390 illustri
1603 2371 1639 2390 ac
1663 2359 1794 2400 patricio
1813 2358 1878 2389 viro
1897 2359 2032 2399 Georgio
2049 2357 2163 2388 Laure-

1405 2411 1486 2441 dano
1502 2411 1639 2441 funebris
1655 2410 1765 2441 oratio.
1790 2410 1840 2440 fol.
1854 2420 1907 2451 53.

1450 2461 1544 2502 Incip.
1564 2466 1580 2478 “
1594 2462 1736 2492 Maxima
1751 2472 1824 2502 pars
1839 2460 2016 2491 hodiernos

1342 2512 1370 2543 k.
1388 2512 1426 2542 In
1442 2512 1622 2543 Ciceronem
1639 2513 1677 2543 dc
1693 2513 1807 2543 officiis.
1832 2512 1883 2542 fol.
1897 2512 1937 2552 58
1951 2512 1979 2542 b.

1446 2564 1543 2605 Incip.
1563 2569 1580 2581 ‘⁶
1593 2565 1699 2595 Antea
1715 2575 1808 2605 quam
1823 2564 1864 2594 ad
1880 2563 1961 2594 hunc
1976 2563 2109 2594 locum.’'

1339 2615 1358 2646 l.
1383 2615 1420 2646 In
1436 2615 1617 2646 inchoandis
1633 2615 1743 2646 studiis
1760 2615 1922 2646 Ferrariae.
1946 2614 1997 2645 fol.
2011 2623 2051 2655 59
2065 2614 2094 2644 b.

1444 2666 1543 2707 Incip.
1561 2670 1578 2683 “
1591 2666 1682 2697 Soleo
1698 2667 1942 2707 saepenumero.⁷’

1444 2717 1481 2748 In
1504 2728 1601 2759 marg.
1623 2718 1674 2749 fol.
1691 2720 1731 2748 60
1750 2728 1852 2758 super,
1873 2720 1891 2734 “
1904 2716 2064 2747 Johannes
2089 2715 2157 2745 Ma-

1423 2768 1550 2806 thewes,
1567 2769 1606 2800 A.
1620 2769 1659 2800 D.
1679 2769 1791 2808 1644.''
