2254 3117
672 151 909 186 COLLEGII
939 154 1315 194 BALLIOLENSIS.
1847 167 1890 204 69

192 249 293 292 emplo
309 249 403 280 didici
422 250 583 280 nonnullos
603 250 643 280 ad
660 250 791 282 virtutes
811 253 904 283 fuisse
924 253 968 282 in—

193 300 331 332 (1001οεῖῚ

214 352 313 393 Incip.
328 351 481 385 “Abbas;
501 352 610 382 Abbas
623 363 683 382 non
697 353 789 384 debet
802 366 867 385 esse
879 355 969 384 nimis

191 403 338 444 rigidus.”

212 454 318 485 Desin.
333 458 351 470 ‘²
362 454 506 495 Zelotipa
521 458 569 485 est
582 454 690 484 mulier
703 456 740 485 de
753 479 836 486 .....
849 457 969 487 modica

191 505 382 536 occasione.''

212 556 346 587 Nomina
379 556 546 586 authorum
580 557 662 587 unde
693 557 862 598 desumpta*
897 562 969 589 sunt

191 607 384 638 narrationes
405 607 500 637 minio
522 607 694 648 signantur.
740 608 792 638 Ad
808 608 899 638 finem
915 609 968 639 ha-

190 659 282 690 betur
308 659 400 689 index
426 658 640 700 alphabeticus
670 659 806 690 locorum
836 671 968 690 commu·
997 698 999 706 ‚

190 709 283 745 nium,
300 714 332 740 et
353 721 389 740 eo
410 710 566 746 absoluto,
583 715 600 726 ‘⁴
615 710 735 741 Nomen
758 711 968 752 compilatoris

189 761 219 790 in
245 760 344 791 literis
371 761 555 802 capitalibus
582 761 674 801 hujus
703 762 843 802 prooemii
872 762 968 793 eonti-

190 813 309 843 netur.”

106 870 134 900 5.
151 868 295 910 Hugonis
310 868 494 905 Sententiae,
510 869 598 899 Fidei
614 868 781 903 Articulos.
797 869 966 910 Praecepta.

153 926 223 954 etc.
242 924 432 962 exponentes
442 933 450 957 ,·
475 931 544 950 eum
561 921 751 961 praefatione.
775 920 825 951 fol.
844 921 910 950 181.

212 971 308 1012 Incip.
329 971 414 1012 praef.
437 975 455 988 “
469 972 521 1001 Ad
545 971 780 1002 instructionem
799 971 967 1010 juniorum,

189 1023 300 1064 quibus
315 1033 375 1053 non
392 1028 483 1053 vacat
499 1023 748 1064 opusculorum.”

212 1074 306 1116 Incip.
324 1085 412 1115 opus,
430 1078 447 1091 ‘⁴
460 1074 540 1113 Quid
562 1074 602 1105 sit
624 1074 814 1114 synibolun];
841 1072 968 1114 Symbo-

188 1125 250 1156 lum
266 1130 314 1156 est
329 1126 466 1156 omnium
483 1125 734 1156 eredendommff'

105 1184 133 1215 6.
151 1184 258 1215 Sermo
279 1185 318 1216 de
338 1185 539 1220 confessione,
563 1184 793 1215 narrationibus
816 1182 968 1213 nonnullis

167 1236 315 1267 fabulosis
334 1237 475 1267 refertus.
500 1237 551 1267 fol.
570 1246 623 1277 231
642 1236 670 1266 b.

209 1287 307 1329 Incip.
326 1292 343 1304 “
357 1287 389 1318 Si
406 1288 474 1329 quis
496 1299 625 1330 peregre
647 1287 747 1318 iturus
767 1290 848 1317 esset
863 1296 968 1316 versus

188 1339 364 1370 Jerusalem
369 1339 395 1370 .”

106 1399 134 1430 7.
151 1398 234 1429 Nota
257 1398 295 1428 de
318 1398 452 1429 naturali
477 1399 584 1429 ordine
611 1398 829 1428 mandatorum
853 1397 966 1427 decem.

167 1448 217 1479 sol.
234 1458 303 1489 235.

212 1500 308 1541 Incip.
319 1503 337 1517 “
349 1500 524 1530 Secundum
539 1499 755 1540 philosophum
768 1498 868 1538 primo
881 1496 968 1527 Ethi—

189 1553 322 1582 corum.u

449 1632 598 1667 CCXX.

85 1697 202 1732 Codex
228 1699 522 1738 membranaceus,
550 1700 583 1732 in
616 1698 709 1738 folio,
737 1698 771 1731 ff.
792 1700 872 1736 249,
901 1709 966 1730 sec.

109 1755 176 1788 xiv,
194 1756 363 1795 exeuntis,
386 1755 613 1796 bieolumnis3
640 1767 684 1788 ex
710 1755 799 1788 dono
822 1754 966 1787 Roberti

110 1813 220 1854 Roke,
240 1814 332 1847 socii.

128 1883 155 1912 1.
172 1882 202 1913 S.
213 1882 362 1919 Anselmi,
373 1882 668 1923 arel1iep.Cantuar.
692 1882 754 1912 Cur
764 1881 851 1912 Deus
864 1881 966 1917 homo,

187 1933 272 1963 libris
288 1933 419 1969 duobus,
435 1944 505 1963 cum
521 1933 658 1973 prologo.
683 1932 733 1962 fol.
749 1942 775 1962 2.

231 1984 292 2015 Tit.
310 1989 328 2002 ‘⁴
341 1984 456 2026 Incipit
471 1985 548 2015 liber
564 1984 649 2015 beati
668 1984 816 2019 Anselmi,
832 1983 965 2014 Cantua-

208 2036 318 2067 riensis
333 2036 569 2077 archiepiscopi,
586 2036 648 2066 Cur
665 2036 750 2066 Deus
766 2035 887 2065 homo.ss

231 2087 369 2118 Exstant
388 2087 526 2128 impress.
545 2087 626 2118 inter
641 2098 746 2128 opera,
765 2095 854 2125 1721,
872 2097 899 2126 p.
917 2095 964 2124 74.

127 2146 154 2174 2.
171 2145 320 2186 Ejusdem
335 2145 413 2176 liber
428 2146 466 2176 de
483 2145 751 2176 Similitudinibus.
776 2145 826 2174 fol.
844 2154 889 2184 19.

231 2197 293 2227 Tit.
311 2201 328 2213 ‘⁶
341 2196 436 2227 Liber
457 2197 564 2227 Sancti
586 2197 706 2236 Augus.
725 2195 796 2237 [sic]
817 2197 964 2226 Cantuar.

209 2248 344 2289 archiep.
362 2249 400 2278 de
417 2247 703 2278 Similitudinibus.”

233 2299 320 2330 Inter
335 2311 406 2341 opp.
422 2304 503 2341 part.
521 2299 551 2330 ii.
570 2310 599 2340 p.
614 2310 681 2340 ¹53·

232 2351 270 2381 In
286 2351 379 2387 calce,
397 2355 415 2368 ‘⁴
427 2350 563 2391 Explicit
580 2350 747 2380 Ancelmus
764 2349 801 2379 de
818 2348 964 2378 Similitu-

210 2402 362 2432 dinibus.”

126 2458 155 2487 3.
172 2457 202 2488 S.
215 2458 382 2499 Augustini
399 2457 476 2488 liber
492 2458 530 2487 de
545 2457 654 2498 spiritu
672 2460 703 2486 et
720 2456 831 2486 anima.
851 2455 921 2496 1138
934 2455 963 2485 b.

232 2509 320 2539 Inter
335 2520 405 2550 opp.
422 2513 497 2539 tom.
511 2508 550 2538 vi.
564 2508 644 2548 App.
662 2507 718 2537 col.
730 2517 783 2547 35.

127 2569 155 2597 4.
172 2567 323 2598 Johannis
346 2569 384 2598 de
405 2568 510 2608 Burgo
533 2567 610 2596 liber
632 2566 681 2606 qui
707 2565 821 2596 (licitur
843 2564 964 2605 Pupilla

189 2620 288 2657 Oculi,
300 2631 367 2650 cum
384 2619 566 2660 praefatione
581 2623 611 2648 et
628 2617 735 2648 tabula
748 2621 962 2647 contentorum

190 2671 354 2711 praemissa.
379 2671 430 2700 fol.
447 2678 498 2710 54.

231 2721 329 2763 Incip.
348 2726 365 2738 “
378 2721 536 2751 Humanae
552 2719 689 2751 conditio
706 2720 856 2749 naturae.”

235 2773 270 2803 In
286 2773 378 2809 calce,
397 2777 414 2788 “
427 2771 565 2814 Explicit
581 2770 697 2813 pupilla
712 2770 822 2801 001111.”

1041 257 1068 284 5.
1087 256 1116 285 S.
1131 256 1296 297 Augustini
1316 258 1514 289 Enchiridion
1536 260 1576 290 ad
1594 260 1804 300 Laurentium,
1826 275 1892 293 011111

1105 308 1281 346 prarfatione
1297 314 1325 339 vt
1344 309 1441 339 iudice
1457 315 1681 342 contentorum.
1706 312 1756 342 sol.
1775 315 1827 352 167
1843 315 1869 343 b.

1147 357 1206 387 Tit.
1225 362 1243 374 “
1259 358 1370 399 Incipit
1391 359 1466 389 liber
1487 361 1569 391 beati
1590 362 1756 403 Augustini
1779 364 1891 395 Enche-

1126 406 1222 436 ridion
1238 408 1276 436 ad
1294 407 1528 440 Laureneium.”

1151 456 1233 487 luter
1248 469 1351 498 opera,
1368 466 1440 490 tom.
1454 461 1490 491 vi.
1508 462 1562 492 col.
1583 473 1645 503 1‹)5.

1041 505 1068 535 6.
1088 506 1232 547 Ejusdem
1256 509 1332 539 liber
1354 511 1391 540 dc
1414 512 1554 543 conflictu
1579 514 1720 544 vitiorum
1745 520 1775 545 vt
1800 516 1891 547 virtu-

1104 562 1169 587 tum
1187 559 1270 589 lilwr.
1294 560 1344 589 fol.
1365 564 1420 591 180

1147 609 1208 640 Tit.
1237 615 1254 626 ‘⁴
1276 610 1397 652 Ins-ipit,
1422 618 1479 644 cto.
1510 615 1547 644 de
1577 616 1718 646 conflictu
1747 617 1891 648 viciorum

1125 664 1219 699 atque
1235 661 1411 691 vi1·tutum.”

1152 711 1224 741 lbid.
1242 718 1316 742 tom.
1334 713 1371 743 vi.
1391 714 1471 755 App.
1487 716 1542 746 col.
1559 727 1625 756 219.

1042 764 1069 794 7.
1088 762 1234 803 Ejusdem
1248 764 1285 793 de
1300 764 1458 805 disciplina
1471 767 1643 798 Christiana
1659 769 1742 799 liber.
1760 771 1778 799 f.
1797 772 1850 811 183
1862 771 1889 800 b.

1148 814 1227 844 Ibid.
1244 820 1318 845 tom.
1331 815 1368 845 vi.
1386 816 1440 846 col.
1454 818 1525 857 581.

1146 865 1185 895 In
1198 865 1290 902 calce,
1302 866 1436 907 analysis
1451 872 1497 898 est
1513 868 1576 898 sive
1591 870 1802 910 recapitulatio
1815 871 1891 912 ejus-

1126 917 1195 946 dem
1211 917 1322 957 operis.

1041 969 1070 997 8.
1089 967 1237 1007 Ejusdem
1253 960 1361 999 sermo*
1369 969 1406 998 de
1422 969 1490 1009 igne
1507 971 1691 1010 purgatorio.
1716 971 1764 1000 fol.
1784 973 1847 1001 186.

1151 1019 1244 1060 Incip.
1256 1024 1273 1035 ‘⁴
1284 1019 1319 1049 In
1331 1019 1461 1050 lectione
1473 1021 1639 1061 apostolica
1651 1021 1675 1057 3³³
1688 1025 1721 1051 ut
1735 1022 1804 1051 ibid.
1819 1028 1891 1052 tom.

1127 1083 1154 1100 r.
1173 1071 1255 1111 App.
1273 1071 1328 1101 col.
1346 1071 1414 1111 185.

997 1159 999 1167 x
1040 1123 1069 1155 9.
1088 1121 1236 1163 Ejusdem
1253 1132 1352 1152 sermo
1369 1122 1406 1151 de
1421 1132 1519 1161 agone
1535 1122 1717 1152 Christiano.
1741 1123 1789 1152 sol.
1809 1125 1872 1163 187.

997 1168 998 1177 1

1150 1172 1243 1214 Incip.
1261 1177 1278 1188 “
1291 1173 1412 1203 Corona
1427 1173 1590 1203 victoriae.”

1020 1225 1068 1254 ]O.
1087 1224 1136 1254 De
1153 1224 1300 1254 Sermone
1317 1223 1443 1254 Domini
1460 1224 1488 1253 in
1506 1224 1617 1254 Monte
1633 1225 1702 1254 duo.
1727 1225 1774 1254 sol.
1794 1236 1855 1263 191.

1148 1275 1242 1316 Incip.
1262 1280 1279 1291 ⁴²
1292 1275 1470 1306 Sermonem
1482 1276 1510 1311 ;'’
1534 1279 1608 1305 tom.
1626 1275 1665 1305 iii.
1683 1280 1725 1316 pt.
1744 1276 1772 1305 ii.
1793 1279 1854 1315 165.

1020 1328 1069 1357 11.
1088 1327 1244 1367 Anonymi
1265 1327 1424 1367 cujusdam
1445 1326 1539 1366 Angli
1562 1327 1600 1356 de
1616 1325 1740 1367 ‘septem
1762 1328 1893 1367 peccatis

1104 1377 1285 1408 mortalibus
1315 1381 1347 1408 et
1376 1378 1414 1408 de
1440 1389 1461 1407 x
1487 1378 1642 1408 mandatis
1673 1382 1835 1413 tractatus,
1863 1380 1893 1408 in

1104 1433 1209 1470 partes
1225 1429 1302 1460 duas
1318 1429 1491 1465 distinctus,
1509 1440 1577 1459 cum
1593 1429 1728 1470 prologo.
1752 1429 1801 1459 fol.
1817 1439 1883 1469 214.

1147 1480 1243 1521 Incip.
1260 1480 1335 1521 prol.
1353 1484 1371 1496 ‘⁶
1385 1480 1482 1521 Surge
1498 1484 1529 1510 et
1544 1480 1697 1510 ambulas5

1147 1531 1244 1572 Incip.
1260 1531 1312 1562 lib.
1330 1536 1347 1548 ‘⁴
1359 1531 1498 1561 Primum
1514 1531 1636 1571 quidem
1652 1533 1841 1572 peecatuni.”

1021 1585 1068 1613 152.
1088 1583 1235 1623 Ejusdem
1268 1582 1405 1613 auctoris
1439 1582 1652 1613 distinctiones
1684 1583 1894 1613 Sacramento-

1104 1645 1182 1664 rum.
1207 1634 1257 1664 fol.
1274 1643 1311 1665 22
1337 1658 1342 1663 .

1147 1683 1244 1724 Incip.
1256 1688 1273 1700 “
1281 1683 1433 1722 Quoniam
1443 1687 1547 1714 autem
1559 1683 1759 1714 Sacramenta
1771 1684 1894 1714 Laicis.'‘

1147 1735 1282 1775 Angluni
1303 1746 1369 1764 esse
1389 1738 1547 1764 auctorem
1569 1734 1770 1775 colligendum
1791 1743 1837 1765 est
1858 1747 1893 1764 «xx

1125 1786 1271 1826 pluribus⁷
1302 1785 1453 1826 praecipue
1487 1785 1569 1825 quod
1602 1785 1631 1815 in
1669 1785 1893 1816 narrationibus

1125 1836 1197 1871 suis,
1211 1847 1279 1876 quae
1295 1847 1399 1866 omnes
1414 1836 1565 1876 incipiunt
1581 1847 1599 1866 a
1615 1836 1706 1866 verbo
1718 1840 1725 1852 ‘
1738 1836 1893 1877 Contigit!

1125 1887 1191 1928 agit
1211 1888 1249 1918 de
1270 1887 1403 1928 quodam
1426 1887 1456 1916 in
1473 1886 1543 1917 villa
1560 1887 1734 1917 Leicestriae
1753 1887 1891 1928 degente,

1125 1943 1156 1969 et
1179 1939 1216 1968 de
1239 1938 1306 1968 aliis
1328 1938 1369 1968 ad
1391 1937 1477 1968 villas
1504 1938 1580 1968 alias
1603 1937 1789 1978 Anglicanas
1812 1949 1892 1978 spec-

1124 1989 1273 2020 tantibus.

1146 2040 1250 2071 Tract.
1274 2040 1327 2070 ult.
1356 2044 1403 2070 est
1430 2040 1477 2070 De
1506 2039 1721 2070 Innocentibus
1747 2043 1777 2069 et
1803 2039 1890 2078 incip.

1126 2097 1142 2107 *⁴
1159 2091 1246 2122 Sicut
1262 2091 1353 2121 modo
1368 2090 1463 2131 geniti
1480 2090 1641 2120 infantes*

1373 2180 1541 2214 CCXXI.

1018 2245 1136 2278 Codex
1166 2243 1454 2279 membranaceus,
1482 2244 1513 2275 iu
1544 2242 1633 2278 folio,
1663 2242 1694 2274 ff.
1714 2243 1793 2279 224,
1823 2252 1886 2272 sec.

1044 2303 1110 2335 xiv.
1130 2302 1288 2339 ineuntis,
1308 2301 1395 2334 binis
1413 2301 1580 2334 columnis
1599 2300 1684 2333 bene
1703 2304 1866 2332 exaratus.

1062 2364 1088 2392 1.
1110 2362 1195 2392 Petri
1219 2361 1408 2392 Comestoris
1436 2360 1576 2390 Historia
1599 2358 1794 2393 Scholastica,
1819 2368 1886 2387 011111

1123 2413 1260 2453 prologo.
1285 2412 1378 2442 f01.2.

1165 2464 1225 2494 Tit.
1244 2468 1261 2480 ⁵⁶
1275 2463 1430 2504 Incipiunt
1447 2461 1614 2492 Historie.''

1165 2515 1262 2555 Incip.
1290 2520 1306 2531 ‘⁵
1323 2513 1534 2554 Imperatori-‘n
1564 2509 1729 2550 majestatis·
1743 2509 1769 2542 ;”’

1144 2566 1217 2596 edit.
1233 2565 1370 2605 impress.

1166 2617 1202 2647 In
1219 2616 1311 2652 calce,
1325 2620 1341 2632 “’
1354 2614 1487 2655 Explicit
1504 2611 1638 2653 hystoria
1654 2611 1787 2640 Actuum
1802 2609 1883 2650 Apo-

1144 2666 1320 2697 stobrum?

1058 2721 1086 2749 Ω.
1107 2718 1137 2749 S.
1155 2717 1292 2748 Anselmi
1319 2714 1532 2746 meditationes
1555 2716 1585 2742 et
1609 2711 1763 2741 orationes
1785 2710 1824 2740 ad
1849 2710 1882 2739 B.

1123 2769 1283 2810 Virginem
1299 2776 1412 2797 novem.
1437 2764 1485 2794 fol.
1503 2763 1568 2803 198.

1796 2512 1828 2537 ut
1856 2508 1885 2537 in
