2254 3117
599 156 834 191 COLLEGII
866 156 1268 194 LINCOLNIENSIS.
1825 165 1868 198 17

84 256 111 284 1.
131 253 224 284 Liber
239 253 472 291 ecclesiasticus,
496 255 547 296 qui
572 256 687 287 dicitur
709 256 856 297 Typicon.
881 257 942 287 sive

145 305 288 336 manuale
310 306 480 336 officiorum
496 307 651 337 variorum
668 318 736 348 quae
760 307 790 337 in
816 307 942 338 ecclesia
972 312 973 320 ¹

143 357 297 398 leguntur,
314 368 352 387 ex
370 357 485 398 Typico
509 358 540 389 S.
558 358 647 389 Sabae
666 363 697 389 et
715 358 824 389 Marco
840 370 941 390 mona-

144 408 202 438 cho
229 409 283 449 [an
307 408 557 446 hieromonachQ
574 414 683 451 postca
709 410 852 451 episcopo
877 410 941 451 Hy-

144 458 315 500 druntino‚]
339 459 492 500 praecipue
516 460 680 495 collectus;
705 461 819 501 praevia
835 461 942 492 tabula

144 509 361 550 capitulorum,
388 521 516 541 numero
543 516 666 542 centum
698 511 941 553 quimluagintag

144 560 412 592 Barbaro-Groece.
438 561 488 593 fol.
510 572 534 591 1.

187 612 249 643 Tit.
265 612 395 643 Τυπικὸν
413 613 532 652 ἀκριβὲς
556 615 604 651 Τῆς
629 614 854 645 ε’κλισιαστικοὶς
877 615 941 644 ἁκο-

165 664 293 700 λουθίας,
317 664 380 694 ἆπὼ
403 664 449 694 ταὶ
472 666 523 694 τοῦ
544 667 662 702 τηπικοῦ
685 667 735 695 τοῦ
761 666 829 704 ἁγία
855 665 941 703 Σάβα

165 715 211 745 καὶ
235 715 334 754 ἑτέρον
355 716 494 755 ἆθρισθὲν
516 716 673 755 διαφόρων,
691 717 761 756 ἕχον
783 718 828 747 καὶ
846 719 880 748 τὰ
897 731 940 748 κε-

166 769 281 805 φαλαῖα
309 769 360 796 τοῦ
387 770 519 807 μοναχοῦ
551 767 672 806 Μάρκου
701 769 732 798 ἐν
760 768 784 799 ὶς
812 769 941 799 ἑκάστων

165 817 254 848 αὐτὸν
268 817 382 855 ζήτηται
397 818 491 858 χορίϊς
505 818 646 857 μεθτερὸν
662 831 705 848 τοι
723 843 729 849 .
747 843 752 848 .
771 843 776 848 .
793 842 799 848 .
817 819 941 858 ἀναγγέ-

160 872 220 898 >λον
235 868 418 906 οἶμοιωσέως.

187 919 285 960 Incip.
302 921 410 958 εἴδησις
432 922 483 950 τοῦ
504 920 605 959 μίκρου
629 921 755 959 ἑσπέρας
780 921 941 960 κεφάλαιον

165 970 203 1001 α’.
226 971 281 1010 πρὸ
308 973 358 1001 τοῦ
381 971 462 1002 δύναι
483 971 534 1002 τὸν
556 972 640 1009 ἥλιοι·
664 973 817 1012 ἀνέρχεται
833 974 848 1002 ὁ
873 986 938 1003 καν-

165 1025 249 1060 δηλα.

186 1073 282 1104 Praeit
303 1073 396 1104 titulo
420 1085 490 1104 xxv.
511 1074 643 1110 rubrica,
669 1074 789 1113 Μάρκου
811 1078 941 1116 μοναχοῦ

164 1127 199 1156 τὰ
215 1125 279 1163 ἑξῆς
293 1125 389 1156 πάντα
405 1125 562 1164 κεφάλαια.

80 1182 110 1210 2.
132 1180 328 1222 [Ε]ι15ᾶθῐ]]ῖ]
362 1180 463 1211 Marci
493 1180 682 1212 Canonicum
714 1181 939 1212 Paracleticum

144 1232 174 1262 in
198 1232 385 1264 dormitione
411 1232 448 1264 B.
474 1232 519 1263 M.
545 1232 685 1274 Virginis
711 1233 938 1264 celebrandum.

144 1284 195 1314 fol.
214 1293 283 1315 210.

188 1335 251 1366 Tit.
275 1346 342 1366 can.
366 1335 385 1366 i.
416 1335 543 1366 κανάνον
568 1336 789 1374 παρακλητηκὸν
816 1338 941 1376 κατόχον

167 1386 207 1417 εἰς
235 1385 288 1423 τὴν
314 1385 482 1425 εἰπεράγιον
513 1386 649 1416 θεοτόκον
678 1386 730 1416 τὸν
760 1387 941 1426 ὁδονγιτρίαν

166 1437 316 1475 ψαλόμενι
347 1436 530 1476 καθεσητέραν
561 1438 593 1467 ἐν
624 1440 686 1469 ταῖς
719 1439 941 1468 πεντεκαιδέκαν

166 1490 216 1518 τοῦ
240 1488 411 1527 Αὐγούστου
433 1487 522 1527 μηνὸς
543 1488 635 1527 ἡμέρα
665 1489 719 1527 πρὸ
744 1491 792 1527 τῆς
818 1489 941 1527 ε’νδώξου

166 1540 213 1569 καὶ
234 1539 407 1578 σεβασμήας
430 1539 516 1576 αὐτῆς
540 1539 697 1578 κοιμήσεως
721 1540 809 1571 κάμον
833 1541 941 1579 πρώτος

166 1590 223 1628 ὡδῆ
250 1590 276 1620 α’
301 1591 334 1621 οὔ
359 1591 376 1629 ἡ
403 1590 586 1631 ἀκροστιχὴς,
617 1591 786 1631 ἆπάρχομαί
812 1604 859 1622 σοι
885 1594 941 1621 τῶν

166 1643 242 1680 ε’μῶν
257 1642 349 1681 λόγον
366 1642 442 1680 κόρη.
476 1642 606 1680 Μάρκος,
622 1642 675 1672 ὠδί
688 1643 793 1681 πρώτη,
812 1657 835 1673 κ.
848 1647 875 1673 λ.

188 1696 286 1738 Incip.
305 1697 467 1737 ἆρχώμειόι
483 1696 609 1736 σήμερον
625 1700 675 1727 τοῦ
690 1699 866 1729 τελευταίου.

188 1748 330 1780 Canones
345 1752 418 1779 sunt
434 1752 515 1785 octe,
532 1759 663 1789 quorum
685 1749 823 1791 quisque,
840 1754 874 1780 ut
893 1762 940 1780 so-

165 1800 220 1837 let,
235 1800 312 1830 odas
326 1810 435 1830 novem
451 1799 659 1841 amplectitur.

188 1856 225 1886 In
244 1856 327 1887 calce
345 1856 460 1897 legitur
481 1856 595 1887 notitia
619 1856 657 1887 de
681 1861 773 1887 terrae
790 1861 885 1892 motu,
909 1861 940 1888 et

166 1911 257 1938 vento
278 1910 310 1938 et
332 1911 419 1948 peste
445 1906 544 1948 [apud
567 1907 728 1949 OPolime]
756 1919 836 1938 anno
862 1919 940 1949 1450

165 1957 385 1989 evenientibus.

187 2009 342 2050 Sequitur,
371 2010 469 2040 ε’τοῦτο
501 2010 533 2039 τὸ
559 2010 679 2040 τυπικὸν
704 2009 755 2047 ἣνε
779 2013 830 2040 τοῦ
857 2011 940 2050 ἁγίου

164 2060 301 2092 Ἰωάννου
323 2063 374 2091 τοῦ
396 2062 558 2100 προδρόμου
581 2062 653 2091 ὅπου
676 2061 727 2098 ἦνε
751 2062 791 2093 εἷς
806 2061 838 2091 τὸ
856 2074 939 2091 κωτο-

167 2111 272 2150 σκάλη,
289 2112 336 2143 καὶ
356 2113 428 2142 ὅπου
450 2112 483 2142 τὸ
507 2113 626 2151 στερίση
650 2111 765 2142 ἅπαντα
789 2112 839 2142 τὸν
862 2113 940 2142 vatim

167 2165 203 2194 νᾶ
219 2164 288 2204 ἔχεν
303 2165 353 2196 τὰς
369 2164 439 2203 ἀρὰς
453 2166 510 2194 τῶν
525 2165 666 2202 πατέρων.

426 2277 573 2311 XXXI.

62 2339 181 2373 Codex
199 2340 492 2378 membranaceus,
516 2340 551 2372 in
573 2341 634 2372 4t0
652 2339 786 2378 minori,
806 2338 839 2372 ff.
855 2341 936 2380 208,

85 2408 152 2430 sec.
168 2396 281 2430 forsan
298 2397 358 2430 xii.
376 2397 546 2436 exeuntis,
574 2397 749 2440 utrimque
776 2407 937 2437 mancus;

85 2455 251 2500 suppletis
268 2455 304 2489 ff.
324 2458 370 2489 43
388 2455 557 2500 prioribus
581 2466 602 2488 a
625 2466 728 2488 manu
756 2455 937 2488 recentiori

84 2513 119 2546 in
137 2513 273 2546 chartis.

103 2573 290 2603 Psalterium
306 2572 445 2610 Davidis,
461 2583 517 2614 per
536 2583 641 2603 versus
659 2572 852 2609 distinctum,
868 2583 937 2603 cum

123 2628 307 2665 argumento
319 2624 482 2664 unicuique
497 2623 634 2665 praeHXO.

165 2675 229 2706 Tit.
244 2678 403 2715 ψαλτίριον
417 2676 472 2706 <rim
489 2676 556 2716 Θεῷ
572 2676 653 2715 ἁγίῳ.
683 2675 774 2705 Δαυὶδ
790 2675 938 2714 προφήτου

145 2726 190 2756 καὶ
204 2726 355 2764 βασιλέως
368 2726 457 2764 μέλος
473 2724 509 2756 α’.

165 2775 355 2817 Sequuntur,

1038 269 1064 285 α.
1081 256 1222 287 Psalmus
1238 256 1367 288 Davidis
1390 257 1599 300 idiographus,
1616 260 1669 298 ἔξω
1685 263 1734 290 τοῦ
1750 261 1869 299 ἀριθμοῦ

1099 311 1156 338 τῶν
1188 307 1231 347 ρν’
1261 311 1309 339 ὅτε
1340 310 1542 350 ἐμονομάχησε
1572 311 1641 349 πρὸς
1677 311 1727 341 τὸν
1755 312 1869 342 Γολιάδ.

1100 358 1149 389 fol.
1168 367 1232 398 197.

1142 409 1295 441 Praeeedit
1321 410 1428 442 tabula
1460 412 1544 452 picta
1571 417 1603 443 ct
1627 413 1785 449 deaurata,
1818 414 1869 443 scd

1120 460 1210 491 hodic
1225 472 1310 502 paene
1327 462 1437 493 deleta.

1036 512 1066 546 β.
1083 510 1212 541 Cantica
1228 522 1326 549 sacra,
1344 512 1442 543 Mosis
1461 513 1576 544 scilicet
1592 514 1662 551 duo,
1680 515 1789 551 Annae,
1807 516 1870 545 Ab-

1101 561 1204 597 bacuc,
1220 563 1326 593 Trium
1344 563 1534 594 Liberorum.
1559 565 1608 595 sol.
1627 566 1692 605 198.

1140 612 1253 644 Deficit
1269 614 1324 644 ult.
1341 615 1371 644 in
1388 615 1496 652 verbis,
1513 617 1564 654 ὅρη
1587 617 1632 646 καὶ
1651 618 1754 655 βουνοὶ
1776 618 1869 648 πάντα

1120 675 1155 693 Ta

1347 734 1513 768 XXXII.

994 793 1113 827 Codex
1138 794 1347 831 chartaceus,
1374 797 1406 829 in
1436 797 1526 837 folio,
1557 797 1590 831 ff.
1611 801 1691 838 394,
1715 810 1781 832 sec.
1802 801 1868 832 xvi.

1016 852 1176 885 ineuntis.

1036 913 1064 942 1.
1083 912 1197 942 Plotini
1223 913 1393 954 philosophi
1417 914 1598 945 Enneaduni
1622 915 1689 945 libri
1711 927 1774 953 sex,
1790 916 1868 956 glos-

1098 963 1171 994 sulis
1186 964 1236 994 hie
1252 964 1311 995 illic
1328 965 1457 1005 margini
1474 966 1635 1006 adpositis.

1141 1015 1202 1046 Tit.
1230 1018 1382 1046 ΠλωτίιὈυ
1406 1018 1576 1056 φιλοσόφου
1602 1018 1737 1049 ἐνιέάὸας
1760 1019 1870 1056 πρώτης

1119 1068 1209 1106 λόγος
1224 1070 1341 1105 πρῶτος.

1141 1119 1390 1153 Praeniittuntur,

1055 1183 1081 1200 a.
1099 1169 1263 1210 Porphyrii
1281 1170 1505 1211 Prolegomena
1520 1170 1558 1200 de
1574 1171 1637 1202 vita
1656 1172 1768 1202 Plotini
1785 1177 1815 1203 et
1832 1173 1869 1203 (le

1118 1220 1267 1250 librorum
1283 1221 1398 1251 ordine.
1422 1221 1473 1252 fol.
1494 1231 1513 1250 ι.

1160 1271 1224 1302 Tit.
1243 1274 1412 1311 Πορφυρίου
1428 1272 1492 1311 περὶ
1509 1273 1662 1303 Πλωτίνου
1676 1274 1743 1311 βίου
1759 1274 1804 1304 καὶ
1820 1275 1867 1311 τῆς

1160 1322 1266 1360 τάξεως
1281 1324 1338 1353 τῶν
1353 1324 1482 1361 βιβλίων
1497 1323 1593 1354 αὐτοῦ.

1054 1377 1085 1410 β.
1103 1372 1223 1403 Tabula
1240 1373 1385 1414 capitum,
1403 1374 1459 1404 sub
1475 1374 1576 1411 titulo,
1589 1374 1657 1405 τάδε
1673 1375 1769 1405 ἔνεστι
1786 1378 1870 1405 Πλω-

1118 1425 1197 1455 τίνου
1216 1426 1386 1464 φιλοσόφου
1402 1425 1546 1457 ἐννεάδες.

1035 1480 1063 1509 2.
1082 1479 1230 1519 Ejusdem
1254 1480 1292 1510 de
1315 1479 1417 1521 primo
1442 1490 1544 1510 rerum
1568 1480 1719 1522 principio
1740 1481 1869 1511 libellus.

1097 1530 1147 1560 sol.
1162 1541 1236 1571 390.

1141 1581 1202 1612 Tit.
1221 1583 1374 1612 Πλωτίνου
1390 1582 1455 1620 περὶ
1478 1583 1526 1619 τῆς
1548 1582 1659 1620 πρώτης
1676 1584 1734 1612 τῶν
1754 1582 1871 1612 πάντων

1118 1633 1217 1672 ἀρχῆς,
1234 1632 1297 1671 ἤτοι
1310 1632 1376 1670 περὶ
1391 1634 1441 1662 τοῦ
1457 1632 1532 1664 ἑνός.

1140 1683 1245 1713 Desin.
1262 1683 1293 1713 in
1312 1682 1422 1719 verbis,
1444 1683 1476 1712 τὸ
1501 1685 1602 1713 ποιοῦν
1626 1685 1676 1713 τοῦ
1699 1683 1871 1721 ποιουμένου

1118 1735 1305 1773 τελειώτερον
1320 1735 1376 1773 γὰρ

1340 1827 1526 1861 ΧΧΧΙΙΙ.

991 1889 1211 1928 Chartaceus,
1239 1900 1283 1922 ex
1310 1888 1428 1922 charta
1456 1888 1624 1934 laevigata,
1656 1889 1689 1921 in
1715 1889 1806 1929 folio,
1832 1890 1866 1923 ff.

1017 1946 1096 1983 146,
1116 1957 1182 1980 sec.
1203 1947 1270 1980 xvi.
1289 1947 1449 1980 ineuntis.

1036 2008 1062 2038 l.
1080 2007 1245 2038 Michaelis
1273 2007 1376 2043 Pselli,
1404 2007 1466 2038 sive
1496 2007 1606 2038 Leonis
1630 2007 1780 2049 magistri,
1807 2008 1868 2038 sive

1096 2058 1312 2099 cujuscumque
1335 2058 1408 2096 sint,
1424 2069 1529 2089 versus
1547 2058 1668 2089 iambici
1689 2062 1806 2100 septem
1830 2059 1868 2089 de

1096 2110 1174 2146 Deo,
1190 2121 1260 2140 cum
1273 2110 1404 2140 scholiis.
1428 2110 1478 2140 fol.
1498 2120 1523 2140 2.

1137 2160 1200 2191 Tit.
1216 2164 1344 2200 ψελλοῦ,
1362 2161 1410 2191 cui
1427 2160 1559 2201 subjecit
1575 2171 1682 2190 manus
1704 2161 1866 2198 recentior,

1117 2215 1126 2229 ‘
1149 2211 1225 2242 alias
1258 2211 1369 2242 Leonis
1408 2211 1547 2252 magistri
1580 2211 1678 2241 Proco
1692 2223 1698 2240 :
1737 2211 1767 2241 in
1797 2211 1864 2242 cod.

1115 2262 1237 2293 Βάκ-οε.Ἷ

1138 2312 1236 2354 Incip.

1139 2364 1215 2396 Θεὸς
1232 2365 1262 2394 τὸ
1279 2365 1374 2395 διττὸν
1389 2365 1439 2394 οὐκ
1456 2365 1530 2394 ἔλων
1546 2365 1602 2394 τῶν
1616 2364 1795 2402 πνευμάτων.

1138 2415 1251 2446 Glossa
1267 2416 1286 2446 i.
1310 2420 1366 2452 est,
1392 2416 1424 2445 τὸ
1450 2415 1565 2445 κτιστὸν
1589 2417 1696 2453 δηλάδη
1720 2416 1765 2445 καὶ
1789 2427 1867 2453 περι-

1115 2467 1246 2505 γραπτὸν
1262 2466 1278 2505 ἢ
1295 2467 1412 2506 ὁριστὸν
1425 2466 1440 2496 ὃ
1456 2468 1514 2497 τοῖς
1529 2467 1606 2504 παρὰ
1620 2466 1672 2495 τὸν
1688 2465 1768 2496 Θεὸν
1783 2478 1866 2496 πνευ-

1115 2517 1205 2554 μάσιν
1221 2517 1352 2557 ὑπάρχει.

1032 2573 1060 2601 2.
1078 2572 1235 2613 Anonymi
1252 2572 1409 2614 cujusdam
1429 2570 1483 2612 [an
1499 2571 1636 2612 ejusdem
1649 2571 1755 2614 Pselli]
1773 2572 1866 2604 Trac—

1095 2627 1182 2654 tatus
1202 2624 1343 2665 physicus
1368 2622 1652 2663 astronomicusque
1676 2623 1714 2654 de
1736 2623 1810 2654 caelo
1835 2628 1866 2654 et

1096 2675 1218 2704 mundo.
1242 2675 1292 2704 sol.
1309 2684 1338 2715 3.

1137 2725 1200 2756 Tit.
1219 2750 1225 2756 .
1237 2750 1243 2755 .
1258 2750 1264 2755 .

1117 2776 1168 2806 οὐκ
1184 2776 1265 2806 ἔστιν
1277 2777 1291 2806 ὁ
1309 2776 1416 2813 κόσμος
1431 2774 1527 2807 ἀΐδιος.

1160 2830 1182 2853 D

1281 2726 1344 2755 πεδὶ
1360 2725 1496 2763 σφαίρας,
1512 2723 1529 2761 ἣ
1544 2724 1607 2762 περὶ
1624 2724 1745 2763 οὐρανοῦ
1762 2726 1808 2756 καὶ
1823 2725 1867 2755 ὅτι
