2254 3117
609 696 1051 758 CODICES
1113 695 1316 755 MSS.

340 879 778 945 COLLEGH
868 875 1595 942 LINCOLNIENSIS.

695 1196 970 1236 CODICES
1008 1192 1239 1232 GRAECI.

489 1303 516 1336 I.

59 1364 185 1398 CODEx
210 1365 424 1405 chartaceus,
445 1377 487 1399 ex
515 1366 635 1400 charta
661 1378 772 1400 crassa
793 1373 828 1400 et
855 1366 945 1400 laevi-

83 1429 173 1469 gata,
202 1424 236 1456 in
262 1423 354 1463 folio,
387 1424 478 1458 foliis
504 1430 666 1458 constans
703 1425 837 1470 scriptis
864 1427 944 1464 374,

82 1492 151 1515 sec.
167 1482 248 1519 xiv„
268 1481 358 1515 binis
376 1482 547 1516 columnis
565 1488 738 1517 exaratus.

102 1543 131 1572 1.
147 1542 282 1573 Andreae
307 1543 370 1573 Sali
390 1547 421 1574 et
439 1543 607 1584 Epiphanii
637 1544 689 1584 [an
706 1543 841 1574 Theonis
857 1543 909 1574 filii
922 1544 943 1584 Ξ]

165 1594 306 1624 narratio
322 1594 360 1624 de
377 1594 503 1625 fulmine
519 1600 551 1626 et
567 1595 697 1637 fulgure.
721 1595 772 1625 sol.
794 1605 817 1625 1.

208 1645 270 1676 Tit.
288 1646 344 1676 ἀπὸ
361 1648 412 1676 τοῦ
424 1647 507 1677 ὁσίου
523 1647 632 1686 πατρὸς
647 1648 726 1685 ἡμῶν
741 1647 880 1686 Ἀνδρέου
897 1649 946 1676 τοῦ

187 1698 234 1726 διὰ
260 1697 391 1736 Χριστὸν
419 1701 513 1728 σαλοῦ
540 1698 666 1736 διάλεξις
691 1700 764 1736 μετὰ
787 1700 837 1728 τοῦ
863 1699 946 1737 ἁγίου

186 1747 364 1786 Ἐπιφανίου
379 1749 445 1787 περὶ
461 1751 587 1788 ,Βροντῆς
604 1751 650 1780 καὶ
666 1750 824 1788 ἀστραπῆς.

209 1799 308 1841 Ineip.
323 1799 498 1840 Ἐπιφάνιος
519 1801 610 1840 λέγει·
637 1803 669 1832 ἐν
691 1803 729 1842 τῷ
753 1801 865 1842 οὐρανῷ
890 1802 947 1831 εἶσὶ

188 1853 223 1881 τὰ
240 1853 326 1890 νοερὰ
343 1854 407 1882 θεῖα
424 1854 634 1890 στρατεύματα.

210 1901 325 1933 Deficit
341 1902 371 1932 in
388 1903 500 1940 verbis,
516 1904 666 1943 ἀνήγαγον
685 1905 723 1944 τῷ
740 1903 865 1944 ἡμετέρῳ
882 1916 946 1942 κρα-

189 1965 231 1984 τει

105 2009 134 2038 2.
158 2009 318 2040 Orationis
342 2009 552 2051 fragmentum
582 2011 612 2041 in
643 2011 791 2041 honorem
823 2010 946 2041 Sanctae

190 2060 302 2091 Annae.
326 2061 376 2091 fol.
393 2063 422 2092 6.

211 2110 310 2152 Incip.
337 2111 368 2142 in
392 2112 504 2149 verbis,
529 2126 652 2151 -τραν,
677 2112 762 2152 ἅγιον
787 2115 824 2154 τῷ
852 2113 946 2154 Κυρίῳ

189 2162 359 2200 κληθήσετε.

212 2212 316 2244 Desin.
341 2215 357 2244 ὁ
378 2215 430 2244 τὸν
455 2215 565 2252 κόσμον
591 2215 691 2252 σώζων
712 2216 758 2244 διὰ
781 2217 831 2244 *rofi
849 2213 947 2252 Ἰησοῦ

191 2266 320 2302 Χριστοῦ
335 2268 386 2295 τοῦ
404 2266 510 2304 Κυρίου
525 2266 612 2304 ἡμῶν,
626 2265 647 2307 ᾦ
664 2266 680 2303 ἡ
696 2267 773 2303 δόξα,
791 2279 815 2295 κ.
832 2270 861 2295 λ.

106 2319 136 2348 3.
155 2318 185 2349 S.
198 2318 218 2349 J
223 2319 353 2351 ohannis
368 2320 584 2362 Chrysostomi
606 2332 706 2351 sermo
731 2321 761 2351 in
785 2331 946 2351 occursum

170 2369 296 2401 Domini
312 2375 344 2402 et
359 2371 486 2413 virginis
501 2371 657 2413 Dciparae.
682 2371 732 2402 fol.
750 2381 796 2401 10.

213 2421 275 2453 Tit.
292 2426 341 2453 τοῦ
358 2424 390 2453 ἐν
405 2425 499 2462 ἁγίοις
519 2423 626 2462 πατρὸς
647 2424 726 2461 ἡμῶν
746 2422 883 2453 Ἰωάννου
899 2423 945 2461 ἆρ-

191 2475 384 2513 χιεπισκόπου
409 2475 748 2505 Κωνσταντινουπόλεως
770 2476 820 2504 τοῦ
836 2476 947 2512 Χρυσο-

193 2526 302 2563 στόμου
324 2526 415 2564 λόγος
432 2527 471 2558 εἰς
487 2526 540 2563 τὴν
557 2525 728 2563 ὑπαπαντὴν
750 2527 799 2555 τοῦ
817 2527 948 2564 Σωτῆρος

194 2576 239 2606 καὶ
255 2578 303 2614 τῆς
318 2578 454 2607 θεοτόκου
471 2577 517 2607 καὶ
534 2578 573 2608 εἰς
590 2576 640 2606 τὸν
658 2579 785 2614 Συμεῶν.

216 2626 312 2668 Incip.
330 2628 363 2658 οὐ
378 2629 469 2666 μόνον
485 2630 579 2666 φορεῖ,
596 2635 631 2658 ut
652 2627 734 2658 inter
751 2638 855 2668 opera,
873 2628 947 2658 edit.

193 2677 352 2708 Benedict.
371 2683 445 2708 tom.
462 2677 492 2707 ii.
509 2688 536 2718 p.
552 2678 621 2707 812.

111 2733 138 2761 4.
155 2732 264 2762 Sermo
287 2733 318 2763 in
343 2738 497 2774 martyres
522 2731 739 2773 quadraginta,
762 2732 813 2772 qui
837 2732 867 2762 in
893 2731 946 2762 Sc-

173 2783 283 2814 bastiae
295 2783 363 2815 lacu
379 2784 557 2825 perierunt;
582 2788 710 2814 auctore
726 2783 854 2814 incerto.
870 2783 947 2822 f.14.

1120 1297 1184 1328 Tit.
1200 1297 1356 1335 μαρτύριον
1378 1298 1434 1325 τῶν
1456 1295 1547 1333 ἁγίων
1564 1294 1609 1324 καὶ
1626 1294 1749 1331 ἐνδόξων
1771 1295 1873 1332 μαρτύ-

1097 1361 1155 1387 ρων
1178 1347 1399 1386 τεσσαράκοντα
1423 1348 1480 1375 τῶν
1505 1346 1537 1376 ἐν
1557 1346 1721 1386 σεβαστείᾳ
1736 1345 1769 1382 τῇ
1786 1346 1872 1382 λίμνῃ

1098 1398 1315 1430 τελεωθέντων,

1121 1449 1218 1491 Incip.
1239 1451 1310 1479 κατὰ
1325 1449 1390 1480 τοὺς
1407 1448 1520 1486 καιροὺς
1537 1447 1664 1479 ἐκεινοὺς
1679 1448 1816 1477 Λικινίου.

1120 1501 1165 1533 Cf.
1184 1502 1256 1531 Act.
1273 1500 1329 1530 SS.
1346 1499 1444 1530 Mart.
1460 1498 1500 1529 ad
1517 1498 1598 1528 diem
1613 1498 1654 1528 iii.

1015 1560 1043 1588 5.
1061 1558 1091 1587 S.
1107 1555 1319 1597 Chrysostomi
1335 1565 1489 1585 sermones
1505 1557 1632 1595 septem,
1650 1552 1774 1589 scilicet,

1079 1622 1106 1639 α.
1124 1607 1172 1639 De
1184 1607 1312 1649 jejunio.
1336 1606 1387 1636 fol.
1404 1616 1452 1646 19.

1163 1659 1253 1690 Inter
1268 1669 1339 1699 opp.
1356 1662 1430 1688 tom.
1447 1656 1490 1686 ix.
1507 1667 1536 1697 p.
1550 1656 1619 1686 800.

1078 1715 1109 1749 β.
1128 1710 1164 1741 In
1180 1708 1459 1743 annuntiationem,
1476 1707 1527 1737 ubi
1549 1707 1588 1737 de
1608 1706 1698 1737 laude
1722 1705 1753 1737 S.
1769 1706 1874 1737 Basilii

1142 1765 1174 1792 et
1189 1765 1299 1791 contra
1314 1759 1458 1790 Arianos.
1482 1758 1532 1788 fol.
1548 1767 1596 1788 22.

1164 1812 1244 1843 Ibid.
1261 1816 1335 1842 tom.
1349 1810 1390 1841 xi.
1407 1822 1435 1851 p.
1451 1810 1520 1851 838.

1079 1878 1106 1903 γ.
1124 1863 1162 1894 In
1179 1863 1315 1893 Divitem
1331 1866 1362 1892 et
1380 1861 1540 1892 Lazarum.
1567 1860 1616 1890 fol.
1631 1869 1680 1900 29.

1163 1914 1260 1955 Incip.
1278 1913 1436 1952 εὐλογητὸς
1452 1914 1466 1942 ὁ
1484 1912 1563 1943 Θεὸς
1578 1913 1593 1941 ὁ
1610 1912 1656 1941 καὶ
1672 1911 1802 1948 τήμερον.

1164 1965 1278 1996 Deficit
1294 1965 1325 1995 in
1340 1964 1449 1996 verbis,
1466 1964 1603 1994 ἐπίπονος
1618 1963 1634 2000 ἡ
1651 1962 1759 2000 ἰατρεία

1080 2019 1103 2047 δ.
1121 2016 1159 2047 In
1175 2014 1466 2046 Annuntiationem.
1491 2013 1541 2044 fol.
1557 2022 1607 2054 30.

1163 2066 1261 2107 Incip.
1288 2065 1521 2104 προαπέστειλεν
1545 2065 1560 2094 ὁ
1585 2063 1663 2094 Θεὸς
1689 2062 1740 2092 τὸν
1766 2061 1872 2100 ἀρχάγ-

1142 2122 1242 2157 γελον.

1080 2182 1102 2200 ε.
1121 2168 1213 2199 Alter
1228 2168 1309 2198 unde
1326 2178 1425 2208 supra.
1450 2166 1500 2196 sol.
1516 2176 1565 2207 35.

1164 2219 1244 2249 Ibid.
1260 2223 1336 2249 tom.
1353 2218 1383 2248 ii.
1399 2229 1429 2259 p.
1443 2226 1512 2257 797.

1079 2285 1104 2305 ς.
1122 2271 1160 2301 In
1183 2270 1388 2301 Publicanum
1412 2274 1444 2300 et
1469 2268 1670 2303 Pharisaeum,
1693 2276 1809 2296 necnon
1834 2264 1871 2294 de

1142 2322 1318 2352 humilitate
1335 2325 1365 2351 et
1382 2319 1531 2350 oratione.
1555 2317 1606 2348 fol.
1622 2318 1672 2357 38.

1163 2371 1280 2402 Exstat
1295 2371 1326 2401 in
1342 2371 1416 2401 edit.
1434 2369 1525 2400 Savil.
1541 2373 1616 2399 tom.
1629 2379 1655 2398 v.
1675 2379 1701 2408 p.
1718 2368 1786 2397 261.

1077 2427 1099 2458 ζ.
1116 2421 1154 2452 In
1170 2422 1265 2452 filium
1282 2421 1453 2463 prodigum.
1479 2419 1528 2450 sol.
1542 2430 1592 2458 4¹-

1163 2472 1201 2503 In
1217 2473 1290 2503 edit.
1304 2472 1419 2502 Bened.
1431 2476 1505 2501 tom.
1518 2470 1578 2500 viii.
1597 2481 1625 2510 p.
1635 2479 1685 2509 33,
1705 2468 1735 2497 in
1749 2467 1869 2508 spuriis.

1015 2527 1043 2558 6.
1063 2528 1093 2558 S.
1107 2527 1264 2569 Ephraem
1285 2527 1353 2568 Syri
1377 2537 1476 2557 sermo
1502 2525 1539 2555 de
1556 2523 1752 2554 Antichristo
1775 2527 1805 2552 ct
1833 2522 1870 2551 dc

1079 2579 1342 2610 consummatione
1357 2576 1472 2608 mundi.
1496 2575 1545 2606 fol.
1558 2576 1598 2614 46
1614 2575 1642 2605 b.

1122 2631 1185 2662 Tit.
1212 2633 1262 2661 τοῦ
1287 2630 1426 2668 μακαρίου
1452 2627 1585 2666 Ἐφραὶμ
1613 2627 1701 2665 λόγος
1729 2625 1793 2663 περὶ
1820 2627 1869 2654 τοῦ

1102 2681 1315 2722 Ἀντιχριστοῦ,
1332 2685 1365 2710 ut
1381 2680 1461 2710 inter
1477 2689 1579 2719 opera,
1596 2677 1643 2708 ed.
1656 2677 1756 2707 Oxon.

1017 2735 1044 2765 7.
1063 2733 1093 2764 S.
1108 2731 1320 2774 Chrysostomi
1336 2741 1436 2761 sermo
1452 2730 1490 2760 dc
1502 2729 1629 2770 jejunio.
1653 2727 1702 2758 sol.
1715 2736 1755 2768 52
1772 2727 1800 2757 b.

1124 2784 1212 2814 Inter
1227 2795 1296 2824 opp.
1313 2787 1386 2813 tom.
1404 2781 1445 2812 ix.
1463 2792 1492 2822 p.
1507 2780 1575 2819 846.

1167 2837 1189 2861 B
