2254 3117
725 159 959 192 COLLEGII
991 159 1128 193 NOVI.

402 256 541 290 CCCV.

38 315 154 350 Codex
181 313 390 348 chartaceus,
417 314 451 346 iu
480 314 570 353 folio,
598 314 630 347 ff.
651 316 731 353 145,
758 326 825 348 sec.
843 326 909 354 xxx,

61 383 163 406 manu
178 370 335 404 Holmeri
349 371 503 409 Thomae,
518 371 606 404 binis
621 371 789 404 columnis
807 372 910 416 scrip-

61 437 134 469 tus;
161 429 242 462 olim
263 427 361 461 Will.
382 428 512 467 Porter,
532 428 609 461 coll.
629 428 718 461 Nov.
737 429 897 462 custodis.

81 493 213 524 Walteri
238 492 362 528 Hilton,
386 492 504 533 [potius
523 492 574 522 J0.
593 491 729 532 Felt0n,]
751 492 854 522 vicarii
879 493 909 523 S.

101 544 210 575 Mariae
228 543 334 584 Magd.
352 544 486 574 ecclesiae
510 543 540 573 in
562 543 660 573 Oxou.
679 543 842 574 Sermones
859 545 909 574 (lo-

99 595 253 626 minicales
270 605 324 635 per
339 606 465 631 annum,
482 605 550 624 cum
567 593 702 635 prologo.
727 594 776 624 fol.
795 604 841 632 24.

142 646 292 685 Prologus
313 649 371 681 est,
390 645 557 675 “Penuria
577 644 771 675 studencium
794 645 824 675 in
849 657 910 676 ma-

120 697 198 729 teria
213 697 318 727 morali
335 700 563 737 paupertasque
580 696 739 736 juvenum,
757 696 807 737 qui
824 697 911 738 copia

119 749 280 790 privantur
310 748 468 783 librorum,
491 758 528 777 ac
554 747 731 788 importuna
761 747 911 777 sociorum

118 810 254 830 meorum
285 799 446 834 instancia,
475 809 536 828 non
559 798 746 829 temeritatis
772 799 910 835 audacia,

118 852 306 883 induxerunt
332 862 380 881 me
402 856 437 881 ut
462 850 500 881 de
526 851 651 891 siugulis
673 850 837 891 evangeliis
860 851 911 880 do-

118 903 320 939 minicalibus,
337 913 395 943 que
418 913 473 942 per
496 901 568 932 anui
590 901 734 932 circulum
757 901 911 942 leguntur,

118 953 252 994 aliquam
284 954 416 984 facerem
448 952 697 993 compilacionem
727 963 911 982 sermonum.

121 1005 203 1035 Hinc
219 1009 265 1035 est
281 1005 362 1045 quod
378 1004 416 1034 de
432 1003 518 1034 micis
535 1014 611 1044 quas
627 1003 732 1044 collegi
749 1014 807 1044 que
823 1004 911 1034 cade-

120 1057 195 1086 bant
218 1056 256 1086 de
279 1055 391 1085 mensis
414 1055 607 1085 dominorum
631 1065 778 1091 meorum,
796 1055 911 1085 scilicet

119 1105 296 1142 Januensis,
325 1104 518 1140 Parisiensis,
547 1104 769 1145 Lugdunensis,
795 1105 911 1135 Odonis

118 1163 211 1198 atque
227 1160 409 1192 ceterorum,
423 1166 551 1196 quorum
569 1155 693 1185 nomina
709 1155 911 1186 communiter

117 1207 293 1238 scribuntur
308 1207 339 1236 in
355 1205 493 1247 margine
513 1205 592 1241 libri,
614 1216 709 1236 unum
733 1206 909 1247 opusculum

119 1257 289 1298 compilavi,
306 1261 341 1287 ut
357 1256 397 1286 sit
412 1256 452 1286 ad
468 1255 590 1286 laudem
608 1255 696 1292 Deis*
712 1260 770 1286 etc.

141 1308 238 1349 Incip.
254 1307 273 1338 i.
293 1313 311 1322 “
325 1306 429 1337 Dicite
451 1306 512 1337 filie
533 1306 626 1348 Syon,
643 1312 700 1337 etc.
748 1307 911 1338 Sciendum

119 1364 166 1391 est
182 1359 264 1401 quod
278 1358 383 1400 gratia
398 1358 458 1389 Dei
474 1362 521 1389 est
536 1357 624 1388 nobis
640 1358 840 1389 necessaria.”

140 1410 245 1441 Desin.
271 1410 327 1440 ult.
357 1415 537 1450 “prospera
566 1408 772 1439 delectoribus
797 1409 911 1440 Christi

118 1461 314 1503 adjicientur,
336 1460 388 1501 qui
412 1460 454 1490 sic
478 1470 547 1490 eum
570 1459 702 1490 fideliter
724 1459 909 1500 quesierunt,

117 1513 217 1553 adque
232 1511 346 1553 gaudia
361 1511 512 1552 perducat
527 1510 611 1545 nos,”
627 1514 684 1540 etc.

141 1564 178 1593 In
204 1563 296 1599 calce,
323 1561 533 1603 “Expliciunt
561 1561 611 1592 hic
637 1571 792 1592 sermones
816 1561 910 1592 domi-

118 1614 232 1645 nicales
254 1625 309 1655 per
335 1623 450 1643 annum
476 1623 530 1653 per
553 1613 700 1643 vicarium
725 1612 911 1653 Magdalene

119 1665 301 1696 Oxoniensis
316 1664 425 1694 horum
445 1663 640 1694 collectorem
659 1663 825 1704 compilati,
843 1673 909 1693 nec-

119 1727 179 1747 non
202 1727 260 1757 que
281 1715 387 1756 scripti
411 1715 577 1745 secundum
598 1714 729 1744 formam
751 1714 836 1754 copie
857 1725 911 1754 per
940 1718 942 1763 l

119 1779 228 1798 manus
244 1767 383 1808 magistri
400 1766 549 1797 Holmere
565 1766 711 1796 Thomeh'

140 1819 287 1860 Sequitur
302 1818 409 1850 tabula
424 1818 630 1859 alphabetica.

142 1871 391 1905 prat-mittuntur,

77 1935 105 1954 a.
122 1923 246 1955 Concilii
272 1921 456 1953 Basileensis
481 1921 648 1951 Decretum
673 1920 710 1950 de
738 1920 768 1950 S
792 1919 909 1950 Eucha-
940 1928 942 1943 2

140 1972 234 2003 rist-iae
258 1972 477 2007 Sacramento3
507 1972 571 2002 dat.
595 1970 687 2000 Basil.
712 1982 737 2000 v.
759 1981 828 2000 non.
844 1970 865 1999 ,J
869 1969 908 2000 ul.

144 2034 230 2064 1434.
255 2023 305 2053 fol.
323 2033 347 2052 1.

77 2077 106 2106 b.
125 2076 287 2106 Sermones
302 2085 372 2104 xxv.
390 2072 688 2113 Quadragesimales‚
705 2075 830 2101 auctore
850 2071 908 2100 for-

141 2137 194 2156 san
213 2125 356 2155 XValtero
372 2123 560 2164 supradicto.
584 2122 634 2152 fol.
652 2132 676 2152 2.

184 2176 280 2216 Incip.
297 2176 314 2205 i.
334 2182 351 2190 ‘¹
366 2175 446 2205 Filia
469 2174 572 2215 populi
596 2173 653 2203 mei
677 2172 832 2207 induere?
848 2179 907 2202 etc.
939 2189 941 2201 ι

163 2226 340 2266 “Quamvis
371 2225 538 2256 solennitas
571 2222 843 2264 quadragesimalis
878 2224 907 2253 in
940 2230 941 2236 ¹

160 2277 298 2318 sequenti
315 2276 468 2306 dominica
483 2273 674 2304 inchoeturf*

392 2374 549 2409 CCCVI.

39 2437 335 2473 Membranaceus,
369 2434 403 2466 in
441 2432 532 2471 folio,
567 2431 599 2463 ff.
628 2432 708 2468 359,
744 2441 810 2462 sec.
841 2441 907 2468 xv.‚

63 2494 148 2527 binis
166 2491 334 2526 columnis
352 2491 440 2523 bene
458 2493 637 2523 exaratus:
665 2486 744 2519 olim
761 2486 909 2519 Simonis

64 2551 154 2595 Ishp,
181 2548 328 2593 arcliiep.
347 2548 519 2585 Cantuar„
547 2552 665 2589 postea
686 2543 781 2576 Will.
802 2544 908 2582 Reed,

63 2607 210 2652 episcopi
229 2605 461 2639 Cicestrensis.

81 2673 110 2703 S.
126 2670 278 2702 -Johannis
294 2667 515 2710 Chrysostsuui,
529 2667 590 2696 sive
606 2665 821 2705 cujuscumque
838 2665 908 2699 sint,

101 2734 176 2763 opus
198 2720 410 2761 imperfectum
434 2718 495 2748 sive
520 2714 662 2745 Homiliae
688 2713 910 2754 quinquaginta

101 2778 171 2804 octo
187 2773 217 2802 in
233 2772 265 2802 S.
281 2769 426 2800 Matthaei
443 2767 640 2807 evangelium.

1766 165 1829 195 lll

1070 257 1175 287 Desin.
1202 257 1304 287 homil.
1333 257 1387 288 ult.
1416 258 1533 298 imperf.
1565 258 1595 287 in
1626 258 1734 294 verbis,
1761 260 1832 288 “ad

1047 308 1202 338 diabolum
1218 309 1376 344 vaderent,
1394 315 1556 349 postquam
1573 309 1660 339 ver&

1069 358 1214 399 Sequitur
1227 359 1348 395 notitia,
1363 365 1380 374 “
1396 360 1454 389 Hie
1467 359 1569 390 deficit
1583 360 1731 390 medietas
1748 361 1833 390 istius

1048 408 1183 437 omelies*

1071 457 1188 488 Deinde
1204 459 1310 489 tabula
1327 459 1527 489 homiliarum.

1072 508 1107 538 In
1128 509 1215 539 initio
1238 510 1360 543 codicis,
1380 517 1395 525 '¹
1414 511 1505 541 Liber
1523 512 1566 541 M.
1587 512 1733 542 willelmi
1750 512 1832 542 Reed

1050 569 1098 599 cp.
1122 558 1332 595 Cieestrensis,
1357 571 1445 599 quem
1466 562 1540 592 emit
1561 562 1598 592 de
1621 562 1834 592 executoribus

1050 609 1229 639 venerabilis
1245 611 1342 650 patris
1357 611 1471 641 domini
1489 612 1620 641 Simonis
1636 612 1726 652 Islep,
1743 613 1831 642 (lant.

1049 660 1279 701 archiepiscopi,
1295 662 1389 692 oretis
1405 663 1498 702 igitur
1514 674 1569 703 pro
1585 664 1742 703 utroque*

1071 710 1200 746 Deinde,
1223 718 1239 726 “
1260 712 1349 742 Liber
1372 713 1487 753 collegii
1510 713 1600 743 beate
1625 713 1723 742 Mari<¹
1741 713 1835 753 W'yu-

1050 767 1113 791 ton.
1131 761 1160 791 in
1177 762 1275 792 Oxou.
1293 763 1322 792 in
1339 764 1489 793 communi
1509 764 1632 794 libraria
1649 769 1677 794 et
1695 765 1733 794 ad
1755 775 1833 793 com-

1050 823 1171 842 munem
1198 824 1285 842 usum
1309 814 1468 844 scolarium
1493 815 1627 855 ejusdem
1651 820 1681 845 et
1705 815 1835 845 maxime

1049 863 1086 893 de
1102 863 1214 893 diocesi
1231 863 1405 900 Cicest1·ie‚''‘
1421 871 1478 895 etc.
1496 870 1530 895 ut
1546 877 1646 906 supra.

1315 957 1493 991 CCCVII.

965 1014 1084 1048 Codex
1099 1016 1388 1051 membranaceus,
1404 1016 1437 1048 iu
1452 1016 1542 1051 folio,
1558 1016 1589 1049 ff.
1605 1019 1685 1054 408,
1700 1028 1763 1049 sec.
1781 1027 1835 1048 xv.

989 1073 1167 1111 exeuntis3
1193 1073 1274 1106 olim
1296 1073 1437 1106 Roberti
1459 1073 1591 1111 Mason,
1610 1073 1740 1109 L11.1›.,
1760 1073 1835 1106 coll.

992 1130 1082 1163 Nov.
1101 1131 1193 1164 socii.

1010 1190 1130 1220 Alberti
1146 1190 1184 1220 de
1200 1190 1271 1220 Eiib
1283 1190 1315 1220 J.
1330 1190 1371 1220 U,
1385 1191 1424 1220 D.
1442 1194 1473 1220 et
1492 1190 1538 1219 Pii
1554 1201 1640 1231 papae
1659 1191 1701 1220 H.
1718 1191 1835 1220 cubicu-

1029 1241 1107 1275 larii,
1124 1241 1360 1282 Bambergensis
1380 1246 1411 1272 et
1428 1241 1621 1282 Eystetensis
1644 1241 1836 1271 ecclesiarum

1028 1291 1175 1328 canonici,
1195 1292 1369 1333 Margarita
1386 1291 1524 1327 Poetica‚
1540 1291 1602 1322 sive
1619 1291 1786 1322 Sententiae
1807 1296 1838 1321 et

1028 1346 1184 1383 praecepta
1199 1354 1237 1373 ex
1253 1343 1514 1384 philosophorum,
1531 1342 1755 1377 historicorum,
1773 1353 1839 1372 ora-

1028 1398 1142 1430 torum,
1164 1398 1325 1434 poetarum
1348 1398 1486 1424 veterum
1510 1396 1541 1423 et
1563 1393 1731 1423 recentium
1754 1392 1838 1423 libris

1028 1445 1174 1476 collectae.

1071 1495 1132 1526 Tit.
1153 1502 1170 1511 “
1185 1497 1353 1526 Oratorum
1376 1495 1520 1532 omnium,
1544 1500 1717 1536 poetarum,
1737 1495 1838 1525 istori-

1049 1557 1153 1577 corum
1176 1557 1212 1577 ac
1230 1546 1481 1588 philosophorum
1503 1546 1660 1587 eleganter
1682 1546 1765 1576 dicta
1785 1556 1839 1586 per

1049 1598 1251 1628 clarissimum
1267 1598 1364 1628 virum
1376 1597 1537 1627 Albertum
1553 1597 1591 1626 de
1604 1596 1684 1632 Eiib,
1698 1596 1727 1625 in
1744 1607 1836 1626 unum

1048 1648 1176 1678 collecta
1192 1647 1321 1678 feliciter
1336 1647 1513 1686 incipiunt*

1071 1699 1304 1739 Transcriptunl
1325 1702 1372 1728 est
1391 1697 1548 1738 exemplar
1570 1701 1708 1727 nostrum
1723 1708 1761 1726 ex
1777 1697 1838 1727 edi—

1049 1751 1132 1780 tione
1154 1750 1304 1785 Romana,
1320 1760 1401 1779 anno
1422 1758 1497 1788 1475
1522 1759 1644 1781 excusa,
1666 1752 1697 1777 ut
1718 1747 1838 1777 videtur

1049 1801 1078 1831 in
1099 1801 1211 1831 notitia
1233 1800 1272 1830 ad
1296 1799 1408 1830 calcem
1431 1809 1576 1839 appensa,
1598 1804 1615 1813 ‘¹
1630 1800 1755 1828 Summa
1771 1809 1837 1827 ora-

1048 1856 1149 1881 torum
1173 1850 1320 1886 omnium,
1341 1854 1502 1890 poetarum
1521 1860 1556 1878 ac
1578 1848 1835 1889 philosophorum,

1048 1902 1233 1932 autoritates
1249 1901 1279 1930 in
1295 1911 1388 1930 unum
1410 1899 1545 1929 collecta*
1567 1910 1620 1939 per
1639 1898 1835 1928 clarissimum

1048 1953 1144 1982 virum
1162 1952 1325 1982 Albertum
1347 1951 1384 1980 de
1402 1951 1480 1986 Eiib,
1498 1950 1656 1989 utriusque
1675 1949 1752 1988 juris
1767 1949 1835 1978 doc-

1048 2010 1146 2034 torem
1159 2002 1316 2037 eximium,
1330 2012 1387 2042 que
1400 2001 1569 2041 margarita
1582 1999 1701 2040 poetica
1715 1999 1833 2028 dicitur.

1047 2053 1176 2084 feliciter
1199 2052 1288 2082 finem
1312 2052 1427 2092 adepta
1447 2056 1494 2081 est
1518 2062 1572 2091 per
1590 2050 1778 2090 ingeniosum
1794 2049 1834 2078 vi-

1047 2115 1114 2134 rum
1131 2104 1312 2144 magistrum
1330 2102 1511 2132 Udalricum
1528 2101 1648 2132 Gallum
1669 2100 1745 2129 alias
1762 2099 1834 2128 Hau

1048 2155 1255 2185 Alamannam
1275 2165 1312 2183 ex
1333 2153 1496 2193 Ingelstat‚
1518 2152 1611 2182 civem
1630 2150 1834 2180 Doienensem

1047 2216 1107 2234 non
1130 2205 1249 2235 calamo
1270 2215 1307 2234 ex
1328 2203 1479 2234 communi
1500 2202 1580 2237 stilo,
1599 2202 1650 2231 sed
1668 2211 1742 2230 nove
1758 2199 1835 2229 artis

1047 2268 1082 2287 ac
1106 2255 1210 2286 solerti
1234 2255 1385 2285 industrie
1410 2264 1520 2294 genere
1546 2253 1650 2282 Romae
1678 2251 1833 2290 impressa,

1048 2318 1127 2338 anno
1144 2306 1364 2337 incarnationis
1378 2304 1536 2335 Dominice
1550 2301 1740 2332 mcecclxxiv.
1755 2311 1835 2330 men-

1046 2359 1086 2388 sis
1107 2357 1286 2388 Decembris
1302 2357 1374 2387 anui
1391 2354 1512 2387 Jubilei,
1535 2353 1660 2383 sedente
1682 2351 1771 2381 Sixto
1793 2351 1835 2380 di-

1046 2409 1115 2438 vina
1130 2407 1326 2449 providencia
1342 2417 1423 2447 papa
1439 2405 1491 2444 iiij.
1509 2402 1652 2444 pontifice
1671 2400 1836 2431 maximos·

1069 2460 1106 2489 In
1123 2459 1210 2488 initio
1227 2457 1348 2491 codicis,
1363 2463 1379 2471 ‘⁴
1395 2456 1486 2485 Liber
1501 2453 1617 2493 collegii
1631 2453 1720 2482 beate
1735 2451 1834 2480 Marit-

1047 2511 1197 2551 WVynton.
1221 2510 1251 2539 in
1269 2510 1367 2540 Oxon.
1389 2519 1425 2537 cx
1450 2507 1529 2535 dono
1551 2504 1689 2544 magistri
1706 2503 1835 2533 Roberti

1048 2562 1160 2592 Mason
1187 2561 1287 2601 legum
1314 2557 1457 2589 doctoris.
1486 2554 1693 2585 archidiaconi
1720 2554 1834 2584 North-

1047 2612 1174 2646 umbrie,
1199 2610 1352 2651 quondam
1379 2607 1451 2637 socii
1481 2606 1607 2635 eusdem
1633 2604 1763 2644 collegii,
1787 2615 1834 2634 ca-

1047 2662 1220 2693 thenandus
1262 2661 1291 2689 in
1334 2656 1483 2688 communi
1523 2654 1648 2684 libraria.
1689 2654 1833 2693 ejusdem,

1046 2723 1126 2742 anno
1146 2712 1185 2741 ab
1209 2708 1420 2740 incarnacione
1442 2706 1577 2747 ejusdem
1595 2704 1720 2734 Domini
1736 2705 1831 2734 nostri

1047 2761 1241 2792 mcccclxxix.
1259 2759 1355 2800 primo
1374 2757 1509 2791 Marciis,
1527 2766 1617 2786 manu
1636 2755 1789 2797 propria.’⁷
