2254 3117
679 150 917 185 COLLEGII
946 153 1267 190 EXONIENSIS.
1864 163 1884 192 5

178 242 272 274 Town
288 245 323 275 of
340 246 440 276 Oxou.
464 247 612 288 touching
634 248 748 289 sundry
770 249 872 289 points
892 250 953 280 and

176 295 300 326 articles
315 297 346 326 iu
362 297 475 328 (lebate
491 298 566 328 then
582 309 696 339 among
711 299 806 329 them.
834 299 883 329 fol.
899 301 952 340 58.

73 346 122 376 11.
139 345 310 377 Submissio
328 347 460 389 Majoris
483 353 514 379 et
538 349 743 389 Burgensium
768 354 800 380 et
820 361 953 381 00011110-

155 397 264 428 nitatis
280 398 355 428 villae
373 399 470 429 Oxou.
487 400 519 430 iu
542 411 603 440 qua
627 411 659 430 se
680 404 712 431 et
737 411 843 431 omnes
864 401 953 432 libcr-

155 452 239 478 tatcs
262 459 333 479 suas
356 449 386 479 111
407 460 531 480 manum
553 450 668 480 domini
691 451 772 491 regis
795 452 954 492 resignant

155 509 210 538 pro
233 509 309 539 pace
324 503 356 529 et
380 500 606 540 tranquillitate
627 499 710 530 inter
734 501 818 542 ipsos
842 502 953 533 fienda.

156 548 207 578 fol.
224 559 275 589 59.

74 600 120 629 12.
138 599 308 630 Restitutio
324 600 505 631 libertatum
517 601 594 632 villae
609 602 710 633 Oxou.
725 608 795 644 post
808 614 953 645 magnum

155 650 342 688 conflictum,
367 652 506 693 exceptis
531 652 579 683 his
609 665 677 694 quae
707 654 897 686 Cancellario
921 660 953 686 et

155 702 346 733 scholaribus
370 708 442 733 suut
467 714 639 740 concessae;
670 705 786 736 additis
809 707 952 737 observa-

155 753 290 784 tionibus
307 753 491 794 quibusdam
508 766 600 794 super
616 755 742 786 eisdem.
766 756 818 788 fol.
834 767 874 798 59
891 757 919 787 b.

74 806 121 835 13.
138 805 255 836 Charta
265 805 478 846 Burgeusibus
491 806 591 837 Oxou.
603 818 759 845 concessa,
769 819 818 839 an.
830 811 869 849 36
881 810 950 840 Car.

156 856 200 886 II.
224 856 274 887 fol.
289 857 325 887 61
346 857 374 887 b.

74 908 122 938 14.
139 907 182 937 Of
193 907 247 938 the
263 908 360 939 Court
378 908 455 939 Leet
472 908 637 951 belonging
653 914 686 940 to
703 910 755 941 the
775 910 953 953 University

155 960 189 989 of
201 958 332 989 Oxford.
356 959 406 990 fol.
421 961 470 999 64.

73 1011 121 1041 15.
139 1012 189 1040 An
209 1011 349 1042 abstract
366 1011 400 1041 of
412 1012 530 1042 several
550 1020 616 1042 acts
632 1012 766 1054 relatiug
782 1020 816 1044 to
832 1015 885 1045 the
901 1026 952 1045 ex-

155 1062 216 1093 cise
231 1063 265 1093 of
277 1063 350 1093 beer
364 1063 427 1094 and
443 1063 500 1094 ale.
525 1063 577 1093 fol.
594 1065 644 1094 66.

74 1113 120 1144 16.
138 1113 358 1145 Observatious
380 1115 566 1156 concerniug
586 1115 639 1146 the
663 1115 759 1146 assise
780 1116 841 1146 and
863 1128 952 1158 assay

155 1165 279 1195 oswine
302 1166 374 1196 beer
396 1166 458 1196 aud
481 1166 528 1197 ale
549 1178 583 1197 as
603 1167 735 1208 granted
757 1172 788 1198 to
805 1167 858 1198 the
875 1168 951 1198 Uni-

155 1216 268 1257 versity
283 1217 318 1247 of
330 1217 430 1248 Oxou.
456 1227 543 1256 ¹701·
567 1218 618 1248 fol.
636 1220 685 1259 69.

72 1272 120 1303 17.
139 1271 201 1302 Mr.
218 1272 329 1303 Laue’s
352 1284 422 1304 case
445 1273 542 1304 about
569 1274 623 1304 the
644 1285 746 1315 power
762 1275 796 1305 os
807 1275 953 1316 choosing

154 1323 188 1353 of
198 1323 323 1361 fellows,
338 1329 372 1355 at
389 1324 518 1356 Merton
537 1325 671 1366 college3
698 1327 787 1366 1679.
812 1326 864 1356 fol.
881 1336 930 1365 74.

72 1375 120 1405 18.
136 1373 214 1405 Case
236 1375 271 1405 of
290 1375 343 1407 the
371 1376 464 1407 Halls
487 1377 519 1407 iu
542 1377 662 1408 Oxford
687 1378 728 1419 by
745 1377 799 1408 Dr.
818 1377 950 1413 Wallis;

157 1427 245 1467 1693.
269 1426 320 1457 fol.
339 1435 388 1468 79.

71 1475 119 1508 19.
135 1474 191 1505 Dr.
210 1475 377 1507 Bernard’s
402 1488 473 1508 case
498 1478 596 1509 about
623 1479 789 1522 punishiug
812 1481 872 1511 and
897 1492 950 1510 ex-

154 1525 267 1567 pelliug
282 1537 301 1557 a
316 1527 414 1558 fellow
430 1528 464 1558 of
477 1528 605 1560 Merton
621 1529 687 1559 coll.
707 1530 794 1570 1679.
818 1530 866 1560 fol.
881 1532 929 1559 81.

454 1622 561 1656 XIII.

72 1683 190 1717 Codex
217 1684 510 1725 membranaceus,
539 1685 574 1718 in
603 1685 695 1725 folio,
722 1685 755 1719 ff.
777 1688 856 1721 145,
885 1697 950 1719 sec.

95 1741 163 1774 xiv.
181 1742 350 1781 exeuntis,
370 1742 458 1776 binis
476 1743 645 1777 columnis
665 1749 838 1778 exaratus.

114 1798 142 1827 1.
159 1798 314 1839 Anonymi
339 1799 501 1839 cujusdam
524 1800 679 1840 expositio
704 1811 796 1841 super
822 1800 953 1831 Cantica
981 1798 983 1809 ³

177 1849 386 1886 canticorum,
404 1850 435 1880 in
453 1851 557 1892 capita
572 1852 668 1882 ccxlv.
685 1852 841 1882 distincta.
857 1851 908 1881 fol.
923 1861 950 1880 1.

218 1900 315 1941 Incip.
334 1905 351 1917 “
369 1901 454 1932 Solet
477 1906 545 1932 etas
566 1902 709 1942 juvenilis
734 1902 951 1932 ardentissimo

198 1949 300 1979 studio
316 1954 347 1980 et
364 1950 426 1981 vite
449 1951 625 1982 innocentia
648 1953 833 1993 quandoque
854 1953 950 1983 scien·
981 1969 982 2002 3

197 2001 274 2032 tiam
290 2003 454 2043 consequi,

218 2052 349 2083 Inferius
366 2053 483 2084 citatur
498 2054 678 2085 Alexander
694 2054 844 2095 Nequam.

217 2103 325 2135 Desin.
342 2110 359 2121 “
376 2105 446 2136 Sive
462 2110 497 2137 ut
513 2106 581 2137 aliis
597 2106 699 2147 placet
720 2107 759 2136 ad
781 2107 902 2137 laudem
919 2111 950 2138 et

198 2155 346 2186 honorem
370 2156 511 2198 Virginis
533 2157 705 2193 benedicte,
722 2158 778 2188 Cui
798 2158 837 2188 sit
853 2158 951 2188 honor

198 2210 229 2236 et
244 2206 342 2247 gloria
353 2208 381 2241 3¹³
404 2213 463 2239 etc.

221 2258 258 2287 In
284 2259 374 2295 calce,
393 2263 410 2275 ‘²
424 2259 559 2300 Explicit
583 2259 738 2300 exposicio
760 2271 852 2300 super
873 2259 951 2290 Can-

197 2308 260 2340 tica,
275 2310 504 2341 Canticorum.”

115 2364 144 2394 2.
162 2363 255 2395 Liber
279 2366 317 2396 de
344 2367 409 2397 vita
429 2366 563 2396 hominis
588 2367 828 2407 quadripartita,
846 2367 878 2397 in
903 2378 952 2398 ca-

178 2416 242 2456 pita
258 2417 457 2458 septuaginta
473 2418 534 2448 duo
550 2417 724 2448 distinctus.
748 2417 799 2447 fol.
816 2428 883 2455 109.

219 2468 316 2510 Incip.
346 2474 363 2486 ‘²
380 2469 650 2511 Quadripartitam
680 2469 885 2501 humanitatis
911 2472 951 2502 vi-

199 2524 276 2556 tam,
291 2521 431 2551 videlicet
458 2525 569 2551 nature
592 2525 623 2550 et
646 2520 770 2551 fortune
793 2521 894 2562 gratie
920 2527 953 2553 et

198 2571 295 2611 glorie
309 2571 431 2612 antiqui
446 2571 644 2612 posuerunt.”

220 2621 328 2653 Desin.
346 2627 364 2639 “
377 2633 435 2663 que
450 2622 516 2663 ipse
538 2622 663 2662 scripsit
684 2622 715 2652 in
735 2623 793 2653 hoc
818 2623 952 2654 carmine

198 2673 239 2703 ad
254 2674 376 2704 laudem
392 2673 518 2703 Domini
534 2673 633 2703 nostri
647 2673 746 2704 Jhesu
761 2673 887 2711 Christi,
904 2674 953 2704 cui

200 2723 241 2754 sit
256 2724 354 2755 honor
369 2728 401 2754 et
415 2723 522 2764 gloria,
540 2724 672 2754 Amen.''

981 1924 983 1938 1

221 2774 338 2816 Agitur
351 2775 389 2805 de
403 2774 585 2805 fortitudine
600 2778 632 2805 et
648 2774 810 2816 patientia,
824 2775 862 2806 de
877 2775 951 2806 arti-
983 2791 984 2803 l

1133 254 1208 284 culis
1224 255 1406 286 Christiana*
1430 257 1596 297 religionis,
1612 257 1650 288 (10
1665 257 1809 298 operibus
1825 259 1883 299 pic-

1133 305 1218 341 tatis,
1236 306 1273 336 (10
1290 307 1475 347 perfectione
1491 308 1684 349 cvangelica;
1708 314 1766 339 cte.

1392 421 1493 454 XIV.

1007 486 1126 520 Codex
1158 489 1447 530 niciubranacffls,
1474 493 1507 524 iu
1539 493 1630 533 folio,
1658 494 1689 526 1ἱῖ
1712 497 1789 531 195,
1819 506 1885 527 soc.

1032 556 1098 584 xv.,
1118 545 1198 578 olim
1223 546 1391 581 Johaunis
1417 549 1649 591 Cobethorne,
1665 559 1783 596 postea
1806 553 1884 586 eoll.

1033 602 1144 635 Exon.
1165 614 1208 636 ex
1227 604 1316 637 dono
1343 605 1436 640 Will.
1458 607 1571 652 Elyot,
1591 611 1744 654 magistri
1765 611 1885 644 domus

1032 660 1098 694 Dei
1117 662 1159 694 de
1180 661 1434 696 Portesmouth.

1050 729 1077 758 1.
1097 728 1189 759 Liber
1215 729 1371 766 Tolosani,
1394 731 1455 761 sive
1482 732 1573 763 Liber
1599 736 1818 774 grammaticus
1848 737 1885 766 de

1112 785 1182 810 octo
1198 781 1340 821 partibus
1356 782 1514 819 orationis,
1531 795 1597 814 cum
1613 786 1804 825 priefatione.
1826 788 1846 817 f.
1862 798 1885 817 1.

1157 835 1252 876 Incip.
1269 836 1353 876 praef.
1374 841 1390 853 “
1406 837 1441 866 In
1460 838 1596 878 qualibet
1618 845 1686 871 arte
1708 842 1827 873 diffusio
1844 844 1886 873 fa-

1134 887 1265 917 stidium
1290 892 1442 928 procreat,
1471 889 1583 929 ingenii
1609 902 1734 922 acumen
1759 893 1885 924 hebetat

1134 942 1165 968 et
1181 939 1360 969 memoriam
1377 941 1558 980 perturbat;
1578 941 1645 972 ideo
1661 943 1794 974 libellum
1807 945 1886 975 hunc

1133 989 1171 1019 de
1188 994 1322 1030 quatuor
1342 991 1482 1031 partibus
1506 994 1706 1032 grammatice
1730 995 1769 1024 ad
1792 996 1887 1025 mino-

1133 1050 1200 1069 rum
1222 1040 1457 1071 instructionem
1474 1053 1490 1071 e
1506 1042 1633 1072 diversis
1649 1044 1887 1075 auctoritatibus

1132 1092 1349 1132 compendiose
1375 1093 1537 1123 collectum
1560 1105 1617 1134 ego
1636 1094 1809 1126 balbutiens
1825 1096 1887 1126 bal-

1136 1142 1265 1173 butivi.”

1156 1193 1251 1235 Incip.
1270 1206 1356 1235 opus,
1376 1200 1392 1212 “
1410 1195 1479 1225 Vox
1497 1200 1544 1226 est
1565 1207 1634 1226 arer
1656 1197 1727 1232 (siff)
1750 1198 1889 1228 tenuissi—

1133 1254 1200 1274 mus
1216 1245 1326 1275 ictus.''

1154 1295 1261 1326 Desin.
1279 1302 1296 1313 ⁴⁸
1312 1297 1539 1328 determinatur
1560 1308 1653 1338 supra
1669 1297 1701 1327 in
1717 1297 1889 1328 Ethimolo-

1135 1347 1186 1388 gia
1202 1358 1257 1388 per
1272 1352 1385 1384 totum,
1402 1348 1450 1378 hic
1466 1352 1565 1379 artem
1582 1348 1719 1389 opusculi
1736 1349 1795 1379 mei
1812 1349 1890 1379 facio

1134 1397 1235 1428 finem.
1281 1398 1418 1439 Explicit
1434 1398 1511 1429 liber
1527 1398 1700 1429 Tolosanis*

1048 1453 1077 1481 Q.
1095 1452 1223 1483 Catonis
1247 1453 1381 1484 disticha
1403 1453 1543 1490 moralia,
1566 1465 1634 1484 cum
1660 1454 1890 1484 commentario.

1113 1504 1164 1534 sol.
1182 1514 1242 1544 174
1257 1505 1286 1535 b.

1155 1555 1254 1597 Incip.
1272 1560 1435 1587 comment.
1455 1561 1472 1573 ‘⁴
1485 1556 1520 1586 In
1538 1556 1688 1597 principio
1701 1561 1791 1597 pater
1806 1557 1891 1597 spiri-

1133 1606 1226 1637 tualis
1242 1607 1416 1648 generalem
1435 1619 1558 1638 causam
1575 1607 1675 1638 innuit
1697 1618 1791 1648 quare
1812 1613 1891 1638 trae-

1132 1663 1199 1689 tum
1215 1659 1309 1689 istum
1326 1659 1488 1700 5115001111]Ἷ

1155 1709 1264 1740 Desin.
1283 1710 1314 1740 111
1330 1722 1432 1747 versu,

1049 1766 1066 1777 ⁴*
1080 1760 1148 1791 Hec
1165 1761 1300 1791 brevitas
1316 1772 1423 1792 sensus
1438 1762 1510 1792 fecit
1527 1762 1714 1802 conjungere
1730 1762 1848 1791 binos?

1157 1812 1193 1841 Iu
1216 1812 1308 1848 calce,

1029 1870 1046 1880 ⁵·
1060 1863 1198 1904 Explicit
1211 1863 1261 1894 1110
1278 1864 1368 1899 Cato,
1383 1864 1460 1894 dans
1477 1865 1624 1904 dogmata
1641 1864 1772 1905 plurima
1788 1864 1892 1894 natos*

1156 1919 1286 1955 Deinde,
1315 1924 1332 1935 ‘⁴
1356 1919 1449 1949 Liber
1467 1919 1615 1950 willelmi
1643 1919 1746 1960 Elyot,
1778 1919 1888 1949 clerici.

1133 1981 1222 2011 quem
1239 1970 1349 2001 habuit
1365 1971 1403 2001 de
1418 1971 1564 2001 ,Iohanne
1581 1971 1777 2002 Cobethorne
1794 1982 1891 2011 nuper

1133 2073 1231 2103 eidem
1248 2072 1406 2103 Willelmo
1423 2084 1460 2103 ex
1476 2073 1582 2103 debito
1599 2072 1738 2103 debuit.”

1154 2127 1191 2157 In
1208 2127 1258 2158 fol.
1275 2137 1291 2157 Ζ
1315 2127 1455 2169 margine
1480 2127 1629 2168 superiori
1658 2130 1800 2157 notatum
1832 2132 1887 2156 est.

1134 2184 1151 2194 '⁸
1170 2177 1263 2208 Liber
1292 2177 1380 2207 Will.
1408 2177 1514 2218 Elyot,
1547 2177 1658 2212 clerici,
1690 2176 1817 2206 rectoris
1852 2176 1889 2204 de

1136 2231 1261 2260 Aucton
1278 2229 1407 2265 Giffard.
1427 2241 1517 2270 quem
1539 2229 1650 2259 librum
1675 2228 1755 2258 idem
1771 2227 1889 2256 Willel-

1133 2292 1201 2311 mus
1223 2281 1298 2311 emit
1326 2281 1363 2311 de
1388 2281 1605 2311 executoribus
1630 2278 1808 2310 testamenti
1835 2279 1889 2307 Jo-

1134 2332 1244 2362 hannis
1260 2331 1458 2362 Cobethorne
1480 2343 1577 2372 nuper
1602 2329 1761 2360 servientis
1781 2329 1887 2369 ejus!3

1134 2387 1166 2413 et
1182 2383 1212 2412 in
1227 2393 1324 2423 marg.
1342 2383 1430 2413 infer.
1448 2388 1465 2399 ‘⁴
1479 2383 1571 2413 Hunc
1588 2382 1697 2411 librum
1715 2380 1767 2410 W.
1780 2380 1885 2420 Elyot.

1133 2433 1269 2468 01011005,
1293 2434 1442 2474 magister
1471 2434 1579 2464 domus
1608 2432 1664 2462 Dei
1695 2431 1732 2461 de
1763 2431 1887 2461 Portes-

1133 2485 1250 2521 mouth,
1265 2485 1408 2516 XVinton.
1426 2485 1505 2515 dioc.
1524 2485 1553 2514 in
1575 2494 1651 2513 00111.
1669 2482 1797 2512 Southn.
1815 2482 1886 2512 olim

1134 2535 1330 2575 registrarius
1353 2536 1432 2566 bone
1447 2534 1592 2565 memorie
1611 2532 1764 2563 Edmundi
1786 2532 1882 2573 Lacy,

1134 2586 1234 2616 Exon.
1251 2597 1308 2627 ep.‚
1322 2587 1408 2617 dedit
1421 2585 1546 2626 collegio
1564 2583 1684 2614 Ex‹›n.⁴'
1695 2587 1753 2613 etc.
1772 2593 1789 2599 ··
1800 2584 1885 2623 quin—

1133 2641 1166 2667 to
1182 2637 1301 2667 decimo
1317 2638 1365 2667 dic
1381 2636 1493 2667 mensis
1509 2635 1582 2665 Julii
1605 2645 1686 2664 anno
1702 2633 1787 2674 regui
1804 2635 1885 2675 regis

1134 2687 1259 2718 Ricardi
1283 2688 1369 2719 tercii
1393 2687 1491 2727 primo
1516 2685 1640 2725 legavit.
1657 2689 1687 2715 et
1703 2685 1733 2714 in
1750 2685 1814 2715 vita
1829 2696 1884 2715 sua

1132 2739 1266 2770 naturali
1282 2739 1451 2779 disposuit;
1478 2737 1519 2767 Et
1537 2737 1560 2766 si
1577 2736 1683 2776 quis;”
1699 2741 1755 2766 otc.
