2254 3117
293 182 337 212 48
845 170 1144 206 CATALOGUS
1171 169 1402 204 CODICUM
1432 169 1539 203 MSS.

350 275 378 304 h.
398 272 546 314 Epistola(=
563 283 615 302 sex
631 272 709 302 aliae.
735 270 785 300 fol.
806 271 872 300 106.

462 325 541 355 Ibid.
559 335 626 364 epp.
644 322 694 352 lvi.
711 322 754 351 iii.
771 320 858 351 lxxii.
875 319 984 349 lxxvii.
1001 319 1086 349 lxvii.
1105 318 1165 349 lxv.

358 381 375 410 i.
395 378 603 413 'I'ractatulus‚
620 377 663 406 sic
679 376 854 416 inscriptus7
874 380 892 389 ¹‘
904 374 1046 415 Antiqua
1068 374 1168 404 diaria

418 436 539 470 patruni
565 428 689 458 ferimus
712 427 768 457 tibi
793 437 848 466 per
871 426 1088 467 Cyprianum.”
1114 426 1166 456 fol.

424 492 428 510 ι
444 491 449 510 ι
457 491 487 520 5.

459 531 537 561 Ibid.
552 530 607 559 sub
621 529 669 560 tit.
681 529 783 563 Omna,
798 528 829 558 in
841 529 922 569 App.
936 533 1017 569 part.
1029 528 1165 569 iii.p.50.

349 584 366 612 k
396 582 504 612 Oratio
529 592 619 621 quam
644 580 722 610 dixit
744 579 917 620 Cyprianus
939 579 997 609 sub
1019 579 1068 610 die
1093 579 1166 609 Pas-

415 632 506 662 sionis
522 643 594 661 suae.
620 631 669 661 fol.
687 632 756 661 118.

459 683 538 713 Ibid.
556 683 585 712 in
603 683 686 723 App.
704 686 786 723 part.
800 682 818 711 i.
835 693 864 722 p.
877 691 928 722 39.

456 734 493 764 In
523 734 616 770 calce,
646 732 816 774 “Explicit
845 733 922 763 liber
952 732 1165 773 Epistolarum

435 785 533 815 sancti
551 784 727 826 Cyp1·iani.”
1045 781 1047 783 ’

330 842 357 869 2.
376 841 523 878 Quaedam
547 840 771 880 scripturarum
794 843 876 869 notae
899 838 982 879 apud
1007 838 1165 869 celeberri-

393 902 458 920 mos
476 895 620 921 auctores
638 890 679 920 ad
694 889 925 920 distinctionem
942 890 1163 931 scripturarum

393 942 579 972 carminibus
594 946 626 972 et
642 941 778 972 historiis
794 941 954 983 appositae.
972 941 1021 971 fol.
1037 952 1047 971 1
1061 952 1093 981 19
1108 942 1135 971 b.

437 993 532 1034 Incip.
561 993 634 1030 “H
658 998 705 1023 est
731 993 830 1034 figura
856 992 978 1033 proprie
1009 992 1039 1022 in
1062 992 1164 1022 littere

413 1045 538 1074 modum
564 1045 665 1085 posita
691 1044 731 1074 ad
758 1043 1031 1074 demonstrandam
1058 1054 1164 1073 unam-

411 1107 563 1136 quamque
590 1095 673 1125 verbi
705 1095 991 1135 sententiarumque
1022 1105 1164 1124 versuum

413 1147 573 1177 rationem.
621 1146 706 1176 Note
727 1151 832 1176 autem
849 1146 985 1175 versibus
1006 1157 1164 1186 apponun-

412 1203 463 1227 tur
484 1208 611 1227 numero
628 1197 686 1237 xvj.
704 1208 762 1237 que
784 1200 856 1226 suut
877 1196 1050 1226 nominibus
1073 1196 1164 1226 infra-

413 1248 535 1289 scriptis
556 1249 607 1286 Χ
650 1248 828 1279 Asteriscus
850 1248 1016 1288 apponitur
1042 1247 1071 1277 in
1095 1248 1163 1283 hiis,

411 1312 469 1341 (ille
492 1300 604 1330 omissa
635 1304 715 1332 Sunt.
741 1305 775 1330 Ut
806 1300 977 1330 UlUOG‘SCsslli'
1011 1311 1067 1340 pel*
1095 1311 1161 1330 eam
1194 1326 1196 1332 Α

412 1351 547 1382 uetanis*

327 1404 356 1431 53.
374 1403 404 1432 S.
423 1402 605 1442 Hieronymi
623 1401 831 1432 Stridonensis
851 1401 880 1431 in
902 1401 1075 1442 symbolum
1092 1413 1164 1442 apo—

391 1453 540 1484 stolorum
566 1452 718 1494 expositio
744 1453 783 1483 ad
812 1464 924 1493 papam
950 1453 1160 1484 Laurentium.

392 1504 442 1534 fol.
463 1514 527 1535 121.

435 1555 534 1596 Incip.
565 1555 695 1585 “Mic-lii
726 1555 849 1595 quidem
879 1556 1054 1586 fidelissime
1081 1568 1163 1598 papa

414 1605 560 1636 Laurenti
583 1606 623 1636 ad
646 1606 842 1637 scribendum
866 1607 986 1638 animus
1013 1612 1078 1638 tam
1101 1619 1162 1638 non

412 1661 459 1687 est
476 1657 632 1698 cupidusf*

327 1710 353 1737 4.
374 1708 519 1748 Ejusdem
537 1708 717 1750 Hieronymi
733 1714 906 1740 ‘tractatus
922 1710 959 1740 (le
976 1709 1035 1740 fide
1051 1714 1082 1740 et
1099 1722 1161 1741 cre-

389 1760 521 1790 dulitate
550 1765 582 1790 et
612 1761 844 1791 conversatione
870 1761 940 1791 vitae
968 1761 1159 1793 Christiano-

389 1811 475 1841 rum.q
498 1811 549 1841 fol.
570 1821 623 1850 142
639 1811 668 1841 b.

431 1862 526 1903 Incip.
541 1866 557 1878 “
570 1862 670 1892 David
683 1862 833 1902 gloriosus
846 1863 876 1893 in
890 1863 1007 1904 psalmo
1020 1864 1062 1894 sic
1074 1863 1160 1900 dicit,
1190 1895 1191 1899 ,

411 1913 448 1942 In
466 1913 637 1943 universam
654 1918 770 1944 terram
787 1914 880 1944 exivit
897 1915 1018 1945 sonus.”

432 1964 469 1993 In
493 1964 585 1997 calce.
604 1970 620 1980 ‘¹
635 1964 769 2005 Explicit
786 1970 940 1995 tractatus
956 1966 1054 1996 saneti
1071 1966 1159 1997 Jero-
1189 1966 1191 2004 J

409 2015 482 2045 nimi
499 2016 536 2046 (le
552 2015 612 2046 fide
629 2021 660 2046 et
679 2016 863 2047 credulitate
880 2024 910 2047 et
927 2018 1159 2048 conversatione

408 2067 469 2097 vite
485 2066 753 2103 Cliristianorunn
780 2068 862 2099 Laus
880 2069 977 2099 Deo.u

281 2204 400 2238 Codex
419 2205 710 2243 membranaceus,
730 2208 763 2240 in
783 2207 864 2241 folio
883 2209 1015 2247 minori,
1032 2209 1064 2242 ff.
1080 2211 1158 2246 137.

308 2274 373 2294 sec.
394 2273 450 2294 xv,

324 2325 354 2351 S.
372 2322 484 2353 Caecilii
500 2322 648 2363 Cypriani
666 2334 760 2364 opera
776 2325 878 2360 varia3
904 2326 1030 2361 scilicet,

325 2374 352 2402 1.
371 2373 416 2402 Do
434 2373 594 2414 disciplina
610 2378 641 2404 et
658 2374 766 2405 habitu
784 2375 944 2416 virginum.
968 2377 1019 2407 fol.
1040 2388 1064 2407 1.

427 2424 487 2454 Tit.
508 2430 525 2438 “
541 2424 643 2455 Cecilii
660 2425 805 2466 Cypriani
825 2427 959 2468 episcopi
976 2432 1007 2458 et
1024 2429 1160 2460 martiris

407 2473 501 2503 incliti
533 2474 610 2504 liber
640 2474 678 2504 de
708 2474 816 2506 habitu
848 2476 999 2518 virginum
1030 2478 1160 2510 feliciter

408 2523 544 2564 incipit.”

430 2575 543 2606 Exstat
574 2577 711 2618 impress.
744 2578 825 2609 inter
857 2571 951 2620 opera
981 2581 1054 2611 edit.
1082 2581 1158 2617 Fell,

411 2637 438 2665 p.
456 2635 504 2665 92.

432 2676 467 2705 In
498 2677 590 2713 calce,
621 2679 756 2709 “Uecilii
787 2681 933 2722 Cypriani
964 2682 1097 2723 episcopi
1128 2688 1159 2713 et
1187 2675 1189 2701 l

409 2727 543 2758 martiris
573 2728 668 2760 incliti
699 2730 776 2761 liber
802 2732 840 2762 de
872 2732 982 2762 habitu
1008 2733 1158 2774 virginum
1187 2761 1188 2768 ,

409 2777 505 2807 ἧιιίὶ.”

1262 271 1290 299 2.
1310 270 1357 300 De
1373 269 1476 308 lapsis.
1501 267 1551 297 fol.
1566 268 1582 297 S
1598 267 1626 297 b.

1368 319 1484 349 Exstat
1501 318 1573 348 ibid.
1590 328 1620 357 p.
1639 325 1706 346 121.

1368 371 1404 400 In
1435 370 1526 404 calce,
1556 375 1573 384 ¹‘
1588 368 1691 399 Ceeilii
1722 368 1868 409 Cypriani
1899 370 2035 401 martiris
2061 371 2099 402 de

1347 422 1442 463 lapsis
1457 421 1534 451 liber
1549 419 1646 450 finit.”

1262 486 1292 516 8.
1309 485 1358 515 De
1374 485 1495 515 unitate
1511 483 1645 514 ecolesiae
1663 482 1844 513 Catholicae.
1869 483 1918 513 fol.
1937 494 1982 523 ιι).

1370 535 1450 565 Ibid.
1468 546 1498 575 p.
1516 544 1582 572 104.

1368 586 1404 616 In
1421 586 1514 622 ealce,
1534 591 1551 600 “
1567 584 1652 615 Finit
1668 585 1706 614 de
1721 584 1872 615 catholice
1891 585 2016 616 ecclesie
2032 587 2099 617 uni-

1346 636 1441 666 tate?

1261 696 1288 725 4.
1307 695 1354 725 De
1371 694 1511 725 oratione
1528 693 1704 724 Dominica.
1728 693 1778 724 fol.
1795 696 1831 724 28
1846 694 1875 724 b.

1367 745 1446 775 Ibid.
1465 756 1493 785 p.
1512 755 1578 785 139.

1367 796 1403 826 In
1419 796 1510 831 calce,
1530 802 1548 811 “
1563 796 1648 827 Finit
1664 795 1769 827 Cecilii
1787 796 1932 838 Cypriani
1949 797 1987 827 de
2001 797 2098 828 (lomi-

1345 857 1411 877 nica
1427 847 1603 877 ora010ne.’'

1259 912 1288 940 5.
1307 909 1354 940 De
1371 910 1574 940 mortalitate.
1598 910 1649 940 fol.
1663 911 1702 951 38
1717 910 1745 940 b.

1369 961 1447 991 Ibid.
1465 972 1493 1001 p.
1512 963 1580 1002 156.

1368 1013 1406 1042 In
1431 1013 1524 1048 calce,
1547 1019 1564 1027 ‘¹
1580 1012 1664 1043 Finit
1687 1013 1771 1043 beati
1790 1012 1939 1054 Cypriani
1962 1012 2098 1043 martiris

1344 1063 1382 1093 de
1397 1063 1622 1094 11101·talitate.''

1260 1128 1288 1158 6.
1306 1128 1352 1158 De
1369 1139 1461 1169 opere
1477 1132 1508 1158 et
1525 1127 1735 1168 eleemosynis.
1760 1127 1810 1157 fol.
1824 1137 1863 1168 45
1878 1127 1906 1157 b.

1368 1179 1448 1209 Ibid.
1467 1191 1494 1220 p.
1514 1188 1580 1219 197.

1370 1231 1407 1260 In
1431 1230 1525 1267 calce,
1549 1237 1565 1245 ‘¹
1580 1230 1666 1260 Finit
1689 1230 1772 1261 beati
1794 1230 1940 1271 Cypriani
1962 1230 2098 1261 martiris

1345 1282 1383 1312 (le
1399 1293 1492 1322 opere
1508 1287 1540 1312 ct
1556 1281 1759 1312 clemosinis.”

1261 1347 1287 1377 7.
1307 1345 1354 1376 De
1371 1346 1451 1376 bono
1468 1345 1638 1387 patientiae.
1662 1345 1713 1375 fol.
1726 1355 1776 1386 54.

1368 1396 1449 1427 Ibid.
1467 1408 1494 1437 p.
1511 1406 1580 1427 210.

1369 1447 1406 1476 In
1423 1447 1515 1481 calce,
1539 1453 1557 1461 “
1573 1446 1657 1477 Finit
1680 1447 1825 1488 Cypriani
1842 1446 1945 1478 Cocilii
1961 1446 2097 1477 martiris

1344 1498 1382 1528 de
1399 1498 1479 1527 bono
1496 1498 1679 1538 paciencie.qq

1260 1564 1288 1592 8.
1306 1562 1353 1593 De
1370 1562 1433 1592 zelo
1450 1567 1481 1592 et
1498 1562 1601 1592 livore.
1625 1562 1674 1592 fol.
1689 1564 1724 1592 61
1742 1562 1771 1592 b.

1335 1611 1339 1614 ’
1368 1613 1446 1643 Ibid.
1464 1625 1494 1654 p.
1510 1622 1578 1643 221.

1367 1665 1405 1694 In
1432 1664 1526 1701 ealce,
1555 1670 1572 1679 ¹‘
1586 1664 1688 1695 Cecilii
1717 1664 1861 1706 Cypriani
1892 1663 2030 1695 martiris
2059 1663 2097 1693 (le

1343 1715 1407 1745 zelo
1423 1720 1454 1746 et
1470 1716 1564 1746 livore
1580 1716 1677 1746 finit.”

1257 1779 1286 1811 9.
1305 1778 1356 1808 Ad
1374 1778 1610 1809 Demetrianum
1626 1778 1712 1808 liber.
1736 1777 1786 1809 fol.
1801 1779 1840 1808 66
1853 1778 1884 1808 b.

1364 1829 1445 1860 Ibid.
1462 1841 1492 1870 p.
1508 1830 1575 1870 185.

1365 1881 1401 1910 In
1423 1881 1515 1917 calce,
1534 1880 1651 1911 “Finit
1668 1880 1771 1912 Cecilii
1790 1879 1936 1921 Cypriani
1959 1879 2096 1910 martiris

1341 1932 1379 1962 ad
1397 1931 1662 1962 Demetrianum.”

1238 1997 1285 2026 10.
1304 1996 1352 2026 De
1368 1996 1485 2037 origine
1502 2001 1532 2026 et
1548 1996 1713 2037 generibus
1728 1995 1890 2026 idolorum.
1911 1995 1962 2025 sol.
1977 2005 2018 2035 74
2031 1996 2059 2025 b.

1364 2047 1480 2088 1bid.p
1508 2057 1554 2077 11.

1366 2099 1402 2128 ln
1419 2098 1511 2134 calce,
1527 2098 1648 2137 “Quod
1664 2098 1746 2129 idola
1762 2109 1823 2128 non
1839 2103 1911 2128 sunt
1927 2101 1958 2128 et
1974 2097 2012 2128 de
2025 2108 2095 2128 vero

1342 2150 1438 2180 Deo.u

1237 2214 1286 2244 11.
1304 2214 1354 2243 Ad
1372 2213 1533 2244 Donatum
1549 2213 1736 2244 exhortatio.
1762 2212 1813 2243 sol.
1828 2221 1865 2253 77
1880 2212 1910 2243 b.

1362 2264 1441 2294 Ibid.
1459 2276 1486 2305 p.
1503 2275 1527 2294 1.

1319 2352 1327 2359 ,
1365 2317 1403 2346 In
1433 2316 1526 2351 calce,
1555 2322 1572 2331 “
1584 2315 1730 2356 Cypriani
1759 2315 1897 2345 martiris
1927 2313 2024 2345 incliti
2054 2313 2094 2344 ad

1340 2365 1503 2396 Donatum
1519 2365 1617 2396 finit.''

1237 2429 1286 2458 12.
1304 2428 1566 2459 Testimoniorum
1594 2429 1741 2459 adversus
1766 2428 1897 2459 Judaeos
1926 2429 1966 2459 ad
1993 2427 2093 2467 Quiri-

1320 2491 1393 2510 num
1416 2480 1484 2510 libri
1504 2485 1580 2517 tres,
1596 2480 1717 2522 praeviis
1738 2480 1847 2520 cuique
1869 2479 1909 2510 ad
1933 2479 2093 2518 Quirinum

1319 2531 1450 2572 epistola
1465 2536 1496 2562 et
1512 2532 1665 2572 capitulis.
1689 2531 1740 2562 fol.
1756 2533 1793 2561 82
1808 2532 1837 2562 b.

1363 2583 1442 2613 Ibid.
1460 2594 1489 2623 p.
1510 2591 1554 2622 17.

1364 2634 1401 2663 In
1429 2633 1510 2664 calce
1535 2633 1648 2664 omissa
1677 2638 1749 2664 sunt
1780 2633 1911 2674 paucula
1940 2633 2092 2674 quaedam‚

1340 2684 1457 2715 librarii
1474 2685 1610 2720 incuria;
1647 2685 1758 2715 deinde
1776 2691 1794 2700 “
1809 2684 1946 2726 Explicit
1964 2684 2004 2715 ad
2020 2683 2092 2723 Qui-

1338 2735 1440 2765 rinum
1461 2735 1545 2766 beati
1567 2736 1704 2766 martiris
1721 2736 1867 2777 Cypriani
1884 2736 1960 2767 liber
1975 2736 2013 2766 de
2029 2735 2092 2765 vita

1340 2785 1549 2817 Cln·istiana.”

2224 0 2254 217 Ξ
