2254 3117
634 161 873 197 COLLEGII
898 159 1275 197 MERTONENSIS.
1823 172 1861 201 21

83 258 112 287 8.
132 257 171 287 In
198 256 362 298 epistolam
389 258 430 290 ad
454 258 607 300 Ephesios
634 259 928 290 commentariorum

147 308 216 339 libri
234 314 310 346 tres,
326 321 395 340 cum
412 310 551 352 prologo.
576 310 628 340 sol.
645 319 713 351 170.

190 360 272 390 Ibid.
289 368 365 391 tom.
379 361 428 391 vii.
446 361 502 392 col.
515 371 586 402 537.

191 411 229 441 In
258 412 353 448 calce,
382 412 551 454 “Explicit
578 412 656 443 liber
681 412 796 443 tercius
826 412 926 443 sancti

170 462 317 493 leronimi
339 474 432 505 super
452 463 615 505 epistolam
633 463 722 494 Pauli
738 463 870 505 apostoli
885 463 926 494 ad

168 513 351 555 Ephesios.”

81 569 112 600 9.
132 568 170 598 In
195 569 358 609 epistolam
382 569 422 600 ad
447 569 553 600 Titum
578 570 832 607 commentarius,
857 581 927 601 cum

146 620 283 662 prologo.
308 620 360 650 fol.
384 630 449 660 197.

190 671 270 701 Ibid.
289 675 366 702 tom.
380 671 430 702 vii.
446 671 504 702 col.
519 672 591 712 685.

189 722 227 752 In
242 722 336 758 calce,
356 728 373 739 ⁸*
387 722 525 763 Explicit
540 723 580 753 ad
597 723 734 754 Titum.”

62 778 110 808 10.
130 777 165 807 In
187 777 351 819 epistolam
376 778 416 808 ad
436 778 650 810 Philemonem
675 779 925 817 commentarius,

145 839 214 859 cum
230 828 368 870 prologo.
392 829 443 859 fol.
464 839 521 869 207
534 830 563 860 b.

190 880 268 911 Ibid.
286 885 361 911 tom.
374 881 424 911 vii.
441 881 499 911 col.
515 891 585 926 7423

400 963 568 998 XXVII.

40 1026 160 1060 Codex
175 1026 473 1066 membranaceus,
486 1028 519 1060 in
533 1030 604 1066 4to‚
620 1027 653 1060 ff.
671 1030 751 1068 104,
766 1039 832 1061 sce.
848 1029 925 1066 xiV.‚

63 1084 153 1118 binis
179 1084 350 1119 columnis
373 1090 547 1126 exaratus,
566 1086 649 1119 olim
668 1085 813 1119 Thomae
832 1085 927 1130 Try]-

63 1142 134 1183 lek,
157 1154 212 1188 ep.
239 1143 422 1181 Roffensis.
450 1150 571 1188 postea
597 1143 677 1177 coll.
709 1143 861 1177 Mertou.
882 1155 926 1177 ex

65 1202 155 1235 dono
175 1201 275 1236 Will.
296 1202 404 1242 Reed,
425 1214 478 1247 ep.
498 1203 743 1239 cicestrensis:
772 1203 805 1235 in
821 1201 926 1241 calce,

63 1257 177 1291 mutil.

81 1319 304 1350 Moralitatum
326 1319 404 1350 liber
419 1331 458 1351 ex
476 1320 619 1361 Origenis
642 1320 873 1350 commentariis
896 1320 927 1350 in

101 1371 258 1409 Genesim,
266 1371 423 1409 Exodum,
432 1371 772 1408 Leviticur11‚Nu1neros
780 1372 802 1401 J
805 1383 926 1402 osuam-

102 1434 161 1464 que
178 1428 407 1466 excerptarum,
425 1425 456 1455 in
481 1425 619 1466 capitula
643 1425 723 1456 xcvi.
749 1425 925 1460 distinctus,

101 1475 218 1516 praevia.
233 1475 442 1517 capitulorum
459 1476 576 1507 tabula.

144 1527 207 1559 Tit.
223 1529 289 1559 tab.
308 1534 326 1545 ⁴⁴
340 1529 500 1569 Incipiunt
520 1528 657 1570 capitula
678 1529 708 1559 in
732 1528 927 1559 moralitates

122 1584 286 1621 excerptas
302 1580 340 1610 de
356 1580 443 1611 libris
456 1581 628 1622 Origenis.''

144 1631 206 1662 Tit.
223 1631 244 1662 i.
260 1636 278 1649 “
294 1632 383 1671 Quod
405 1632 497 1662 homo
518 1637 626 1663 noster
646 1633 775 1664 interior
792 1633 926 1674 quadam

123 1681 324 1713 similitudino
341 1683 464 1714 celestis
478 1683 685 1725 appellatur.”

145 1733 242 1775 Incip.
261 1739 279 1750 *⁴
293 1734 371 1765 Cum
388 1735 491 1765 omnia
513 1747 581 1776 quae
598 1736 738 1767 facturus
755 1740 825 1767 erat
841 1736 927 1766 Deus

123 1796 161 1815 ex
177 1785 288 1826 spiritu
305 1787 499 1817 cantarent.”

145 1837 208 1868 Tit.
231 1837 287 1868 ult.
317 1849 384 1879 cap.
410 1843 458 1869 est
482 1844 500 1855 ‘⁶
513 1838 561 1869 De
588 1839 775 1869 multimoda
805 1839 926 1869 ratione

124 1887 298 1918 caritatis*

146 1939 255 1970 Codex
275 1944 382 1970 noster
402 1939 434 1970 in
455 1951 522 1981 cap.
540 1939 617 1970 xciv.
642 1939 747 1970 deficit
768 1939 800 1970 in
815 1939 925 1976 verbis.

126 1999 143 2007 '⁹
157 2002 226 2031 quae
257 1991 352 2032 juxta
385 1991 484 2033 legem
515 1992 555 2022 ad
586 1991 835 2032 sollempnitates
867 1990 926 2022 Dei

124 2042 242 2072 excitat
258 2042 390 2083 que—.57

147 2097 185 2126 In
202 2097 291 2127 initio
307 2097 432 2135 codicis,
449 2104 520 2128 sunt
536 2098 656 2129 notitiae
672 2102 848 2139 sequentes,

104 2158 131 2178 a.
150 2153 167 2164 *⁶
186 2147 279 2179 Liber
304 2148 351 2179 M.
365 2148 515 2179 Willelmi
544 2149 640 2183 Reed.
668 2149 802 2190 episcopi
827 2149 926 2180 Oiees-

165 2199 290 2237 trensis,
311 2210 403 2241 quem
424 2200 499 2230 emit
518 2211 536 2230 a
556 2200 681 2229 domino
701 2200 822 2230 Thoma
839 2200 926 2241 Try]-

167 2250 226 2286 lek,
258 2251 402 2293 episcopo
433 2251 580 2287 Roffensi.
610 2251 714 2281 Oretis
745 2251 840 2292 igitur
870 2263 926 2292 pro

166 2304 331 2343 utroque.”

104 2356 132 2387 b.
150 2362 168 2374 ‘⁶
186 2357 281 2389 Liber
317 2359 427 2389 domus
461 2359 624 2389 scolarium
660 2358 698 2388 ‹lc›
730 2357 858 2389 Μετίου
896 2359 925 2388 in

167 2409 289 2440 Oxon.”
306 2416 365 2441 etc.
389 2420 457 2441 “ex
481 2411 562 2441 dono
580 2410 730 2440 willelmi
754 2410 839 2440 tertii
864 2411 925 2451 cpi-

166 2461 250 2502 scopi
266 2461 434 2495 Cicestrie;
461 2462 566 2492 Oretis
586 2462 681 2502 igitur
697 2472 752 2502 pro
769 2462 877 2491 eodem
894 2469 925 2493 et

168 2512 438 2544 benefactoribus*
464 2521 522 2544 etc.
552 2522 568 2529 ··
590 2512 752 2543 walterus
784 2513 924 2547 Roberti.

166 2564 339 2594 notarius.”

387 2633 574 2667 XXVIII.

42 2678 341 2723 Membranaeeus,
354 2683 387 2716 in
402 2683 484 2716 folio
496 2683 631 2717 minori.
647 2683 677 2716 ff.
692 2686 772 2719 3⁶28.
788 2695 853 2717 sec.
867 2685 924 2721 xi..

65 2737 152 2773 binis
178 2740 348 2774 columnis
375 2741 484 2774 nitide
511 2747 692 2777 exaratus:
721 2741 802 2774 olim
830 2741 924 2775 Petri

65 2797 254 2839 enjusdam.

1002 262 1029 292 l.
1047 261 1079 292 S.
1101 262 1255 294 Johannis
1277 264 1490 306 Chrysostomi
1516 265 1556 296 ad
1583 266 1729 307 populum
1754 268 1865 298 Antio-

1064 313 1195 345 chenum
1226 315 1257 345 in
1287 320 1409 347 statuas
1437 317 1569 348 homiliae
1594 317 1702 358 viginti
1731 330 1800 349 una.
1837 321 1865 349 ΗΖ

1065 374 1202 405 3—229,
1219 375 1288 406 243·

1108 414 1170 445 Tit.
1187 417 1311 452 βιβλίον
1330 419 1564 456 χρυσοστομικὸν
1586 418 1601 448 ὃ
1625 419 1745 459 λέγεται
1768 422 1795 450 οἱ
1818 422 1865 450 ἀι·-

1087 465 1228 503 ὃριάι·τες,
1240 467 1362 504 deindo,
1375 467 1512 499 Ἰωάννου
1529 472 1578 500 τοῦ
1595 471 1754 509 ὰγιωτάτου
1771 473 1867 511 ἀρχιε-

1086 518 1229 547 πισκόπου
1257 520 1595 554 Κωνσταντινουπόλεως
1620 525 1670 552 τοῦ
1698 525 1865 561 Χρυσοστό-

1086 580 1141 606 μου
1157 569 1258 606 ὁμιλία
1273 572 1419 609 λεχθεῖσα
1435 572 1466 601 ἐν
1481 572 1649 614 Ἀντιοχείᾳ
1664 575 1866 613 πρεσβυτέρου

1087 619 1175 649 αὐτοῦ
1197 620 1381 660 ὑπάρχοντος
1404 623 1445 654 εἰς
1468 623 1500 653 τὸ
1518 624 1605 662 ῥητὸν
1621 627 1671 654 τοῦ
1687 625 1865 656 ἀποστόλου.

1087 672 1156 712 οἴνῳ
1172 671 1264 712 ὀλιγῷ
1280 674 1340 711 χρῶ
1357 686 1381 703 κ.
1399 677 1428 703 λ.

1111 722 1249 753 Exstant
1265 723 1405 764 impress.
1422 724 1503 756 inter
1518 737 1621 767 opera,
1638 731 1713 758 tom.
1728 727 1756 758 ii.
1774 739 1801 768 p.
1823 738 1843 757 1.

1131 778 1328 814 Praecedunt.

1043 839 1072 859 a.
1090 828 1213 859 Notitia
1224 839 1357 870 sequens
1370 829 1468 860 literis
1483 831 1601 871 scripta
1617 833 1794 873 majusculis
1810 835 1866 864 sul·

1109 880 1218 911 Crucis
1241 880 1383 922 imagine,
1410 883 1487 920 κύριε
1513 886 1618 921 βοηθεῖ
1641 886 1679 926 τῷ
1705 886 1746 926 σῷ
1774 887 1867 915 δούλω

1110 932 1213 972 Πέτρῳ
1231 933 1277 963 καὶ
1294 933 1481 972 συγχώρισον
1497 936 1548 966 τὰς
1564 936 1705 973 ἁμαρτίας
1721 936 1817 968 αὐτοῦ.
1832 937 1867 968 ὡς

1109 984 1219 1023 ἀγαθὸς
1235 985 1281 1014 καὶ
1297 984 1396 1021 φίλος,

1045 1038 1074 1068 b.
1094 1038 1216 1069 Tabula,
1239 1039 1271 1069 S.
1290 1039 1504 1080 Chrysostomi
1535 1039 1666 1081 effigiem
1699 1052 1867 1081 repressen-

1108 1094 1190 1121 tans.

1045 1158 1071 1177 c.
1095 1147 1195 1177 Index
1211 1151 1440 1184 contentorum,
1457 1147 1578 1188 imperf.
1596 1147 1651 1177 sub
1668 1147 1769 1178 titulo.

1108 1199 1194 1236 πίναξ
1210 1199 1264 1229 σὺν
1282 1199 1350 1239 Θεῷ
1366 1201 1415 1237 τῆς
1430 1200 1580 1237 παρούσης
1596 1200 1721 1236 πυξίδος.

1002 1264 1021 1292 ὶθ

1026 1287 1031 1292 .
1051 1263 1200 1303 Ejusdem
1216 1263 1397 1294 Catechesis
1414 1263 1559 1293 secunda.
1584 1263 1636 1293 fol.
1657 1272 1727 1303 243.

1109 1315 1172 1346 Tit.
1191 1315 1348 1356 κατήχησις
1375 1315 1446 1354 πρὸς
1470 1315 1536 1347 τοὺς
1561 1315 1727 1353 μέλλοντας
1752 1317 1868 1354 φωτίζε-

1088 1369 1158 1398 σθαι
1175 1367 1221 1398 ml
1236 1367 1302 1406 περὶ
1318 1369 1463 1406 γυναικῶν
1478 1369 1536 1397 τῶν
1553 1368 1585 1397 ἐν
1600 1366 1762 1406 πλέγμασι,
1781 1381 1804 1396 κ.
1818 1371 1846 1395 λ.

1110 1424 1227 1455 Exstat
1243 1423 1316 1454 ibid.
1335 1427 1411 1454 tom.
1424 1423 1454 1454 ii.
1473 1435 1505 1464 p.
1521 1433 1591 1465 234.

1002 1485 1031 1514 53.
1050 1484 1199 1524 Ejusdem
1215 1483 1343 1514 homilia
1359 1488 1473 1524 quarta
1489 1483 1519 1514 in
1537 1483 1632 1519 istud,
1651 1490 1657 1498 ‘
1673 1482 1806 1514 Factum
1823 1488 1868 1513 est

1066 1535 1095 1565 in
1112 1535 1214 1570 annm*
1230 1539 1290 1566 eto.
1314 1534 1365 1565 fol.
1384 1543 1455 1573 270.

1110 1586 1192 1617 Ibid.
1209 1591 1286 1617 tom.
1300 1586 1339 1617 vi.
1357 1597 1389 1627 p.
1407 1595 1474 1616 120.

1003 1649 1029 1677 4.
1050 1646 1199 1687 Ejusdem
1215 1645 1343 1676 homilia
1359 1645 1389 1675 in
1406 1644 1575 1686 seraphim.
1602 1644 1652 1675 fol.
1672 1645 1732 1675 280
1747 1645 1773 1675 b.

1110 1697 1191 1728 Ibid.
1209 1701 1286 1727 tom.
1298 1696 1336 1726 vi.
1353 1707 1382 1737 p.
1401 1705 1468 1737 137.

1001 1759 1031 1788 5.
1049 1757 1198 1798 Ejusdem
1215 1755 1341 1786 homilia
1358 1755 1387 1785 in
1405 1755 1524 1786 Oziam.
1550 1753 1600 1784 fol.
1621 1753 1678 1783 288
1693 1754 1722 1783 b.

1111 1808 1190 1838 Ibid.
1209 1812 1285 1838 tom.
1299 1807 1338 1837 vi.
1354 1818 1384 1848 p.
1399 1815 1450 1847 95.

1002 1865 1031 1895 6.
1050 1864 1199 1905 Ejusdem
1215 1862 1343 1893 homilia
1359 1862 1469 1903 quinta
1485 1862 1516 1892 in
1533 1861 1628 1898 istud,
1646 1867 1654 1879 ‘
1671 1861 1804 1891 Factum
1820 1866 1865 1891 est

1066 1916 1097 1946 in
1113 1915 1217 1950 anno,q
1232 1919 1290 1946 etc.
1315 1914 1367 1944 fol.
1383 1924 1457 1956 300.

1109 1967 1170 1998 Tit.
1188 1969 1238 1997 τοῦ
1255 1966 1341 1997 αὐτοῦ
1358 1967 1398 1998 εἰς
1413 1967 1449 1995 τὰ
1464 1966 1611 1996 ὑπόλοιπα
1628 1966 1677 1994 τοῦ
1692 1963 1798 2000 Ὀζίου.

1110 2018 1191 2048 Ibid.
1209 2022 1285 2048 tom.
1297 2016 1336 2047 vi.
1353 2028 1383 2058 p.
1402 2026 1470 2057 131.

1002 2076 1030 2107 ’7.
1049 2074 1208 2115 Ejusdem.
1226 2073 1330 2114 potius
1347 2072 1515 2107 Severiani,
1533 2071 1563 2102 in
1579 2071 1674 2102 libros
1695 2069 1866 2111 signaculo-

1065 2137 1133 2156 rum
1148 2125 1285 2155 homilia.
1309 2124 1360 2155 fol.
1376 2124 1438 2165 306
1452 2123 1481 2154 b.

1112 2176 1194 2206 Ibid.
1212 2180 1287 2207 tom.
1300 2175 1353 2206 xii.
1370 2187 1400 2216 p.
1412 2184 1484 2216 403.

1001 2234 1028 2263 8.
1049 2232 1196 2273 Ejusdem
1227 2231 1354 2262 homilia
1380 2231 1411 2261 in
1440 2230 1623 2265 Abrahffln3
1649 2228 1736 2259 initio
1764 2227 1862 2257 mutil.

1066 2283 1114 2314 fol⁴
1132 2293 1205 2324 321.

1110 2335 1208 2376 Incip.
1225 2335 1256 2365 in
1273 2334 1384 2371 verbis,
1404 2335 1451 2364 διὰ
1475 2333 1583 2363 παντὸς
1605 2331 1712 2360 τούτων
1736 2329 1862 2359 ἐκπέσω-

1087 2399 1145 2422 σιν,
1162 2386 1237 2417 ibid.
1255 2390 1331 2417 tom.
1344 2385 1383 2416 iv.
1399 2395 1429 2426 p.
1445 2384 1514 2423 768.
1533 2382 1571 2412 Ε.
1588 2392 1615 2422 9.

1348 2498 1495 2534 XXIX.

980 2565 1100 2598 Codex
1128 2563 1424 2599 membranaceus.
1450 2561 1485 2593 in
1512 2557 1603 2595 folio,
1632 2556 1665 2589 ff.
1684 2557 1764 2592 173,
1792 2565 1857 2587 sec.

1004 2623 1086 2661 xiii..
1105 2621 1140 2656 ff.
1157 2623 1201 2655 14
1221 2622 1340 2666 primis
1358 2618 1512 2663 exceptis
1531 2627 1596 2649 sec.
1612 2615 1681 2647 xiv.
1701 2612 1859 2646 exaratis

1003 2681 1091 2715 binis
1128 2680 1298 2714 columnis
1328 2677 1438 2711 nitide
1473 2675 1637 2718 scriptus:
1665 2682 1707 2704 ex
1745 2669 1858 2715 legato

1005 2739 1057 2772 M.
1069 2739 1149 2772 Joh.
1165 2737 1356 2783 Raynham,
1371 2733 1497 2768 S.T.P.
1514 2730 1590 2765 coll.
1608 2729 1760 2762 Merton.
1776 2727 1857 2761 olim

999 2797 1092 2830 socii.
