2254 3117
353 147 398 178 82

458 242 528 272 dem
544 240 652 272 ultimo
668 239 717 270 <lie
734 239 753 269 J
756 239 878 270 anuarii
900 250 983 270 anno
999 240 1118 271 Christi
1139 240 1214 279 1481
1231 253 1239 277 ;

460 291 561 323 Precii
577 291 645 331 vj.s.
663 290 775 331 viijfls'

479 342 517 373 In
533 343 636 373 fronte
652 341 776 376 codicis,
795 346 812 358 ‘⁶
826 341 955 372 Librum
975 341 1069 372 istum
1091 341 1177 372 dedit
1199 342 1239 372 ad

459 404 653 425 communem
672 393 843 424 utilitatem
858 393 997 424 omnium
1018 393 1050 424 in
1071 393 1129 424 hac
1151 405 1240 424 sacra

460 445 648 476 bibliotheca
664 445 858 476 studentium
874 445 1027 476 Ricardus
1040 445 1109 476 Fitz
1120 445 1142 475 J
1144 456 1239 481 ames,

459 498 490 528 S.
507 497 542 527 T.
574 497 719 527 minimus
751 497 916 538 professor,
947 501 980 528 et
1009 507 1108 538 nuper
1137 500 1242 528 custos

459 549 547 580 istius
564 548 683 590 collegii
694 548 720 585 ;”
736 553 795 579 etc.

734 629 865 663 CCXI.

353 692 472 725 Codex
484 692 779 730 membranaceus,
792 691 826 724 in
840 690 931 730 folio,
944 690 977 724 ff.
987 693 1067 728 139,
1081 702 1147 724 500.
1161 691 1240 730 xiv.,

377 749 459 783 olim
488 748 576 782 liber
595 748 756 793 Hugonis
775 749 818 782 (10
838 748 1024 788 8111110100,
1042 753 1180 793 emptus
1199 749 1242 781 de

379 806 564 840 willelmo
585 806 696 839 Horn.

397 867 453 898 SS.
472 866 564 897 Lucae
585 870 617 897 et
631 865 786 896 ι1011110015
811 866 991 907 Evangelia,
1008 866 1040 896 S.
1061 865 1241 906 Hieronymi

418 917 555 959 prologis
571 921 603 947 et
618 916 721 958 glossa
737 917 895 947 ordinaria
911 917 1074 948 instructa.

462 967 673 998 Praemittitur
702 967 824 1005 notitia,
857 972 874 984 ‘⁴
891 968 1043 1009 Magister
1076 967 1244 998 Nicliolaus

441 1020 479 1050 de
504 1019 620 1050 Velleio
646 1019 763 1060 recepit
789 1030 841 1049 xx.
868 1019 982 1050 solidos
1012 1030 1104 1060 snper
1132 1019 1243 1049 librum

440 1071 535 1102 istum
552 1071 583 1101 in
600 1070 650 1101 die
666 1071 696 1101 S.
711 1070 906 1101 Βο00(11011.”

359 1220 661 1259 Meinbranaceus,
681 1220 715 1252 in
740 1219 834 1258 folio,
853 1218 886 1252 ff.
908 1221 987 1257 151,
1007 1231 1075 1252 sec.
1095 1220 1165 1252 xiii.
1185 1230 1245 1252 ex-

382 1277 508 1317 euntis,
528 1276 617 1309 binis
635 1276 805 1309 columnis
833 1276 942 1309 nitide
961 1281 1140 1311 exaratus:
1166 1280 1186 1293 ‘⁶
1202 1287 1245 1309 ex

382 1336 472 1369 dono
491 1337 538 1368 M.
554 1334 699 1367 Henrici
719 1333 837 1373 Sever,
858 1333 892 1367 S.
908 1334 945 1367 P.
960 1333 1018 1367 P.”
1037 1339 1103 1367 etc.
1124 1333 1229 1367 1468.

400 1396 512 1427 Glossa
528 1406 621 1436 super
637 1400 773 1435 quatuor
786 1394 968 1435 Evangelia,
981 1395 1063 1425 inter
1079 1406 1110 1425 sc
1123 1395 1245 1431 collata,

422 1447 551 1478 collecta
567 1450 599 1476 et
615 1454 763 1486 excerpta
779 1457 847 1476 cum
864 1446 969 1476 labore
991 1457 1083 1487 super
1099 1457 1193 1476 unum
1209 1457 1247 1476 ex

425 1502 559 1539 quatuor
574 1497 787 1538 [S.·Jol1a1mis
801 1497 931 1538 scilieet]
950 1509 1004 1538 per
1017 1497 1155 1533 Petrum,
1169 1497 1247 1528 Can-
1277 1538 1278 1544 1

423 1554 524 1580 torem
540 1548 760 1583 Parisiensem,
778 1559 847 1578 cum
864 1549 972 1579 tabula
984 1549 1014 1578 in
1031 1549 1246 1579 distinctiones

423 1599 524 1630 xcviii.
541 1599 710 1629 distributa
727 1599 895 1639 praunissa.

467 1651 563 1691 Incip.
578 1656 597 1666 “
608 1650 646 1680 In
660 1650 810 1692 principio
823 1655 910 1686 erat;
934 1652 1077 1690 Quatuor
1086 1651 1180 1682 facies
1195 1652 1247 1682 uni

445 1707 545 1739 erant,
570 1702 650 1733 sicut
669 1702 806 1733 Trinitas
828 1714 1030 1743 personarum
1054 1703 1181 1735 Unitati
1204 1704 1248 1734 di-

444 1753 544 1784 vine.”

468 1804 574 1835 Desin.
604 1807 704 1845 “post
731 1804 863 1835 Jhesum
895 1810 1091 1846 representat
1121 1806 1249 1836 ecclesia

447 1855 609 1886 dominicis
625 1855 743 1891 dicbus,
761 1855 875 1886 Cetera
895 1856 1016 1897 require
1033 1856 1063 1886 in
1079 1857 1139 1887 fine
1155 1857 1249 1888 histo·
1279 1883 1280 1890 ³

446 1905 593 1936 riarum.”

472 1961 509 1991 In
533 1961 627 1997 calce,
651 1965 669 1979 “
687 1961 867 2002 Expliciunt
893 1961 978 2000 glose
1003 1962 1054 1992 iiii.
1080 1963 1249 2003 evangelio-

449 2023 517 2042 rum
548 2012 675 2042 collecte
705 2018 737 2042 et
767 2016 896 2053 excepte
926 2024 996 2043 cum
1022 2014 1128 2044 labore
1159 2026 1251 2055 super

449 2074 543 2094 unum
570 2075 608 2094 ex
633 2068 778 2104 quatuor,
805 2064 835 2094 in
863 2064 973 2104 quibus
999 2070 1133 2106 punctus
1160 2077 1251 2107 super

449 2120 599 2156 punctum
624 2114 744 2154 positus
769 2115 798 2144 in
821 2114 910 2145 litei-a
935 2116 979 2146 vel
1001 2116 1056 2147 hec
1081 2117 1180 2158 figura
1206 2127 1250 2154 1η.

450 2171 526 2197 nota
560 2170 608 2196 est
641 2166 804 2196 verborum
836 2167 1081 2207 magistrafiunu
1118 2172 1251 2208 punctus

450 2228 521 2248 vero
533 2217 626 2257 juxta
648 2221 797 2257 punctum
821 2217 939 2257 positus
954 2218 1000 2248 vel
1023 2218 1079 2248 hec
1096 2218 1195 2259 figura
1211 2219 1250 2249 G.
1280 2229 1281 2233 ¹

450 2272 526 2299 nota
538 2272 585 2299 est
596 2268 759 2298 verborum
773 2272 804 2298 et
814 2268 1039 2299 auctoritatum
1050 2276 1229 2300 sanctorum
1241 2283 1248 2303 ;

450 2321 550 2360 figura
565 2331 637 2350 vero
652 2314 710 2353 'ffi‘
729 2319 816 2349 litere
833 2319 933 2350 Grece
950 2319 980 2349 in
996 2320 1135 2361 margine
1151 2321 1251 2361 posite

451 2376 528 2402 nota
544 2375 592 2402 est
613 2371 769 2412 glosarum
785 2381 845 2410 que
863 2370 981 2401 faciunt
997 2371 1251 2402 contrarietatem
1279 2380 1280 2418 ζ

451 2423 508 2453 sibi
527 2422 573 2452 vel
596 2421 709 2455 textui,
727 2421 773 2451 vel
790 2421 981 2461 questionem
998 2422 1043 2452 vel
1067 2422 1251 2453 solutionem
1279 2420 1280 2430 ¹

451 2474 580 2514 alicujus
604 2473 650 2503 vel
671 2472 880 2503 moralitatem
905 2473 1080 2513 exprimunt
1104 2473 1150 2504 vel
1176 2485 1251 2515 pun-

451 2530 530 2566 gunt
546 2529 578 2556 et
593 2525 723 2555 affectus
744 2529 868 2554 movent
884 2524 930 2554 vel
947 2535 1005 2565 que
1026 2535 1252 2565 supervacanee
1280 2539 1282 2558 3

452 2580 535 2606 sunt.

454 2627 623 2657 secundum
642 2627 676 2656 P.
693 2630 852 2656 cantorem
870 2625 1108 2656 I‘arisiensein.”

476 2678 625 2718 Sequitur
650 2689 744 2708 manu
770 2677 946 2712 recentiori,
972 2681 989 2693 ‘⁵
1004 2676 1097 2707 Liber
1123 2677 1254 2707 collatus

583 2575 720 2617 Explicit
742 2575 829 2616 glosa
845 2586 937 2616 super
952 2586 1048 2605 unum
1064 2587 1101 2605 ex
1119 2580 1253 2616 quatuor
1281 2566 1282 2588 ³

1281 2687 1283 2699 s

455 2728 501 2758 M.
519 2728 638 2759 Thome
662 2728 764 2759 Chace
786 2729 825 2759 ad
850 2727 1016 2759 terminum
1040 2727 1102 2758 vite
1126 2739 1179 2758 5110
1199 2739 1255 2769 per
1281 2724 1282 2744 ³

455 2784 636 2811 executores
657 2780 704 2811 M.
718 2780 836 2811 Thome
861 2779 1090 2821 Lcyntwardyn
1106 2779 1146 2810 ad
1162 2790 1252 2810 oran-

906 140 1209 176 CATALOGUS
1235 140 1470 176 CODICUM
1498 142 1608 177 MSS.

1371 241 1444 271 dum
1465 241 1641 282 specialiter
1663 252 1719 282 pro
1734 241 1839 272 anima
1855 242 1993 282 ejusdem
2008 247 2040 273 et
2056 242 2173 273 anima—

1372 292 1428 322 bas
1451 295 1615 332 parentum
1638 302 1763 322 suorum
1780 295 1812 322 et
1831 291 1911 322 dom.
1929 292 2061 323 Roberti
2077 292 2173 332 Bray-

1373 342 1452 372 brol<
1475 347 1507 373 et
1532 342 1669 373 omnium
1695 341 1826 372 aliorum
1850 341 2082 373 benefactorum
2107 354 2174 373 suo-

1373 403 1441 423 rum
1468 404 1525 434 pro
1555 393 1666 434 quibus
1697 392 1762 434 ipse
1791 393 1959 424 tenebatur
1986 404 2086 430 orare,
2118 394 2174 424 sub

1374 445 1553 476 condicione
1590 450 1696 476 tamen
1727 444 1810 485 quod
1841 445 1943 476 dictus
1977 445 2023 476 M.
2040 445 2175 476 Thomas

1375 497 1478 528 Chace
1502 501 1573 538 post
1595 497 1755 527 decessum
1785 507 1874 527 suum
1901 497 2055 538 relinquet
2081 497 2175 528 istum

1375 547 1488 578 librum
1503 547 1594 578 alteri
1610 547 1766 578 sacerdoti
1780 547 1943 578 materiem
1958 547 2176 588 predicabilem

1270 627 1272 639 ,
1374 599 1596 639 amplectenti3
1623 603 1653 630 et
1670 599 1735 640 ipse
1751 599 1896 629 sacerdos
1912 599 1969 629 sub
1981 599 2089 630 eadem
2105 610 2176 629 con-

1375 650 1494 680 dicione
1510 650 1664 691 relinquet
1679 650 1812 680 eundem
1833 649 1946 680 librum
1961 650 2058 680 tercio
2074 661 2175 681 sacer-

1374 701 1451 738 doti,
1465 705 1496 731 ct
1507 701 1549 731 sic
1562 701 1600 731 de
1612 712 1674 731 uno
1686 701 1849 732 sacerdote
1861 701 1901 732 ad
1913 701 2019 738 alium,
2029 701 2176 743 quamdiu

1375 751 1533 782 duraverit
1557 752 1616 782 iste
1639 752 1727 789 libcr,
1743 752 1923 783 condicione
1942 752 2084 793 predicta
2099 763 2176 783 sem-

1375 814 1430 844 per
1446 803 1600 833 se1·vata.”

1397 854 1529 890 Deinde.
1566 865 1659 884 manu
1699 854 1741 885 H.
1761 854 1865 891 Sever,
1905 860 1996 885 “non
2032 854 2179 885 obstante

1375 905 1530 946 scriptura
1555 906 1741 946 precedente
1763 906 1907 936 inventus
1929 910 1998 937 erat
2021 905 2081 937 iste
2101 906 2179 937 liber

1376 956 1554 986 vendendus
1586 956 1725 987 London.
1758 957 1788 986 in
1817 957 1916 987 Pater
1941 957 2057 988 Noster
2086 957 2179 988 Rewe

1377 1018 1467 1048 quem
1484 1007 1559 1038 emit
1577 1007 1733 1038 Henricus
1750 1008 1875 1038 Sever.''

1400 1058 1640 1089 Prfemittuntur
1651 1059 1766 1090 tabulae
1777 1060 1845 1089 dnm
1855 1059 2075 1101 alphabeticae3
2088 1070 2178 1090 manu

1378 1110 1541 1140 recentiori.

1649 1195 1821 1229 CCXIII.

1293 1257 1412 1291 Codex
1444 1257 1739 1297 membranaceus9
1766 1258 1801 1291 in
1831 1258 1923 1298 folio,
1950 1258 1984 1292 ff.
2004 1261 2085 1298 254,
2112 1271 2179 1293 sec.

1319 1316 1387 1348 xiv.
1419 1316 1581 1355 ineuntis,
1614 1317 1745 1361 optimc
1776 1321 1957 1357 exaratus3
1984 1321 2057 1350 “ex
2089 1318 2180 1351 dono

1321 1373 1367 1407 D.
1393 1373 1532 1406 Ricardi
1566 1373 1781 1407 Fitz-James
1816 1385 1926 1419 nuper
1956 1373 2181 1409 cicestrensis

1320 1433 1469 1476 episcopi
1489 1437 1525 1465 et
1544 1431 1622 1465 0011.
1644 1431 1751 1465 Mei-t.
1771 1432 1954 1466 custodis.⁷'

1338 1500 1509 1539 Evangelia
1539 1504 1684 1541 quatuor,
1717 1500 1748 1531 S.
1775 1501 1956 1542 Hieronymi
1988 1501 2123 1543 prologis
2149 1507 2179 1532 et

1358 1552 1461 1592 glossa
1477 1551 1634 1582 ordinaria
1650 1552 1813 1582 instructa.

1403 1603 1613 1634 Praeinittitur
1626 1604 1750 1640 notitia,
1763 1604 1883 1634 “Liber
1901 1605 1946 1635 M.
1958 1604 2084 1635 Ricardi
2097 1604 2181 1635 Fitz-

1376 1655 1477 1697 james
1500 1666 1586 1685 sacre
1610 1655 1765 1696 theologie
1788 1655 1970 1696 professoris
1986 1659 2109 1697 emptus
2126 1666 2182 1697 per

1382 1707 1514 1737 eundem
1550 1706 1610 1736 xvi.
1649 1706 1698 1737 die
1737 1706 1899 1737 Februarii
1944 1717 2026 1737 anno
2065 1706 2182 1738 Christi

1382 1756 1656 1797 m.cccc.lxxxiiij.;
1682 1757 1776 1798 precii
1793 1757 1886 1799 xxvij.
1897 1758 1941 1787 5.”

1655 1866 1824 1901 CCXIV.

1300 1928 1601 1967 Membranaceus,
1616 1929 1651 1961 in
1666 1928 1759 1968 folio,
1775 1929 1808 1962 ff.
1824 1932 1906 1969 300,
1922 1941 1988 1963 sec.
2002 1930 2082 1970 xixa,
2094 1930 2182 1964 binis

1280 2015 1281 2018 ,
1324 1985 1492 2019 columnis
1516 1997 1621 2019 manu
1641 1985 1776 2019 Mitton
1796 1987 1975 2031 cujusdam
2001 1992 2181 2028 examtus3

1280 2032 1281 2052 ¹
1327 2050 1344 2062 *⁴
1359 2056 1402 2078 ex
1422 2044 1513 2077 dono
1533 2043 1583 2077 M.
1599 2044 1744 2078 Roberti
1764 2044 1916 2090 Elyott.”

1344 2112 1505 2154 [Gulielmi
1531 2112 1683 2153 Alverni,]
1718 2113 1856 2144 doctoris
1887 2114 2082 2151 Parisiensis,
2113 2115 2182 2145 Ser-

1364 2175 1471 2195 mones
1497 2175 1588 2205 super
1613 2164 1784 2206 Evangelia
1808 2165 2028 2202 Dominicales,
2055 2176 2183 2196 numero

1364 2228 1479 2253 ccxxv„
1504 2217 1673 2247 secundum
1693 2228 1781 2247 1151101
1803 2217 1914 2248 Sarum
1939 2217 2091 2259 dispositi,
2114 2228 2182 2248 cum

1364 2268 1471 2299 tabula
1487 2267 1661 2309 subjuncta.

1407 2319 1468 2350 Tit.
1489 2319 1506 2349 i.
1534 2324 1553 2336 “
1569 2319 1735 2350 Dominica
1755 2319 1856 2360 prima
1879 2320 2031 2351 adventus
2057 2320 2182 2351 Domini

1385 2382 1485 2401 sermo
1501 2370 1648 2411 primusf’

1408 2421 1503 2462 Incip.
1523 2426 1540 2438 “
1552 2421 1644 2452 Hora
1660 2421 1727 2462 jam
1743 2426 1810 2457 est;
1837 2422 1907 2452 Hoc
1929 2427 2052 2463 tempus
2070 2422 2184 2453 dicitur

1384 2479 1507 2515 tempus
1529 2475 1682 2504 adventus
1698 2474 1770 2515 quia
1785 2479 1895 2505 cantus
1911 2474 2037 2505 ecclesie
2056 2479 2128 2505 sunt
2145 2474 2183 2503 (le

1385 2525 1569 2555 adventibus
1585 2524 1733 2554 Christi.”

1407 2575 1516 2606 Desin.
1544 2575 1604 2605 ι·10
1632 2575 1734 2605 medio
1760 2575 2007 2616 quadragesime,
2033 2574 2079 2605 bis
2103 2574 2183 2604 enim

1386 2626 1500 2667 legitur
1515 2626 1546 2656 in
1563 2637 1644 2657 anno
1660 2630 1718 2656 etc.
1736 2627 1818 2667 quod
1836 2626 1983 2657 Mitton.”

1409 2678 1448 2708 In
1464 2678 1556 2714 calce,
1573 2682 1592 2695 ‘⁴
1605 2677 1786 2719 Expliciunt
1802 2688 1959 2708 sermones
1970 2677 2009 2707 de
2021 2676 2185 2718 evangeliis

1387 2728 1622 2759 dominicalibus
1643 2729 1811 2759 secundum
1826 2739 1916 2759 usum
1931 2727 2042 2758 Sarum
2063 2739 2118 2769 per
2132 2738 2184 2759 an-

1387 2790 1460 2810 num
1476 2791 1533 2820 per
1547 2780 1708 2811 doctorem
1727 2779 1927 2811 parisiensem
1943 2778 2129 2820 compilatis
