2254 3117
358 149 403 179 44
909 143 1210 178 CATALOGUS
1236 142 1470 178 CODICUM
1499 141 1608 176 MSS.

711 238 880 273 CXCIX.

358 303 478 336 Codex
496 302 704 336 chartaceus,
724 301 758 333 in
779 302 850 340 410,
870 299 902 333 ff.
922 302 1002 339 254,
1022 311 1088 334 see.
1107 301 1187 334 xvii.

400 363 527 393 Thomae
554 361 673 397 -James,
700 360 900 390 Bibliothecae
928 359 1106 390 Bodleianae
1133 364 1238 401 proto-

420 411 643 443 bibliothccarii
666 411 768 452 primi,
790 411 950 452 catalogus
968 411 1117 441 librorum
1136 411 1166 441 in
1190 422 1237 441 ea-

419 465 488 495 dem
518 463 704 493 bibliotheca
734 466 937 499 servatorum,
968 462 1082 503 praevia
1114 462 1237 503 synopsi

421 515 628 555 subjectorum
645 514 676 543 in
692 513 818 554 singulis
834 514 1034 544 facultatibus
1057 514 1236 544 authorum-

419 577 476 607 que
493 565 543 606 qui
559 565 597 595 de
613 565 649 595 iis
664 565 861 605 scripserunt.

463 616 617 646 Praecedit
638 616 789 657 prtcfatio,
806 621 812 633 ‘
827 616 867 646 ad
891 620 1040 656 spectatae
1071 616 1237 657 probitatis

438 675 469 698 vt
489 667 614 708 optimae
636 667 700 708 spei
724 667 914 708 tyrunculos,
930 667 976 698 vel
1001 668 1183 698 candidatos
1207 667 1237 697 in

440 717 585 748 facultate
599 717 735 747 artium?

462 768 560 808 Incip.
577 773 595 784 *⁴
612 768 765 809 Accipite,
790 768 915 809 optimae
938 768 1002 808 spei
1017 767 1164 804 -Juvenes,
1188 778 1236 797 co-

441 824 547 850 natum
564 819 644 849 hunc
661 830 762 850 meum
779 820 818 850 ad
836 819 940 850 studia
957 818 1089 849 vestra?

763 913 832 946 CC.

355 977 575 1013 Chartaceus,
610 977 643 1009 in
677 978 746 1015 4to,
777 976 809 1008 ff.
831 978 911 1015 197,
943 987 1009 1009 sec.
1027 976 1118 1013 xvii.⁵
1147 987 1236 1008 auno

382 1033 487 1073 1625,
506 1046 610 1067 manu
628 1033 708 1067 Joh.
728 1033 917 1073 Robinson,
941 1033 1017 1066 coll.
1044 1033 1130 1078 Rog.
1158 1034 1236 1066 scri-

381 1098 480 1137 ptus;
509 1100 516 1110 ⁸
532 1092 636 1125 Liber
660 1091 953 1129 'Faba-uariorum,
979 1103 1021 1124 ex
1047 1092 1138 1124 (10110
1156 1090 1236 1123 Joh.

382 1148 534 1185 Allason,
555 1148 632 1181 coll.
652 1148 740 1193 Reg.
762 1147 866 1180 socii.'

399 1210 525 1240 Ricardi
541 1209 758 1249 Crakcnthorp
775 1207 925 1238 naturalis
946 1207 1081 1238 scicntiae
1098 1207 1237 1247 synopsis

420 1271 473 1290 scu
488 1260 710 1300 compendium,
727 1259 788 1289 sive
806 1259 936 1289 Dictata
951 1269 1042 1299 snper
1058 1257 1237 1288 Aristotelis

420 1311 514 1341 libros
530 1311 568 1341 de
587 1310 683 1348 Coelo,
699 1310 737 1340 de
757 1310 957 1350 generatione
977 1314 1009 1340 01
1028 1309 1235 1350 corruptione,

420 1366 452 1392 et
468 1361 505 1391 de
521 1361 689 1391 clementis.

466 1412 561 1453 Incip.
580 1419 597 1428 ²*
614 1411 750 1442 Scientia
773 1411 922 1442 naturalis
939 1410 1030 1451 quid?
1062 1410 1151 1449 Quod
1173 1410 1237 1440 sau-

443 1467 525 1494 stum
542 1463 581 1493 sit
597 1467 628 1493 et
644 1463 737 1498 foelix,
751 1463 880 1503 juvante
895 1462 992 1492 Deos*

465 1514 503 1544 In
520 1514 602 1544 calce
618 1514 766 1544 librorum
783 1515 820 1544 dc
833 1514 918 1545 Coelo
934 1517 1072 1549 notatur,
1089 1518 1107 1531 ‘⁵
1122 1513 1238 1543 Hacte-

443 1577 500 1596 nus
515 1566 553 1596 de
569 1570 682 1596 natura
698 1566 775 1596 Coeli
790 1570 825 1596 ut
842 1570 889 1596 est
909 1565 1042 1606 physicae
1065 1565 1237 1596 considera-

443 1617 535 1647 tionis
556 1621 586 1647 et
611 1617 648 1647 de
669 1617 882 1647 affectionibus
903 1617 971 1647 coeli
994 1621 1059 1647 tam
1083 1617 1238 1657 germanis

442 1679 477 1698 ac
504 1668 646 1708 propriis,
663 1679 754 1708 quain
779 1668 957 1709 suppositiis
980 1679 1016 1698 ac
1041 1668 1134 1705 falsis,
1156 1679 1238 1699 anno

444 1719 567 1749 Domini
585 1720 682 1749 nostri
705 1721 790 1759 1625,
810 1719 955 1749 Fobruar.
981 1719 1044 1749 18.“’

465 1770 502 1799 In
524 1770 605 1800 calce
623 1770 747 1803 codicis,
764 1776 781 1786 ‘⁸
796 1771 880 1800 Finis
896 1770 1006 1800 Crack.
1025 1771 1062 1800 de
1079 1770 1238 1801 clementis

444 1830 498 1860 per
530 1830 578 1849 me
611 1820 628 1849 J
633 1820 785 1850 ohannein
816 1821 983 1857 Robinson,
1024 1821 1237 1862 chincnsem,

445 1870 532 1901 Maio
556 1881 605 1911 31,
631 1871 827 1912 A.D.1625,
857 1872 939 1902 Laus
962 1872 1030 1902 Deo
1057 1873 1129 1914 Opt.
1149 1873 1237 1903 Max.

446 1922 577 1952 Α111011,”

466 1973 502 2002 111
526 1972 626 2011 prima
646 1973 769 2014 pagina,
787 1980 804 1990 ⁵*
817 1974 891 2004 This
915 1974 984 2004 MS.
1001 1975 1026 2005 is
1041 1986 1061 2005 a
1076 1986 1193 2016 coppye
1209 1975 1243 2004 of

446 2024 686 2065 Krakenthorps
710 2025 869 2059 Phisicks;
897 2037 934 2067 ye
958 2026 1089 2067 original
1114 2028 1149 2056 of
1168 2026 1192 2056 it
1215 2027 1240 2056 is

445 2087 513 2106 now
529 2076 560 2106 in
573 2076 694 2115 Qucens
710 2077 823 2118 college
836 2077 866 2107 in
879 2078 979 2108 Oxou.
999 2077 1084 2119 [MS.
1096 2079 1187 2120 ccxi]
1205 2089 1240 2109 as

446 2127 461 2157 I
477 2138 528 2158 am
550 2127 699 2157 inforlncd
720 2128 760 2169 by
776 2140 833 2159 0110
849 2129 883 2159 of
901 2140 938 2169 ye
955 2129 1109 2170 colledg03
1133 2130 1158 2160 it
1179 2141 1240 2160 was

445 2178 568 2208 written
590 2178 629 2219 by
645 2189 695 2219 luy
712 2183 819 2210 tutour
839 2180 899 2210 Mr.
917 2180 938 2210 J
942 2192 968 2210 0.
986 2181 1155 2218 Robinson,
1173 2181 1240 2211 who

446 2240 510 2259 was
525 2240 583 2259 0110
600 2231 633 2259 01’
648 2230 719 2260 that
736 2231 801 2261 coll.
819 2232 885 2262 who
910 2232 934 2261 is
959 2243 1025 2262 now
1042 2232 1133 2270 (lead,
1151 2235 1238 2272 1670,

446 2281 485 2320 by
501 2291 567 2311 11100
583 2281 658 2311 Joh.
677 2282 734 2312 F.'⁷

759 2364 848 2398 CCI.

360 2425 580 2465 Chartaeeus,
599 2427 632 2459 in
653 2429 724 2466 110,
743 2427 777 2460 ff.
794 2430 873 2465 414,
893 2440 958 2462 sec.
975 2429 1056 2462 xvii.

404 2485 531 2517 'l‘homae
548 2487 675 2523 Becket,
692 2488 913 2529 archiepiscopi
930 2490 1173 2526 Cantuariensis,
1190 2490 1240 2520 (10-

424 2538 625 2574 canonizatio,
652 2549 706 2579 per
730 2539 897 2570 Ricardum
912 2541 1030 2576 James,
1048 2542 1082 2572 C.
1094 2542 1126 2572 C.
1138 2541 1171 2571 C.
1193 2553 1240 2570 so-

425 2587 504 2617 cium
517 2589 694 2630 compilata,
707 2590 821 2630 pricvia
833 2591 872 2621 ad
888 2591 1033 2622 lectorem
1050 2592 1239 2633 praefatione.

472 2639 564 2680 Incip.
594 2641 677 2680 praef.
711 2648 728 2657 *⁸
746 2641 854 2672 Amice
884 2642 989 2679 lector,
1018 2648 1145 2684 rogatus
1174 2653 1241 2672 sum

447 2689 557 2729 saepius
573 2702 591 2720 a
607 2692 771 2722 venerabili
786 2694 920 2733 quodam
933 2694 998 2724 viro
1014 2695 1113 2725 amico
1128 2693 1227 2724 11100.”

470 2739 565 2780 Incip.
582 2741 653 2771 hist.
672 2748 688 2758 ‘⁴
702 2742 944 2774 Decanonizatio
961 2744 1089 2774 Thomae
1105 2744 1241 2774 Cantua-

1378 240 1485 271 riensis
1501 247 1534 270 01
1550 248 1685 270 suorum.
1729 237 1826 268 Viam
1850 237 1967 279 regiam
1987 238 2062 268 mihi
2086 241 2171 279 pate-

1378 291 1453 322 facit
1468 292 1508 322 ad
1524 289 1829 321 decanonizationem
1850 288 1915 319 ficti
1930 292 1962 319 et
1977 288 2073 319 fucati
2094 299 2173 319 mar-

1377 342 1483 383 tyris.”

1398 391 1504 422 Desin.
1523 391 1553 420 in
1570 389 1717 427 versibus,

1358 446 1375 460 “
1390 442 1581 478 Sollicitudo,
1600 440 1719 476 Venus,
1734 439 1899 476 discordia,
1917 451 1998 471 caeca
2013 440 2118 476 libido,

1368 495 1482 531 Fictio,
1499 494 1545 530 lis,
1562 494 1673 529 fastus,
1689 492 1737 522 his
1753 496 1906 523 vexantur
1922 492 2097 523 moniales.”

1400 546 1503 586 Hujus
1519 545 1590 575 vitae
1615 544 1774 584 exemplar
1796 544 1944 585 originale
1968 544 2060 575 hodie
2076 544 2106 574 in
2124 544 2174 575 Bi-

1379 596 1535 627 bliotheca
1550 595 1720 626 Bodleiano.
1736 598 1885 626 servatur.

1678 677 1790 711 CCII.

1293 741 1412 774 Codex
1433 739 1728 779 membranaceus,
1744 739 1778 771 in
1794 740 1865 778 4t0,
1884 738 1917 771 ff.
1934 737 2014 777 161,
2026 750 2092 772 sec.
2108 739 2177 772 for-

1317 810 1374 832 san
1402 810 1434 832 X.
1459 798 1623 835 ineuntis,
1642 797 1731 831 bene
1759 800 1920 830 exaratus
1946 801 1982 830 et
2006 801 2177 836 servatus3

1317 868 1359 889 ex
1379 856 1469 889 dono
1487 855 1631 889 Joanuis
1651 854 1764 894 Lindi,
1785 857 1830 888 12
1852 853 1942 887 Nov.
1959 856 2066 892 1595.

1335 916 1442 955 Quinti
1460 915 1587 946 Horatii
1611 915 1715 945 Flacci
1738 925 1843 956 opera,
1859 914 2000 955 glossulis
2024 915 2176 956 margina-

1355 967 1434 996 libus
1451 966 1759 1007 interlinearibusque
1776 966 1947 1001 instructa;
1973 966 2096 1003 scilicet,

1315 1018 1342 1047 1.
1359 1017 1538 1047 Carminum
1554 1016 1622 1046 libri
1639 1016 1687 1051 iv.,
1701 1015 1892 1057 argumentis
1908 1015 2064 1046 illustrati.
2085 1015 2135 1046 fol.
2147 1026 2176 1053 4.

1420 1068 1482 1099 Tit.
1501 1073 1518 1085 ‘⁶
1533 1067 1660 1098 Horatii
1678 1067 1783 1098 Flacci
1798 1067 1961 1098 Camimnn
1979 1067 2047 1108 [sic]
2066 1066 2142 1097 liber
2157 1066 2176 1096 i.

1399 1119 1537 1160 incipit.”

1420 1171 1517 1213 Ineip.
1533 1171 1623 1213 gloss.
1643 1175 1660 1187 ‘⁶
1674 1170 1712 1200 In
1732 1170 1790 1201 hac
1813 1170 1867 1201 ὠδε
1887 1171 2084 1201 Mecenatem
2104 1169 2177 1200 allo-

1401 1223 1506 1263 quitur
1522 1223 1660 1253 indicans
1675 1222 1769 1252 alium
1785 1222 1873 1253 alio.”

1314 1274 1342 1303 Ω.
1360 1272 1408 1303 De
1427 1277 1495 1304 artc
1511 1273 1643 1314 poetica.
1667 1273 1718 1303 fol.
1731 1275 1770 1314 65
1787 1273 1817 1303 b.

1420 1324 1518 1365 Incip.
1534 1325 1625 1365 gloss.
1644 1329 1661 1341 ‘⁸
1674 1324 1787 1355 Artem
1805 1323 1960 1365 poeticam
1982 1326 2176 1355 tractaturus

1405 1375 1532 1406 Oratius
1547 1376 1654 1406 ordine
1672 1376 1840 1416 congru0.”

1423 1426 1459 1456 In
1483 1427 1574 1464 calce,
1594 1432 1611 1443 “
1625 1426 1753 1457 Horatii
1777 1425 1880 1456 Flacci
1902 1425 1940 1456 de
1963 1428 2032 1456 arte
2056 1425 2178 1467 poetica

1400 1478 1560 1519 cxplicit.'⁷

1314 1529 1344 1559 3.
1362 1528 1491 1569 Epodon
1512 1528 1598 1564 liber,
1623 1539 1692 1558 cum
1714 1528 1907 1569 argumentis
1931 1527 2109 1565 rubricatis,
2125 1527 2177 1558 ubi

1378 1584 1508 1615 notatur
1524 1581 1561 1610 de
1577 1579 1696 1615 metris,
1715 1584 1773 1611 etc.
1797 1580 1848 1610 sol.
1867 1588 1882 1619 7
1887 1589 1916 1621 5.

1422 1631 1485 1662 Tit.
1505 1636 1522 1648 “²
1537 1630 1651 1672 Incipit
1667 1631 1788 1672 epodon
1804 1631 1844 1661 ad
1861 1631 2053 1661 Mecenate.”

1423 1682 1523 1724 Incip.
1541 1682 1635 1712 schol.
1653 1686 1670 1698 “
1684 1682 1826 1724 Epodon,
1844 1682 1874 1712 id
1890 1685 1947 1720 est,
1964 1681 2042 1722 epi.”

1317 1735 1345 1763 4.
1362 1734 1494 1765 Carmen
1511 1733 1656 1764 seculare.
1681 1733 1731 1763 fol.
1747 1735 1784 1764 88
1802 1733 1831 1763 b.

1424 1784 1519 1825 Incip.
1535 1784 1629 1815 schol.
1645 1790 1662 1801 ⁴⁴
1674 1784 1745 1815 Hoc
1758 1795 1881 1815 carmen
1894 1783 2029 1815 seculare
2040 1783 2179 1814 dicitur.”

1317 1838 1344 1865 5.
1363 1836 1546 1866 Sermonum
1562 1836 1631 1865 libri
1645 1836 1715 1866 duo.
1739 1836 1789 1866 fol.
1805 1846 1854 1876 90.

1423 1887 1484 1917 Tit.
1503 1892 1520 1903 ⁴²
1537 1887 1652 1928 Incipit
1677 1898 1853 1918 sermonum
1874 1887 1951 1917 liber
1971 1886 1990 1917 i.
2013 1887 2054 1917 ad
2076 1886 2179 1917 Mece-

1403 1939 1537 1969 nateni.w

1424 1990 1523 2031 Incip.
1542 1990 1636 2021 schol.
1655 1995 1672 2007 ⁸⁶
1688 1988 1751 2020 Hic
1770 1989 1848 2020 liber
1869 1990 1907 2020 de
1929 1989 2120 2021 sermonibus
2135 1989 2179 2020 in-

1402 2040 1559 2078 titulatur,
1578 2046 1585 2057 *
1598 2040 1671 2082 quia
1686 2041 1882 2081 presentibus
1896 2041 2054 2082 loquitur?
2064 2040 2080 2052 '³

1318 2091 1346 2122 6.
1365 2091 1577 2132 Epistolarum
1594 2092 1672 2122 libro
1689 2092 1759 2122 duo.
1782 2091 1833 2122 fol.
1850 2101 1907 2132 132
1923 2092 1952 2122 b.

1423 2142 1522 2184 Incip.
1536 2142 1629 2173 schol.
1642 2153 1721 2173 mom.
1733 2153 1785 2173 sec.
1799 2147 1817 2159 “
1830 2142 1935 2174 Flacci
1951 2142 2178 2183 epistolarum.”

1424 2194 1462 2224 In
1478 2194 1570 2231 calce,
1590 2199 1607 2211 ⁴⁶
1624 2194 1760 2235 Explicit
1776 2194 1862 2225 liber.
1910 2194 2024 2235 Incipit
2039 2194 2178 2235 pastus.”

1425 2245 1470 2276 Cf.
1488 2245 1619 2276 Bentleii
1636 2245 1730 2276 Praef.
1746 2245 1777 2275 in
1795 2245 1908 2276 Horat.
1925 2245 1972 2276 ed.
1991 2246 2078 2285 1728.

1676 2327 1806 2361 CCIII.

1298 2388 1519 2428 Chartaceus,
1538 2389 1572 2422 in
1593 2391 1663 2429 4to,
1683 2388 1716 2423 ff.
1734 2391 1813 2428 139,
1833 2400 1899 2423 scc.
1914 2389 1995 2422 xvii.

1341 2448 1457 2489 Bishop
1484 2449 1634 2479 Barlow’s
1661 2453 1668 2465 ‘
1684 2449 1751 2480 first
1778 2449 1877 2479 booke
1900 2449 2023 2490 against
2048 2449 2178 2490 Popery,

1362 2499 1445 2530 That
1477 2499 1642 2541 principles
1672 2500 1733 2530 and
1759 2500 1910 2541 positions
1936 2500 2117 2531 maintain'd
2139 2501 2179 2541 by

1362 2550 1415 2580 the
1438 2550 1553 2580 church
1577 2551 1611 2580 of
1630 2551 1728 2581 Rome
1749 2561 1802 2581 are
1818 2551 1991 2592 dangerous
2007 2557 2040 2582 to
2055 2551 2095 2581 all
2111 2562 2179 2592 pro-

1362 2604 1498 2632 testants
1514 2602 1573 2632 and
1586 2606 1620 2632 to
1632 2613 1774 2643 supreme
1790 2613 1907 2643 powers
1923 2602 2106 2643 pernicieus,
2120 2607 2178 2634 etc.

1314 2664 1317 2667 ·
1362 2652 1534 2682 translated
1551 2653 1618 2684 into
1634 2653 1708 2694 high
1722 2653 1836 2690 Dutch,
1848 2654 1909 2684 and
1922 2653 2085 2684 dedicated
2097 2657 2130 2684 to
2141 2665 2178 2695 ye

1362 2707 1469 2733 senate
1491 2704 1525 2733 of
1545 2704 1659 2734 Zurich
1684 2704 1715 2734 in
1740 2703 1941 2734 Switzerland
1963 2704 2003 2744 by
2017 2703 2178 2735 Johannes

1362 2753 1524 2784 Conradus
1541 2754 1703 2795 WVcrndly,
1721 2754 1761 2785 V.
1774 2754 1812 2784 D.
1826 2755 1871 2785 M.
1891 2755 1990 2793 1684.⁹
