2254 3117
673 144 910 179 COLLEGII
938 145 1259 183 EXONIENSIS.

143 241 248 272 codice
271 242 477 279 inveniuntur,
494 246 526 273 et
548 243 716 273 secundum
737 243 876 273 ordinem
896 243 939 273 al·
972 247 973 254 ¹

144 293 282 334 phabcti.

163 343 212 375 Cf.
229 345 296 375 cod.
314 345 383 376 MS.
401 345 466 376 coll.
485 345 515 375 S.
530 345 614 375 Trin.
632 345 770 375 lxxxviii.

418 449 581 484 XXXV.

56 512 175 546 Codex
203 512 496 553 membranaceus,
522 513 557 544 in
584 511 677 551 folio,
709 511 742 545 ff.
763 513 845 550 272,
874 523 941 546 sec.

82 570 150 603 xiv.
166 570 326 608 ineuntis,
342 570 401 603 sed
416 570 508 603 haud
527 581 596 603 una
613 581 716 603 manu
735 581 799 603 nec
818 570 941 604 eodem

82 633 237 672 tempore
252 632 432 667 exaratus3
452 633 459 645 ‘
474 627 561 661 liber
579 628 622 661 de
641 627 832 672 Stapledon
850 627 941 662 halle

82 697 125 718 ex
144 685 234 719 dono
252 686 408 730 magistri
428 685 572 718 Henrici
589 684 637 717 W
640 685 807 719 hitefeld?

101 755 129 784 1.
148 753 303 794 Anonymi
330 754 492 794 cujusdam
521 753 599 784 liber
628 754 666 784 de
696 755 941 795 proprietatibus

162 804 341 835 animalium
356 805 501 846 physicis.
525 804 575 835 fol.
596 815 622 837 2.

208 856 307 897 Incip.
326 860 344 872 “
361 856 501 895 Quedam
525 857 671 888 animalia
695 862 767 889 sunt
790 858 942 899 simplices

185 907 352 938 divisibiles
364 908 394 938 in
411 912 516 949 partes
529 908 642 939 similes
655 920 713 949 que
726 909 824 939 solum
837 915 942 950 partes

184 959 358 989 dicunturf'

208 1008 316 1039 Desin.
335 1014 352 1025 ⁸⁴
368 1009 399 1039 in
415 1009 619 1050 amplitudine
635 1011 711 1041 ossis
726 1011 757 1041 in
775 1022 835 1053 quo
858 1012 940 1042 radi-

185 1060 325 1091 cantur.”

205 1111 353 1152 Sequitur
368 1122 448 1142 man.
463 1117 564 1142 recent.
578 1113 692 1144 notitia
704 1113 741 1143 de
758 1114 878 1155 syrupis
891 1114 941 1145 xii.

185 1162 407 1193 communibus.

100 1212 274 1243 52.Sun11na
298 1213 439 1255 magistri
463 1214 588 1245 Girardi
611 1214 844 1257 [Cremonensis
855 1217 877 1257 Ξ]
904 1217 942 1248 de

163 1264 256 1294 inodo
271 1265 415 1295 medendi
427 1270 459 1296 et
473 1266 581 1296 ordine
593 1267 674 1297 unde
687 1278 798 1308 corpus
814 1268 855 1298 sit
871 1279 942 1309 pur·
972 1270 974 1282 ¹

162 1315 298 1355 gaudum
314 1320 346 1346 et
362 1317 526 1357 quomodo.
551 1317 600 1347 fol.
618 1327 663 1358 ¹3·

205 1365 302 1407 Incip.
321 1372 338 1383 “
351 1367 429 1398 Cum
446 1368 545 1398 omnis
561 1369 691 1399 scientia
706 1380 745 1399 ex
762 1380 817 1400 suo
833 1369 921 1400 fine.”

206 1417 304 1449 Defic.
322 1419 353 1449 in
368 1419 479 1457 verbis,
498 1425 515 1437 ⁴⁵
528 1420 568 1451 ab
584 1421 729 1452 umbilico
746 1422 872 1452 inferius
888 1423 939 1452 ‹le-
972 1442 973 1462 3

184 1470 352 1501 scendere’'

100 1522 129 1550 3.
147 1520 196 1550 Ex
213 1521 368 1562 Tro[tulae
379 1522 403 1564 ἓ]
422 1523 459 1553 de
474 1523 589 1554 morbis
605 1524 814 1555 muliebribus.
828 1525 878 1555 fol.
891 1535 941 1566 37.

205 1571 304 1614 Incip.
323 1577 341 1590 “
357 1573 473 1605 Contra
489 1574 705 1606 difficultatem
721 1577 859 1617 partus.⁵'

101 1628 129 1657 4.
147 1627 350 1669 Hippocratis
371 1629 502 1670 epistola
525 1630 565 1661 ad
589 1631 794 1673 Antigonum,
810 1643 879 1662 cum
896 1643 941 1663 re-

163 1679 338 1720 sponsione.
362 1680 414 1711 fol.
431 1691 471 1722 39
488 1681 516 1712 b.

205 1730 303 1772 Incip.
322 1736 339 1748 ‘⁶
356 1731 509 1771 Quoniam
525 1734 668 1765 convenit
687 1738 718 1765 te
734 1735 899 1765 omniu1n.”

99 1786 118 1814 ὼ(

162 1837 246 1874 lium,
263 1839 370 1870 ordine
386 1840 592 1881 alphabetico.
617 1842 667 1873 fol.
684 1853 733 1880 41.

207 1889 268 1920 Tit.
287 1894 304 1906 ‘⁶
319 1890 431 1932 Incipit
447 1892 477 1922 id
494 1904 550 1933 pro
567 1895 655 1934 quo?q

206 1940 302 1982 Incip.
321 1946 338 1958 ‘⁴
352 1942 466 1974 Omnia
481 1955 518 1974 ea
534 1955 593 1985 que
608 1949 681 1976 sunt
696 1946 814 1977 utilia?

206 1991 242 2022 In
258 1993 351 2030 calce,
368 1998 388 2011 “
403 1994 584 2036 Expliciunt
600 1996 761 2034 simonium,
781 1997 849 2028 Deo
871 2009 939 2038 gra-

186 2042 276 2073 tias.”

103 2093 132 2123 6.
150 2093 198 2124 De
214 2094 322 2125 diebus
338 2095 453 2127 criticis
469 2097 597 2128 libellus.
620 2097 671 2128 fol.
687 2099 728 2135 46
745 2098 773 2128 b.

203 2143 301 2186 Incip.
319 2149 337 2162 ‘⁶
350 2146 402 2176 Ad
418 2147 607 2178 evidenciam
623 2148 743 2178 dierum
755 2149 939 2180 ereticorum

182 2200 229 2226 est
256 2198 448 2233 notandum;
483 2204 514 2230 et
541 2200 640 2240 primo
666 2200 704 2230 de
729 2200 940 2232 notificatione

184 2245 245 2276 diei
262 2248 403 2278 cretice.”

206 2297 243 2327 In
259 2298 341 2329 calce
356 2310 471 2336 versus,
490 2301 528 2330 de
549 2301 641 2331 modo
657 2301 855 2342 dispensandi
878 2315 939 2334 me-

183 2347 300 2379 dicinas
316 2351 514 2392 compositas,
531 2358 585 2382 etc.
610 2363 689 2383 man.
705 2354 838 2384 secunda.

102 2401 128 2432 7.
147 2401 275 2443 AEgidii,
292 2405 434 2436 monachi
451 2405 656 2444 Corbeiensis‚
677 2418 800 2439 carmen
817 2410 855 2440 de
875 2410 939 2451 pul-

163 2453 246 2485 sibus
261 2466 330 2486 cum
347 2457 578 2487 commentario.
602 2457 651 2487 fol.
669 2468 718 2499 51.

205 2505 303 2547 Incip.
324 2512 489 2538 comment.
508 2514 525 2524 ⁶·
542 2508 685 2547 Quatuor
707 2514 780 2541 sunt
802 2512 940 2543 membra

183 2556 364 2598 principalia
380 2558 491 2598 quibus
506 2558 632 2589 humani
648 2561 813 2601 corporis.''

207 2607 244 2637 In
257 2608 350 2645 calce,
363 2613 381 2625 “
395 2609 575 2650 Expliciunt
587 2621 692 2641 versus
708 2611 810 2653 Egidii
822 2613 859 2643 (le
874 2614 939 2654 pul·

183 2657 296 2688 sibus.”

79 2707 107 2736 8.
127 2706 327 2740 Tractatulus
342 2710 381 2740 de
397 2710 502 2741 urinis.
526 2711 574 2741 fol.
592 2713 610 2741 6
627 2712 655 2742 b.

185 2759 281 2801 Incip.
301 2770 317 2778 ··
331 2761 514 2792 Ducendum
530 2763 612 2803 quod
628 2764 727 2794 omnis
743 2767 886 2796 natura.'’

123 1808 129 1814 .
147 1785 267 1817 Tabula
292 1787 413 1818 utilium
444 1799 745 1832 synonymorumque
776 1792 940 1822 medicina·
971 1804 973 1835 ξ

1836 156 1878 185 13

1121 244 1268 286 Sequitur
1283 259 1360 279 man.
1376 260 1429 280 sec.
1446 251 1553 281 tabula
1574 250 1804 281 medicinarum.
1825 251 1870 280 cui

1099 296 1218 335 titulus,
1234 303 1241 315 ⁴
1257 300 1336 338 Quid
1353 312 1408 341 pro
1424 302 1504 342 quo.’

1014 351 1042 381 9.
1061 350 1181 391 AEgidii
1206 354 1346 384 monachi
1370 366 1493 387 carmen
1514 357 1552 387 dc
1579 357 1674 387 urinis
1698 368 1766 388 cum
1791 369 1870 388 com—

1078 406 1192 432 mento.
1217 404 1266 433 fol.
1282 415 1329 443 71.

1125 452 1217 493 Incip.
1245 466 1322 486 com.
1351 462 1370 474 ‘⁶
1390 457 1481 488 Liber
1505 459 1563 490 iste
1593 471 1682 501 quem
1709 461 1869 502 legendum

1100 505 1298 545 proponimus
1313 507 1390 537 liber
1405 514 1452 540 cst
1468 521 1546 540 nove
1562 511 1795 542 institucionis.'''

1122 554 1160 584 In
1176 556 1268 593 calce,
1287 561 1304 574 ‘⁶
1320 558 1497 600 Expliciunt
1513 573 1616 592 versus
1634 563 1763 604 Egidii.·'

1122 605 1300 646 Sequuntur
1316 621 1430 647 versus,
1446 611 1533 653 incip.

1039 659 1055 671 ‘⁴
1072 655 1233 688 Thetanus
1256 669 1346 690 omne
1367 666 1452 692 tenet
1469 674 1516 693 me
1537 689 1542 694 .
1559 670 1665 696 cernat
1686 676 1802 708 epyque
1824 678 1870 697 su-

1121 707 1237 748 pinat.”

994 763 1044 791 10.
1065 762 1259 803 [Aristotelis
1280 765 1411 805 epistola
1432 768 1471 798 ad
1489 768 1701 800 Alexandrum
1720 772 1869 813 Magnum

1100 814 1139 844 dc
1155 815 1289 846 sanitate
1312 818 1439 855 tuenda,
1458 819 1567 850 Latine
1582 832 1669 852 versa
1684 833 1738 863 pcr
1753 823 1773 852 J
1777 824 1870 854 ohan-

1101 876 1169 896 nem
1187 867 1362 908 Hispanum
1374 870 1396 909 3]
1422 870 1507 900 initio
1523 872 1617 902 niuriZ.
1641 873 1690 904 fol.
1703 874 1752 912 87.

1123 917 1219 959 Incip.
1234 918 1264 949 in
1277 920 1363 960 praef.
1380 921 1567 962 interpretiS‚
1581 928 1600 940 ‘⁸
1611 935 1699 965 quem
1712 925 1868 957 habebunt

1100 968 1130 998 in
1141 972 1181 1005 te,
1194 969 1367 1001 dominabis
1378 971 1407 1001 in
1419 972 1462 1002 eis
1474 973 1598 1013 pacifice
1609 986 1676 1005 cum
1688 976 1870 1017 triumphos

995 1020 1043 1049 11,
1062 1019 1221 1060 Rogerini,
1246 1021 1308 1052 sive
1335 1022 1448 1064 Rogeri
1479 1024 1678 1065 [Salernitani
1690 1027 1712 1067 f]
1745 1028 1870 1059 Summa

1080 1071 1190 1101 minor.
1214 1072 1264 1102 fol.
1285 1083 1354 1104 102.

1122 1121 1218 1163 Incip.
1238 1129 1255 1139 ⁴·
1269 1123 1345 1154 Cum
1362 1126 1550 1157 medicinalis
1566 1128 1642 1158 artis
1658 1129 1745 1159 dues

1122 1172 1160 1203 In
1176 1174 1268 1211 calce,
1293 1181 1310 1192 ‘⁴
1328 1175 1464 1217 Explicit
1488 1189 1582 1219 parva
1601 1190 1719 1211 summa
1735 1182 1871 1223 magistri

1102 1224 1244 1265 Rogel'i.”

996 1276 1044 1304 12.
1062 1275 1112 1306 De
1128 1275 1223 1307 diaeta
1239 1279 1436 1310 tractatulus.
1457 1280 1507 1311 fol.
1526 1291 1592 1322 107.

1123 1326 1221 1369 Incip.
1240 1334 1257 1345 “
1271 1329 1350 1360 Cum
1367 1332 1465 1362 onmis
1481 1334 1622 1374 operacio
1638 1335 1814 1366 medicine*

972 1387 973 1395 ¹
996 1382 1044 1412 13.
1063 1382 1187 1413 Ricardi
1206 1382 1344 1426 [Anglici
1356 1386 1378 1428 Ξ]
1397 1387 1492 1428 Signa
1507 1389 1710 1421 medicinalia.
1726 1392 1775 1422 fol.
1792 1396 1858 1423 105.

1123 1434 1184 1465 Tit.
1201 1440 1220 1452 ‘¹
1238 1435 1298 1467 Hic
1314 1436 1465 1479 incipiunt
1481 1440 1568 1480 signa
1583 1441 1737 1472 Ricardi.'“

1122 1485 1218 1527 Incip.
1237 1491 1255 1503 “
1269 1487 1356 1518 Finis
1373 1490 1521 1521 medicine
1538 1492 1720 1524 duntaxat.”

972 1574 973 1587 ἵ
1123 1537 1160 1566 In
1176 1537 1270 1575 calce,
1287 1544 1304 1555 ‘⁵
1321 1539 1500 1581 Expliciunt
1516 1542 1604 1583 signa
1621 1543 1776 1575 Rica1·di.”

995 1588 1044 1617 14.
1062 1588 1310 1620 Commentarius
1337 1591 1367 1621 in
1394 1591 1534 1624 Nicholai
1561 1594 1757 1638 [Przepositi]
1785 1597 1874 1628 Anti-

1080 1640 1244 1677 (lotarium,
1269 1643 1342 1673 dict.
1372 1648 1390 1659 ⁴⁴
1403 1644 1578 1676 Secundum
1605 1648 1686 1687 quod
1712 1648 1776 1679 vult
1800 1650 1871 1679 Avi-

1080 1692 1195 1722 cenna.'
1217 1692 1266 1723 fol.
1284 1703 1338 1724 121
1358 1695 1386 1725 b.

1122 1741 1218 1783 Incip.
1235 1748 1254 1760 ‘⁴
1268 1743 1443 1776 Secundum
1459 1748 1541 1788 quod
1557 1748 1622 1779 vult
1638 1749 1797 1780 Avicenna
1813 1751 1872 1791 pri—

1102 1803 1152 1823 mo
1168 1793 1257 1831 libro,
1274 1796 1325 1836 qui
1340 1796 1372 1826 in
1388 1797 1566 1840 principio.qq

971 1849 973 1884 ξ
995 1848 1042 1877 15.
1063 1847 1212 1888 [Gerardi
1235 1850 1369 1888 Bertuti,
1394 1863 1434 1882 an
1457 1853 1698 1898 Cremonensis,]
1722 1868 1872 1888 commen-

1080 1900 1177 1930 tarius
1193 1900 1224 1930 in
1241 1901 1340 1933 Isaaci
1357 1903 1376 1933 J
1380 1903 1458 1934 udaei
1476 1905 1593 1937 Viatici
1610 1912 1715 1948 partes
1734 1914 1869 1949 septem:

1078 1962 1146 1981 cum
1163 1953 1321 1992 prooemio.
1345 1955 1396 1986 fol.
1414 1965 1468 1996 135
1487 1957 1515 1987 b.

1120 2002 1218 2044 Incip.
1244 2015 1372 2045 prooem.
1401 2012 1418 2023 ‘⁸
1442 2007 1520 2038 Cum
1544 2010 1647 2040 omnia
1676 2022 1713 2040 ex
1740 2017 1872 2051 quatuor

1098 2054 1256 2086 elementis
1279 2063 1429 2097 generata
1445 2061 1672 2100 quodammodo
1693 2068 1762 2093 sunt
1779 2073 1869 2103 agno-

1099 2106 1240 2136 scenda.”

1119 2157 1215 2198 Incip.
1232 2169 1340 2190 comm.
1359 2166 1376 2177 ⁴*
1389 2161 1437 2192 De
1448 2162 1607 2203 allopicia:
1627 2164 1781 2194 Premisso
1797 2176 1869 2205 ergo

1098 2209 1257 2250 prohemio
1273 2211 1380 2253 incipit
1395 2224 1415 2243 a
1430 2215 1623 2254 passionibus
1640 2216 1847 2256 capillorumf*

970 2271 972 2278 ¹
993 2258 1042 2289 16.
1060 2260 1214 2301 Anonymi
1242 2262 1402 2303 cujusdam
1433 2267 1670 2297 commentarius
1696 2267 1725 2296 in
1752 2267 1868 2308 AEgidii

1077 2321 1199 2341 carmen
1216 2312 1253 2343 de
1269 2314 1373 2344 urinis.
1397 2316 1447 2345 fol.
1464 2318 1531 2347 206.

1120 2362 1216 2404 Incip.
1233 2370 1396 2396 comment.
1416 2372 1433 2383 “
1446 2367 1531 2398 Sicut
1551 2368 1625 2398 dicit
1647 2368 1866 2398 Constantinus

1098 2412 1129 2442 in
1145 2413 1299 2456 Pantegni
1315 2421 1347 2447 et
1362 2417 1444 2447 idem
1460 2422 1594 2449 testatur
1609 2418 1630 2448 J
1634 2419 1841 2449 ohanniciusf*

1120 2463 1157 2494 In
1181 2465 1273 2503 calce,
1300 2472 1318 2483 ‘²
1334 2467 1513 2509 Expliciunt
1541 2480 1644 2499 versus
1670 2469 1772 2510 Egiilii
1798 2481 1866 2500 cum

1099 2520 1282 2547 commento.

1119 2566 1178 2604 Qui
1194 2567 1317 2609 scripsit
1333 2580 1465 2605 carmen,
1483 2570 1523 2600 sit
1539 2570 1734 2605 benedictus;
1754 2572 1863 2601 Amen.

1120 2617 1256 2658 Explicit
1272 2620 1424 2661 explico-at
1439 2645 1445 2650 .
1462 2620 1565 2650 ludere
1580 2621 1711 2662 scriptor
1727 2624 1808 2652 oats'

993 2667 1043 2698 17.
1061 2666 1205 2699 Summus
1217 2673 1372 2701 tractatus
1382 2671 1419 2701 dc
1432 2675 1542 2701 ornatu
1555 2671 1723 2702 mulierum.
1738 2674 1823 2713 1:227
1837 2675 1864 2703 b.

1121 2718 1219 2760 Incip.
1237 2726 1254 2736 ‘⁵
1272 2721 1318 2751 Ut
1341 2721 1413 2751 dicit
1433 2721 1606 2762 Ypocrates
1626 2722 1656 2752 in
1678 2722 1755 2754 libro
1777 2736 1865 2764 quem

1098 2769 1136 2799 de
1151 2770 1280 2802 scientia
1298 2771 1571 2812 pronosticomm.”
