2254 3117
326 149 373 183 72
882 137 1009 174 CATA
1017 136 1184 172 LOGUS
1210 135 1444 171 CODICUM
1473 135 1581 170 MSS.

457 246 477 259 ‘⁵
492 241 606 271 Omnes
621 244 693 269 sunt
709 236 728 267 J
732 235 852 267 oachim
876 235 930 266 sed
953 246 1015 265 non
1031 245 1137 265 omnes
1153 234 1211 264 sibi

453 291 582 333 juncti.”

355 403 381 433 7.
401 402 431 431 S.
453 398 601 435 Anselmi,
628 395 851 438 archiepiscopi
879 394 1123 431 Cantuariensis,
1150 394 1212 425 sive

416 451 633 491 cujuscumque
649 448 723 485 sint,
739 447 887 488 opuscula
902 447 998 483 varia,
1014 446 1139 481 seilicet,

395 518 422 537 a.
442 505 578 536 Homilia
593 504 624 534 in
639 502 849 534 ascensionem
866 502 1000 533 Domini.
1024 502 1075 533 fol.
1095 512 1162 542 150.

480 555 577 596 Incip.
602 553 791 585 “Christum
815 565 918 595 regem
942 553 1160 584 ascendentem
1184 553 1214 583 in

460 606 588 637 celum?

396 663 424 691 b.
444 660 581 692 IIomilia
614 660 646 690 in
681 659 776 697 istud,
807 664 815 676 ‘
834 658 946 690 Estote
982 659 1215 689 misericordes?

460 713 511 744 fol.
531 722 599 753 150.

482 764 580 805 Incip.
610 767 629 780 ‘⁴
648 762 778 794 Fratres
808 762 969 800 carissimi,
1000 762 1072 803 quia
1101 762 1216 792 mundo

461 814 550 855 quasi
567 814 597 844 in
613 813 895 855 peregrinatione.”

400 880 424 899 c.
445 868 582 899 Romilia
605 868 636 898 in
659 867 755 903 istud,
779 871 786 883 ⁴
800 866 979 897 Ascendens
1000 865 1094 897 Jesus
1119 866 1149 896 in
1174 865 1216 896 al-

462 920 551 950 tum?
575 918 626 949 fol.
644 928 700 959 150
714 918 744 948 b.

484 970 584 1011 Incip.
600 973 619 987 ‘⁶
633 969 899 1001 Considerandum
916 972 963 999 est
979 969 1077 1005 nobis,
1094 969 1216 1002 fratres.

463 1022 531 1062 quis
546 1020 748 1052 ascende1·it.''

400 1078 429 1107 d.
448 1077 484 1107 111
511 1077 606 1113 istud,
631 1080 639 1094 ‘
655 1077 728 1107 Ibat
756 1075 864 1106 Ihesus
895 1076 925 1106 in
956 1075 1126 1112 civitatem,
1149 1086 1217 1116 ‹111ae

465 1134 594 1160 vocatur
610 1129 712 1159 Nain.'
735 1128 785 1158 101.
803 1138 870 1169 151.

485 1181 583 1221 Incip.
599 1185 617 1197 ‘⁶
633 1179 714 1210 Nain
731 1179 957 1220 interpretatur
972 1179 1167 1209 conimotio.”

400 1248 425 1265 e.
444 1235 480 1265 111
492 1235 601 1273 istud‚‘
614 1235 752 1271 Fratres,
764 1234 933 1264 humanum
944 1234 1032 1264 dico.'
1049 1234 1100 1264 fol.
1119 1244 1170 1274 151
1188 1234 1216 1264 b.

484 1287 583 1328 Incip.
607 1286 829 1327 “Quicumque
853 1286 884 1316 in
908 1286 1000 1316 domo
1024 1285 1082 1316 Dei
1105 1286 1218 1316 consti-

463 1338 590 1368 tuitu1·.”

400 1393 419 1422 1¹.
438 1392 607 1423 Meditatio
623 1393 661 1423 de
677 1396 798 1423 terrore
809 1391 928 1432 judicii.
951 1392 1001 1422 sol.
1020 1402 1072 1432 151
1089 1392 1118 1422 b.

486 1443 573 1474 Inter
590 1443 730 1474 Anselmi
747 1454 851 1484 opera,
872 1445 963 1483 1726,
979 1455 1008 1484 p.
1024 1453 1094 1482 207.

399 1510 428 1539 g.
447 1498 557 1529 Oratio
573 1499 612 1529 ad
629 1498 666 1529 B.
678 1498 718 1528 V.
738 1498 883 1529 Mariam.
907 1498 958 1529 fol.
976 1508 1031 1539 152
1047 1499 1076 1528 b.

486 1549 567 1580 Ibid.
584 1560 613 1591 p.
630 1558 700 1589 279.

400 1605 429 1634 h.
447 1604 613 1635 Orationes
629 1604 695 1634 dua*
713 1604 752 1634 ad
770 1604 800 1634 S.
812 1604 1001 1635 Johannem.
1026 1604 1076 1634 101.
1095 1613 1161 1645 153.

485 1655 565 1686 Ibid.
582 1666 634 1696 pp.
650 1664 719 1695 290,
735 1666 790 1696 seq.

401 1711 418 1741 i.
435 1710 545 1741 Oratio
561 1711 601 1741 ad
619 1710 650 1741 S.
665 1710 867 1751 Stephanum.
892 1710 944 1741 fol.
963 1719 1021 1752 ¹54
1033 1710 1060 1740 b.

484 1761 566 1792 Ibid.
584 1773 613 1803 p.
629 1771 700 1803 293·

400 1819 428 1848 k.
445 1818 558 1849 Oratio
573 1818 612 1849 ad
631 1818 662 1848 S.
674 1817 894 1858 Augustinum.
919 1817 970 1848 fol.
989 1827 1057 1858 155.

485 1869 584 1910 Incip.
600 1873 619 1886 “
634 1869 749 1899 Sancte
765 1873 796 1899 et
818 1869 910 1899 beate
925 1868 1112 1910 Augustino,
1129 1879 1219 1910 quem

464 1925 529 1952 tam
546 1921 693 1962 opulenta
708 1920 922 1951 benedictione
938 1920 1119 1952 virtutum.”

402 1979 420 2008 1.
438 1977 619 2008 Meditatio.
643 1976 693 2007 fol.
711 1986 766 2017 ¹55
782 1976 810 2007 b.

486 2028 582 2069 Incip.
601 2032 619 2045 “
634 2027 786 2058 Peccator
809 2027 1004 2064 homuncule,
1028 2030 1063 2057 tu
1089 2026 1219 2058 multum

464 2081 638 2122 in(ligens.”

401 2147 442 2165 111.
460 2135 572 2166 Oratio
587 2135 628 2165 ad
645 2134 676 2164 S.
688 2133 875 2164 Johannem.
899 2133 951 2163 fol.
970 2134 1026 2173 156
1040 2133 1070 2164 b.

486 2186 524 2217 In
540 2186 614 2217 edit.
631 2185 683 2216 cit.
702 2196 730 2226 p.
745 2185 815 2223 287.

402 2255 428 2272 n.
447 2242 556 2273 Oratio
572 2242 612 2272 ad
628 2241 659 2271 S.
675 2241 814 2271 Petrum.
838 2239 887 2270 fol.
907 2249 962 2280 157
978 2239 1007 2270 b.

487 2294 569 2324 Ibid.
587 2305 617 2334 p.
631 2293 701 2325 288.

401 2363 428 2378 0.
446 2349 557 2381 Oratio
572 2349 611 2379 ad
630 2348 660 2379 S.
675 2347 817 2378 Paulum.
841 2346 891 2377 sol.
910 2346 977 2387 158.

486 2400 567 2431 Ibid.
583 2412 612 2441 p.
626 2400 696 2440 298.

400 2468 428 2496 p.
448 2455 587 2486 Homilia
615 2455 646 2485 in
672 2453 768 2491 istud,
785 2457 792 2469 ‘
805 2452 959 2483 Dominus
982 2452 1046 2493 ipse
1063 2452 1163 2483 veniet
1186 2456 1218 2483 et

465 2505 637 2536 salutabit?
658 2504 708 2535 fol.
729 2514 795 2544 159.
914 2539 918 2542 ,

488 2556 585 2598 Incip.
605 2560 622 2573 “
636 2556 673 2586 111
690 2555 854 2586 nativitate
870 2554 1009 2585 authoris
1024 2553 1155 2584 leticie?

402 2627 427 2653 q.
448 2612 484 2642 In
507 2612 600 2649 istud,
618 2611 728 2642 ‘Dixit
742 2611 837 2642 Jesus
862 2610 969 2647 Petro,
992 2609 1126 2651 Sequere
1151 2610 1217 2639 me?

464 2664 516 2694 fol.
532 2665 599 2695 160.

486 2714 584 2756 Incip.
611 2719 629 2732 ‘⁴
643 2714 795 2746 Dominus
825 2713 917 2745 Jcsus
947 2713 1083 2745 salvator
1113 2717 1219 2744 noster

464 2766 645 2807 sapientia.''

1285 235 1315 263 8.
1334 233 1505 264 Alexandri
1521 232 1682 273 cujusdam
1705 242 1805 262 sermo
1828 231 1859 263 in
1881 232 1981 274 primo
1997 232 2142 269 adventu,

1349 284 1520 315 scolaribus
1537 283 1676 314 Oxoniae.
1700 283 1751 313 fol.
1768 283 1836 314 161.

1394 335 1490 376 Incip.
1513 335 1594 366 “Tu
1618 345 1771 376 exurgens
1796 334 1930 365 Domine
1955 335 2145 366 misereberis

1373 385 1476 416 Sion.''

1287 450 1315 482 9.
1334 449 1442 479 Sermo
1457 449 1488 479 in
1504 448 1734 480 circumcisione
1750 448 1887 479 Domini.
1911 448 1961 479 101.
1982 452 2030 478 161
2049 449 2078 479 b.

1397 499 1494 541 Incip.
1512 504 1530 516 “
1543 500 1621 530 Post
1636 499 1760 540 longam
1776 503 1882 529 vatum
1897 499 2038 529 seriem.”

1270 564 1318 593 10.
1336 564 1443 593 Sermo
1459 563 1497 593 de
1514 562 1678 593 nativitate
1695 561 1829 592 Domini.
1852 562 1903 592 101.
1922 563 1987 593 162.

1397 614 1494 655 Incip.
1513 614 1580 643 “ln
1605 618 1676 644 ortu
1700 624 1769 644 vere
1793 613 1906 650 leticie,
1928 613 1958 643 in
1984 613 2148 644 nativitate

1376 664 1473 702 Illius,
1490 665 1548 704 Qui
1564 669 1612 695 cst
1628 676 1699 695 vera
1715 664 1848 695 leticia.''

1398 716 1577 758 Sequuntur
1593 716 1755 747 sententiae
1772 716 1963 758 theologicis,
1979 720 2038 747 etc.
2056 716 2148 757 incip.

1377 772 1395 784 ‘⁴
1409 768 1550 806 Quatuor
1566 772 1639 798 sunt
1655 767 1812 798 naturales
1827 768 2034 798 affectiones?

1273 831 1320 860 11.
1338 830 1506 861 Tractatus
1522 830 1560 860 de
1576 830 1664 860 donis
1680 830 1713 860 S.
1729 830 1873 871 Spiritus.
1897 830 1947 861 101.
1966 832 2032 861 166.

1400 881 1495 922 Incip.
1521 882 1678 920 “Quanto
1702 881 1806 912 studio
1835 886 1867 912 et
1897 893 2002 913 amore
2026 882 2151 913 Christo

1378 944 1522 973 sponsam
1538 933 1595 963 sibi
1612 933 1746 963 amores*

1277 1077 1321 1106 12.
1340 1077 1370 1107 S.
1385 1076 1488 1107 Alexii
1504 1076 1579 1107 vita.
1605 1075 1654 1106 101.
1674 1077 1743 1113 161).

1401 1128 1496 1169 Incip.
1522 1132 1541 1145 “
1556 1127 1686 1158 Alexius
1708 1127 1767 1158 fuit
1792 1127 1870 1158 filius
1890 1127 2095 1164 Eufeiiiiani‚”
2118 1131 2153 1157 ut

1378 1179 1408 1209 in
1426 1181 1503 1209 Aur.
1523 1179 1658 1220 Legend.
1683 1178 1733 1209 sol.
1746 1178 1835 1209 clviii.

1275 1245 1322 1274 153.
1341 1244 1371 1274 S.
1388 1244 1579 1285 Margaretae
1596 1243 1670 1274 vita.
1695 1243 1746 1274 101,
1764 1244 1821 1284 169
1834 1243 1863 1273 b.

1402 1293 1497 1334 Incip.
1510 1298 1528 1309 “
1543 1294 1728 1334 Margareta
1744 1293 1781 1323 dc
1797 1293 1922 1324 civitate
1940 1292 2115 1323 Antiochiae
2128 1291 2153 1327 ;”

1379 1345 1452 1375 ibid.
1476 1344 1525 1375 sol.
1538 1344 1604 1375 clvi.
1616 1344 1645 1375 b.

1275 1408 1323 1437 14.
1341 1408 1373 1437 S.
1390 1406 1502 1437 Mariae
1519 1406 1715 1448 Magdalenae
1732 1406 1804 1437 vita.
1830 1406 1882 1437 fol.
1900 1416 1967 1446 170.

1402 1458 1499 1499 Incip.
1508 1464 1524 1475 ‘⁴
1533 1458 1636 1488 Maria
1646 1458 1874 1499 interpretatur
1883 1468 2022 1488 amarum
2034 1467 2118 1488 mare
2126 1455 2154 1491 ;”

1379 1514 1415 1540 ut
1430 1509 1503 1540 ibid.
1527 1509 1578 1540 fol.
1596 1509 1666 1539 clix.
1681 1509 1708 1539 b.

1274 1575 1325 1604 15.
1343 1573 1451 1604 Sermo
1467 1573 1500 1618 5¹¹,
1514 1573 1594 1604 festo
1611 1573 1642 1604 S.
1658 1573 1744 1604 Petri
1760 1573 1799 1603 ad
1818 1572 1957 1603 Vincula.
1982 1572 2031 1602 fol.
2051 1581 2115 1612 172.

1401 1625 1496 1666 Incip.
1515 1630 1532 1641 “
1547 1625 1676 1655 Festum
1698 1624 1728 1655 S.
1744 1624 1830 1654 Petri
1853 1624 1986 1665 apostoli
2009 1624 2092 1665 quod
2115 1623 2153 1654 ad

1380 1674 1509 1705 Vincula
1525 1674 1681 1710 ‹licitur;''
1704 1675 1776 1705 ibid.
1795 1674 1844 1704 fol.
1859 1674 1959 1705 clxxx.

1275 1738 1323 1769 16.
1342 1739 1379 1769 In
1395 1739 1584 1769 exaltatione
1601 1738 1632 1769 S.
1645 1738 1761 1769 Crucis.
1784 1738 1834 1769 fol.
1852 1747 1920 1779 173.

1402 1791 1482 1821 Ibid.
1499 1791 1548 1821 101.
1561 1791 1709 1821 ccxxxvii.
1721 1791 1750 1821 b.

1275 1856 1325 1887 17.
1343 1854 1379 1884 In
1395 1855 1474 1885 festo
1492 1855 1522 1884 S.
1538 1854 1696 1885 Matthaei.
1721 1853 1771 1884 101.
1792 1863 1858 1892 174.

1402 1905 1480 1936 Ibid.
1498 1905 1547 1935 fol.
1560 1905 1670 1936 ccxliii.

1276 1971 1324 2000 18.
1342 1970 1380 2000 In
1396 1970 1475 2000 sesto
1493 1969 1522 2000 S.
1540 1969 1710 2000 Michaelis.
1735 1969 1786 1999 fol.
1806 1978 1872 2010 175.

1401 2021 1481 2052 Ibid.
1500 2021 1550 2051 sol.
1564 2021 1674 2052 ccxlix.
1689 2021 1720 2051 b.

1275 2086 1325 2119 19.
1343 2085 1379 2115 In
1395 2086 1475 2116 festo
1493 2085 1525 2116 S.
1542 2084 1686 2115 Simonis.
1710 2084 1762 2114 fol.
1780 2093 1846 2123 177.

1402 2137 1482 2167 Ibid.
1499 2136 1551 2167 fol.
1565 2136 1696 2167 cclxxxi.
1711 2135 1741 2165 b.

1273 2202 1323 2231 20.
1342 2201 1377 2231 In
1393 2201 1473 2231 festo
1490 2201 1521 2231 S.
1538 2200 1638 2230 Lucae.
1661 2199 1713 2229 fol.
1731 2201 1800 2238 178.

1402 2253 1482 2283 Ibid.
1499 2252 1549 2283 10].
1563 2252 1690 2282 cclxxiv.
1703 2251 1731 2281 b.

1274 2316 1323 2346 21.
1342 2315 1377 2345 In
1394 2315 1473 2345 festo
1491 2315 1519 2345 S.
1536 2313 1676 2345 Martini.
1700 2313 1752 2343 fol.
1770 2322 1836 2353 179.

1400 2366 1480 2396 Ibid.
1497 2365 1546 2395 101.
1561 2376 1663 2396 ccxcv.

1272 2431 1322 2460 22.
1342 2431 1379 2460 In
1396 2430 1475 2460 10310
1492 2429 1521 2459 S.
1537 2428 1702 2459 Leonardi.
1727 2428 1777 2458 101.
1798 2437 1853 2469 179
1866 2427 1896 2457 b.

1400 2480 1480 2511 Ibid.
1497 2480 1547 2510 fol.
1561 2479 1681 2510 cclxxii.
1694 2479 1722 2509 b.

1272 2619 1322 2648 23.
1340 2616 1488 2647 Narratio
1514 2617 1567 2657 [an
1591 2627 1627 2646 ex
1644 2615 1756 2646 Jacobi
1782 2615 1820 2645 (le
1837 2614 1992 2654 Vitriaco]
2021 2614 2059 2644 de
2083 2613 2154 2644 loc-is

1316 2674 1318 2677 '
1357 2668 1449 2699 variis
1472 2667 1725 2708 mirabilibusque
1741 2667 1844 2697 Terrae
1862 2666 2004 2699 Sanctam
2033 2664 2154 2695 Gallice.

1358 2711 1408 2741 fol.
1428 2713 1493 2742 180.

1401 2761 1500 2803 Incip.
1524 2766 1542 2778 ⁴⁸
1557 2761 1602 2803 Ly
1629 2759 1791 2802 apostaillc
1816 2759 1854 2790 de
1877 2759 1975 2789 Rome
2001 2758 2158 2798 [Innocent
