2254 3117
370 168 415 202 16
929 164 1227 200 CATALOGUS
1252 163 1484 198 CODICUM
1512 163 1619 198 MSS.

455 268 583 306 possunt
603 274 694 305 super
711 263 892 294 Doctrinale
915 262 1055 304 magistri
1072 262 1244 293 Alexandri

453 317 491 347 de
521 315 592 346 villa
621 315 679 345 Dei
715 314 881 345 seeundum
909 312 1058 355 glossulas
1094 313 1244 344 monachi.

464 380 483 398 ).
504 378 515 397 1
567 391 572 396 .

455 379 464 408 l
498 375 594 458 Ili)c7ip.
621 422 638 433 “
655 416 795 447 Scribere
817 415 984 451 clericulis3
1009 420 1069 446 etc.
1123 415 1161 446 In
1186 415 1245 446 isto

475 468 623 509 principio
657 467 732 498 dicit
760 469 849 497 actor
880 467 961 507 quod
997 466 1062 507 ipse
1099 466 1244 507 proponit
1274 484 1275 488 =

474 522 687 559 representare
707 518 737 548 in
754 517 869 560 scripto
886 529 979 548 unum
994 517 1105 548 librum
1121 518 1159 548 de
1175 517 1244 547 doe-
1274 516 1275 526 ¹

475 569 585 600 tm'naff'

371 623 419 651 1³3.
438 620 572 651 Libellus
592 620 630 650 de
649 623 717 650 arte
739 619 817 650 bene
832 619 981 650 moriendi
997 620 1164 651 secundum
1179 623 1245 650 ten-

454 671 588 702 tationes
603 670 717 701 diaboli
731 674 772 707 et⁷
786 681 802 701 e
819 675 936 707 contra,
950 670 1166 712 inspirationes
1181 670 1245 700 An-

453 722 512 763 geli
529 721 700 752 ordinatus.
724 733 753 762 p.
766 730 837 761 422.

496 773 594 814 Incip.
610 777 627 790 “
640 773 788 812 Quamvis
799 773 965 804 seeundum
975 772 1191 813 philosophum
1203 771 1244 812 iij.

476 824 667 865 Ethyoorum
683 824 819 855 omnium
831 823 1013 855 terribilium
1025 834 1108 854 mors
1123 826 1170 853 est
1185 826 1245 853 ter·
1274 822 1276 831 ¹

476 875 678 906 1‘ibilissima.”

497 926 535 957 In
551 926 643 963 ealce,

456 981 473 993 ’ί
486 976 624 1016 Explicit
639 987 690 1006 ars
705 976 865 1014 moriendi,

487 1027 546 1067 Qui
561 1027 641 1069 gerit
656 1027 940 1067 normamvivendi,

486 1078 621 1119 Quisque
637 1078 740 1109 videat
755 1082 787 1109 et
801 1079 895 1120 legat,

487 1129 535 1160 Ut
550 1129 581 1159 in
596 1129 656 1160 fine
672 1129 714 1160 sie
730 1141 762 1160 se
778 1131 898 1169 regat.”

457 1235 473 1247 ‘⁸
486 1230 615 1261 Cliacun
630 1241 719 1271 corps
734 1230 859 1261 humain
874 1231 930 1262 fait
947 1231 984 1262 de
1000 1234 1082 1262 terre

488 1281 632 1312 Tendant
647 1293 667 1312 a
681 1286 763 1312 mort
778 1286 810 1313 et
826 1282 980 1323 porriture
993 1295 1002 1320 ς

488 1333 574 1374 Nuyt
589 1337 621 1363 et
633 1333 705 1374 jour
720 1344 757 1363 ne
773 1344 856 1364 cesse
872 1334 910 1364 de
925 1345 1045 1375 guerre,

487 1383 606 1414 Retour
621 1395 640 1414 a
654 1395 688 1414 sa
703 1383 801 1425 prime
816 1385 955 1415 nature.”

374 1440 422 1469 14.
439 1438 607 1469 Decretum
627 1438 744 1469 concilii
765 1439 942 1470 Basiliensis
968 1440 1006 1470 de
1031 1440 1248 1481 superioritate

457 1489 575 1520 concilii
587 1500 680 1531 supra
691 1501 805 1531 papam
816 1503 823 1524 ;
841 1491 905 1521 dat.
916 1490 989 1532 xvij.
1000 1491 1059 1522 kal.
1071 1491 1144 1522 Jun.
1159 1502 1248 1533 1439.

456 1552 486 1581 P·
502 1549 573 1581 435·

376 1593 423 1623 15.
440 1591 489 1622 Ex
512 1591 645 1633 Origene
671 1595 702 1622 et
726 1591 902 1633 Augustino
928 1592 966 1622 de
992 1591 1106 1623 virtute
1133 1593 1247 1624 Crucis.

456 1654 485 1684 P-
502 1652 574 1683 437-

375 1694 423 1725 16.
440 1694 620 1735 Disputatio
641 1693 741 1724 cordis
756 1696 788 1724 et
803 1692 889 1730 oculi,
908 1704 976 1724 eum
997 1695 1152 1726 sententia
1174 1695 1248 1726 diffi-
1278 1705 1279 1739 ᾗ

458 1745 562 1776 nitiva.
587 1756 615 1786 p.
628 1755 699 1786 439.

500 1796 598 1837 Incip.

375 1852 392 1864 ’ί
405 1847 437 1877 Si
453 1847 520 1888 quis
536 1847 636 1878 cordis
651 1850 683 1877 et
698 1846 777 1877 oculi
796 1870 802 1875 .
821 1846 891 1877 Non
906 1847 1001 1878 sentit
1016 1847 1048 1877 in
1064 1858 1096 1878 se
1108 1848 1219 1889 jurgia⁷

407 1899 475 1929 Non
489 1898 574 1928 novit
587 1898 637 1939 qui
650 1902 721 1929 sunt
734 1898 848 1928 stimuli
862 1923 867 1928 .
882 1898 947 1937 Que
960 1898 1046 1939 culpe
1059 1899 1249 1930 seminarias*
1279 1932 1280 1940 ἵ

376 1955 423 1986 17.
442 1954 489 1984 De
507 1953 648 1994 Virgilio.
672 1964 700 1993 p.
714 1962 787 1991 440.

502 2004 596 2045 Incip.
612 2008 630 2021 “
645 2003 793 2045 Virgilius
809 2004 922 2034 dieitur
936 2015 956 2035 a
971 2005 1083 2046 vi1·ga.”

376 2061 424 2090 18.
442 2059 583 2100 Epistola
598 2059 717 2090 directa
731 2058 802 2089 filiis
817 2059 984 2100 proditoris
1009 2071 1064 2100 per
1083 2060 1250 2102 principem

459 2109 578 2139 inferni.
602 2120 630 2150 p.
643 2119 715 2148 441.

502 2160 598 2202 Incip.
617 2165 635 2178 “
648 2160 770 2191 Lucifer
784 2161 926 2203 princeps
941 2161 1078 2193 inferni.”

764 2246 862 2298 le.

377 2335 496 2369 Codex
510 2334 847 2373 n1emb1·anaceus.in
862 2335 953 2372 folio.
965 2336 998 2369 ff.
1013 2338 1092 2373 227.
1108 2348 1173 2371 sec.
1186 2349 1251 2377 xv„

401 2405 504 2427 manu
524 2392 646 2426 Italica
663 2392 771 2426 nitide
786 2398 964 2434 exaratus3
984 2394 1065 2428 olim
1082 2394 1251 2428 Francisci
1281 2405 1282 2409 ¹

401 2449 574 2483 Clethero.

419 2520 449 2549 S.
464 2519 484 2549 J
488 2518 617 2549 ohannis
632 2517 839 2558 Chrysostomi
861 2519 891 2557 in
912 2519 940 2550 S.
954 2519 976 2549 J
979 2518 1108 2550 ohannis
1123 2530 1251 2560 evange-

440 2570 514 2600 lium
530 2569 661 2600 homiliae
678 2569 837 2610 octoginta
849 2574 930 2607 octo,
950 2570 1133 2611 [interprete
1148 2570 1251 2601 forsan

439 2621 584 2652 «Iohanne
600 2620 829 2662 Burgundione,
846 2621 909 2651 eive
925 2622 1064 2662 Pisano‚]
1083 2621 1171 2653 initio
1186 2633 1251 2652 mu·
1281 2646 1282 2663 4

441 2672 495 2708 til..
514 2672 617 2703 excisa
632 2671 747 2702 scilieet
762 2671 852 2702 litera
867 2672 986 2703 initiali.

486 2723 582 2768 rimip.
599 2727 617 2758 i.
635 2727 666 2757 in
682 2726 793 2765 verbis,
809 2730 828 2744 “
840 2745 882 2750 —-
897 2738 948 2757 cos
962 2731 1127 2768 pretereat.
1173 2727 1252 2757 Tum

462 2777 487 2808 si
503 2777 654 2818 quispiam
668 2777 821 2819 prestanti
839 2777 960 2819 ingenio
975 2778 1109 2810 musicus
1127 2778 1253 2819 [adven-

1379 261 1504 302 taverit]
1523 272 1585 292 non
1599 260 1709 291 minori
1724 259 1827 291 studio
1842 259 1923 290 idem
1938 259 1996 301 ipsi
2011 260 2169 291 theatrum

1379 316 1531 354 occupant
1543 313 1568 349 ;”
1591 315 1626 342 ut
1646 311 1677 341 in
1697 310 1835 342 versione
1858 310 2022 341 Francisco
2038 311 2169 342 Aretino

1379 363 1547 404 adscripta,
1564 362 1697 393 Bandin.
1713 362 1803 392 catal.
1820 366 1894 392 tom.
1906 361 1944 392 iv.
1961 362 2016 392 eol.
2028 371 2099 400 442.

1401 414 1505 444 Desin.
1526 414 1580 444 ult.
1604 418 1621 430 ‘⁴
1638 424 1675 444 ne
1698 413 1793 454 igitur
1816 412 1874 443 hoe
1899 412 2062 453 patiamur,
2079 416 2111 444 et
2130 423 2169 443 ne

1380 468 1539 506 premente
1558 475 1613 494 nos
1635 463 1766 495 avaritia
1787 463 1911 493 inferius
1927 463 2091 494 elemosina
2113 474 2168 494 nos

1380 516 1583 556 derelinquat,
1600 516 1679 546 leves
1702 526 1758 545 nos
1778 514 1923 545 faciamus
1940 520 1971 545 et
1984 515 2025 545 ad
2040 526 2170 556 superna

1379 566 1544 603 evolemus,
1560 570 1594 597 ut
1617 569 1649 597 et
1671 577 1726 607 per
1748 566 1898 596 malorum
1920 566 2123 597 mutationem
2138 570 2170 597 et

1380 619 1528 649 virtutum
1549 629 1643 659 opera
1672 617 1799 658 perfecti
1825 621 1932 648 eterna
1961 618 2042 648 bona
2067 629 2170 648 eonse-

1381 680 1518 710 quamur,
1545 669 1648 710 gratia
1677 672 1708 699 et
1733 668 1924 709 benignitate
1950 668 2075 699 Domini
2101 679 2169 699 nos-

1380 720 1421 751 tri
1433 721 1460 755 ;”
1476 724 1534 750 ete.

1402 769 1549 809 Sequitur
1564 769 1730 807 distichon,

1340 825 1357 837 ‘⁶
1370 819 1427 851 Vis
1443 820 1532 861 hujus
1548 819 1618 850 libri
1634 820 1791 850 dominum
1806 830 1988 861 cognoscere
2004 831 2119 857 verum,

1369 870 1454 901 Illius
1470 871 1535 901 haec
1551 871 1699 911 seriptum
1715 870 1829 912 pagina
1844 881 1954 901 nomen
1969 871 2072 902 habet.
2090 873 2108 885 ’⁹

1273 363 1275 378 ν

1273 449 1275 479 l

1273 497 1275 512 4

1274 537 1275 551 i

1273 601 1275 614 l

1273 621 1275 659 l

1274 689 1275 724 l

1274 774 1275 788 i

1274 798 1276 821 l

1274 841 1276 868 l

1696 969 1774 1003 LV.

1275 1019 1415 1065 leodex
1444 1031 1736 1071 membranaceus,
1763 1031 1798 1063 in
1825 1031 1917 1071 folio,
1942 1032 1974 1065 ff.
1995 1035 2074 1072 182,
2102 1044 2170 1067 sec.

1275 1104 1277 1130 ¹»
1321 1089 1402 1129 xiii„
1420 1089 1507 1122 binis
1531 1089 1700 1122 columnis
1725 1093 1906 1129 exaratus3
1932 1090 2013 1124 olim
2031 1091 2171 1125 Thomae

1322 1147 1456 1186 Bromi,
1475 1151 1594 1191 postea
1611 1146 1688 1180 coll.
1704 1146 1818 1186 Univ.,
1838 1159 1881 1181 ex
1900 1148 1989 1182 dono
2006 1147 2027 1182 J
2031 1149 2173 1183 ohannis

1276 1214 1277 1219 ¹
1322 1204 1496 1238 Bancroft.

1342 1264 1427 1295 Petri
1442 1264 1608 1295 Lombardi
1622 1264 1853 1295 Sententiarum
1864 1264 1933 1295 libri
1945 1269 2087 1307 quatuor,
2097 1266 2174 1308 glos-

1361 1315 1433 1346 sulis
1449 1315 1606 1357 perpetuis
1622 1315 1842 1357 marginalibus
1857 1316 2012 1348 illustrati.

1403 1367 1588 1408 Sequuntur,
1605 1378 1697 1397 mana
1711 1367 1846 1405 secunda,

1319 1428 1347 1448 a.
1364 1417 1484 1448 Tabula
1499 1429 1590 1459 super
1605 1418 1717 1448 librum
1734 1417 1971 1449 Sententiarum.
1995 1419 2045 1449 sol.
2059 1429 2128 1459 171.

1319 1469 1350 1499 b.
1367 1469 1504 1508 Quaestio
1524 1479 1561 1507 14
1576 1469 1745 1510 quodlibeti
1765 1479 1800 1509 15
1819 1469 1946 1500 Henrici
1966 1470 2004 1501 de
2025 1471 2174 1502 Gandavo

1383 1521 1421 1551 de
1436 1520 1644 1562 indulgentiis.
1668 1520 1718 1550 fol.
1735 1521 1802 1559 178.

1426 1572 1523 1612 Incip.
1541 1576 1558 1588 ‘⁴
1575 1571 1664 1602 Circa
1678 1571 1885 1613 indulgentias
1896 1573 2065 1614 arguitur.”

1278 1641 1279 1648 κ
1320 1635 1345 1654 c.
1362 1623 1467 1653 Arbor
1489 1622 1777 1663 consanguinitatiS,
1797 1634 1865 1653 eum
1887 1623 2099 1665 explicatione.
2123 1624 2174 1655 sol.

1387 1684 1443 1715 179
1460 1675 1489 1704 b.

1427 1725 1666 1756 Praemittuntur
1692 1725 1788 1756 codici
1814 1725 1953 1766 glossulae
1985 1725 2016 1755 in
2049 1725 2173 1757 distine-

1406 1775 1503 1807 tiones
1530 1776 1650 1812 varias3
1673 1779 1704 1806 ct
1719 1776 1759 1806 ad
1775 1776 1825 1806 fol.
1838 1786 1856 1817 3
1871 1776 1901 1813 b,
1919 1782 1925 1793 ⁵
1938 1776 2091 1817 Expensae
2106 1787 2174 1818 pro-

1405 1827 1555 1857 curatoris
1573 1826 1645 1857 cleri
1661 1826 1692 1856 in
1707 1826 1859 1857 decanatu
1875 1826 1912 1856 do
1928 1826 2142 1868 Basyngstoke
2153 1829 2174 1862 ;’

1405 1878 1494 1919 incip.
1513 1883 1530 1895 ‘²
1544 1877 1682 1908 Ecclesia
1697 1877 1734 1907 de
1751 1877 1973 1918 Basyngstoke,
1987 1878 2040 1919 iiij.
2051 1890 2073 1908 s.
2091 1879 2131 1909 xi.
2142 1879 2171 1909 d.

1407 1929 1532 1960 Vicaria
1547 1929 1584 1959 de
1601 1928 1826 1970 Basyngstoke,
1840 1928 1916 1969 xxij.
1927 1929 1955 1958 d.

1687 2025 1785 2060 LVI.

1280 2077 1281 2103 ἢ
1302 2089 1598 2127 Membranaceus,
1629 2089 1663 2121 in
1690 2087 1783 2127 folio,
1807 2087 1840 2121 ff.
1856 2087 1937 2128 264,
1961 2100 2029 2123 sec.
2043 2101 2099 2123 xv.
2125 2090 2176 2123 in—

1280 2167 1282 2194 N›
1326 2147 1457 2186 euntis3
1485 2146 1567 2179 olim
1585 2146 1763 2190 cujusdam
1782 2157 1801 2179 e
1819 2146 1949 2180 familia
1974 2148 2017 2181 de
2043 2147 2176 2193 Hamp-

1280 2197 1282 2212 ³
1326 2209 1417 2243 tone,
1447 2209 1567 2248 postea
1592 2203 1668 2237 coll.
1700 2203 1805 2237 Univ.
1837 2216 1855 2237 e
1886 2205 1975 2239 dono
2006 2205 2175 2240 Samuelis

1280 2290 1282 2309 3
1327 2261 1464 2302 Clerke‚
1483 2262 1560 2295 coll.
1574 2261 1676 2295 Univ.
1696 2263 1946 2303 commensalis,
1959 2263 2005 2297 A.
2018 2263 2174 2299 D.1641.

1346 2323 1372 2352 1.
1391 2322 1624 2358 Kalendarium‚
1643 2333 1711 2352 cum
1727 2323 1935 2354 monostichis.
1958 2324 2008 2354 fol.
2024 2325 2071 2355 L*

1452 2373 1587 2403 Monost.
1604 2372 1623 2403 i.
1640 2373 1730 2414 incip.
1748 2378 1765 2390 ⁴⁵
1779 2374 1885 2404 Prima
1900 2375 1975 2412 dies,
1991 2376 2099 2406 nonas*

1451 2424 1501 2454 Ad
1518 2423 1599 2454 diem
1613 2424 1672 2454 xiv.
1685 2424 1763 2455 Maii
1779 2429 1917 2463 notatur,
1934 2430 1942 2443 ‘
1955 2426 2107 2457 Nativitas
2123 2426 2175 2456 Ri-

1429 2474 1535 2504 chardi
1559 2474 1740 2515 Hamptone
1760 2486 1841 2506 anno
1863 2477 2067 2518 m.cccc.xxij.⁷
2084 2481 2115 2508 et
2135 2477 2175 2508 ad

1428 2525 1512 2555 xxiii.
1545 2525 1630 2566 Sept.
1661 2530 1668 2543 ‘
1692 2526 1795 2557 obitus
1827 2528 1975 2558 Katerine
2005 2528 2175 2568 Hampton,

1428 2576 1615 2617 m.cccc.xiij.
1627 2578 1647 2612 ;'
1672 2577 1710 2607 (le
1726 2589 1787 2618 qua
1804 2578 1835 2608 in
1851 2578 1938 2609 initio
1954 2578 2076 2615 codicis,
2093 2583 2100 2596 ‘
2115 2579 2175 2609 Md.

1429 2628 1466 2658 (le
1490 2627 1641 2658 Katerine
1664 2639 1715 2659 ma
1739 2629 1866 2666 ffemme,
1884 2640 1921 2670 qe
1944 2629 2025 2659 Dieu
2047 2629 2175 2666 lassoile,

1429 2689 1466 2719 qe
1489 2679 1618 2709 morroit
1634 2679 1661 2709 le
1678 2679 1761 2719 xxiij.
1775 2680 1847 2720 jour
1867 2680 1904 2710 de
1925 2679 2104 2720 Septembre
2126 2679 2177 2710 lan

1429 2729 1470 2759 du
1489 2740 1544 2770 roy
1562 2729 1670 2771 Honry
1686 2730 1774 2771 quint
1790 2731 1897 2771 depuis
1911 2730 1939 2760 le
1954 2733 2101 2771 conquest
2116 2729 2177 2771 pri-

1428 2790 1512 2812 mere
1527 2786 1558 2811 et
1572 2792 1654 2812 anno
1670 2781 1796 2812 Domini
1811 2781 2010 2823 m.ecec.xiij.¹
