2254 3117
711 137 947 172 COLLEGII
974 137 1286 173 ORIELENSIS.
1906 161 1914 180 1

490 236 599 272 XIX.

95 300 214 334 Codex
246 301 540 339 membranaceus,
565 301 598 333 in
631 299 724 338 folio,
751 298 784 332 ff.
805 299 886 338 326,
914 310 981 332 sec.

118 358 187 390 xiv.
207 358 370 397 ineuntis,
389 358 477 391 binis
496 357 666 391 columnis
684 357 773 390 bene
800 362 982 397 exaratus3
1011 403 1012 406 Ἴ

120 415 276 449 mutilus.

137 475 238 505 Biblia
262 475 359 506 Sacra
381 475 546 511 Universa,
567 486 604 505 ex
630 474 765 504 editione
786 473 925 515 vulgata,
950 474 981 505 S.

159 526 342 568 Hieronymi
369 526 504 568 prologis
528 526 700 563 instructa;
728 526 858 556 annexis
885 527 981 556 nomi·
1011 526 1012 537 ³

157 589 231 608 num
248 578 478 608 Hebraicorum
495 577 816 618 interpretationibus.

201 629 314 660 Excisa
329 632 401 659 sunt
417 628 520 659 omnia
537 640 556 659 a
572 628 673 659 verbis
688 628 741 658 lib,
756 628 778 658 J
781 628 832 659 ob.
851 640 916 670 cap.
932 637 978 670 15,

190 688 207 697 *⁸
220 681 271 721 qui
287 680 367 711 bibit
389 680 476 721 quasi
492 690 590 720 aquas
605 679 814 721 iniquitatem,
831 681 982 710 osteii''-

176 732 217 762 ad
234 749 273 754 —
287 736 305 748 “
318 735 439 772 egestas
455 741 574 767 eorum,
591 741 668 771 opus
687 731 767 771 justi
785 731 826 762 ad
843 731 980 768 vita1n;”
1010 725 1011 732 ἵ

179 783 326 813 Proverb.
344 793 409 823 cap.
427 793 456 812 x.
474 793 551 812 vers.
572 791 620 822 15.

200 834 236 863 ln
252 833 344 870 calce,
363 837 380 850 ‘⁴
394 833 531 874 Explicit
550 833 828 874 interpretaciones
846 833 980 865 Hebrai—

176 896 282 916 corum
302 884 459 915 nominum
475 896 531 926 per
546 885 686 915 ordinem
701 885 861 927 alphabeti
878 886 979 927 dispo-
1009 881 1010 913 i

176 937 306 967 sitorum
321 947 341 966 a
356 936 498 977 Remigio
515 936 669 978 digeste.''

496 1031 582 1065 XX.

91 1092 391 1134 Membranaceus,
406 1094 441 1127 in
456 1093 550 1133 folio,
570 1093 605 1127 ff.
621 1096 703 1134 309,
724 1106 790 1128 sec.
803 1106 870 1134 xv.,
890 1095 977 1129 binis

114 1151 283 1186 columnis
301 1152 411 1186 nitide
429 1157 611 1192 exa1·atus;
638 1164 682 1185 ex
712 1153 802 1186 dono
831 1153 976 1187 Roberti

116 1209 276 1250 Grafton,
295 1210 388 1244 socii.

145 1270 275 1301 Roberti
295 1271 453 1307 Grostete,
474 1270 608 1312 episcopi
634 1270 868 1308 Lincolniensis,
883 1283 977 1313 opera

165 1322 270 1358 varia3
296 1321 424 1358 scilieet,

112 1378 140 1407 1.
158 1376 323 1407 Dictorum
345 1375 424 1407 liber
446 1376 484 1406 de
509 1376 605 1407 Sacra
630 1376 815 1418 Theologia3
842 1378 873 1408 in
895 1378 977 1419 eapi-

177 1427 243 1458 tula
258 1427 357 1458 cxlvii.
374 1427 605 1458 distinctorum.
628 1427 678 1458 fol.
696 1438 720 1458 Ι,

217 1479 316 1521 Incip.
334 1483 351 1497 “
365 1479 464 1510 Amor
480 1479 691 1521 multipliciter
707 1479 859 1510 videtur.”

218 1531 256 1561 In
280 1531 372 1568 ealce,
401 1535 419 1547 ⁴⁴
441 1530 579 1572 Explicit
606 1531 689 1562 dicta
717 1530 977 1569 Linc0111iensis;”
1006 1532 1007 1562 ζ

195 1582 307 1613 deinde
322 1582 431 1613 tabula
445 1582 546 1613 brevis
562 1582 779 1624 capitulorum,
797 1588 828 1614 et
845 1583 976 1624 denique

196 1633 401 1664 materiarum
417 1633 623 1674 alphabetica.

111 1687 139 1715 9.
158 1685 205 1715 De
220 1684 326 1726 lingua
349 1684 419 1715 libri
435 1696 508 1719 sex2
533 1685 641 1715 tabula
656 1685 846 1726 posthabita.
871 1686 974 1724 f.140.

218 1735 314 1777 Incip.
333 1740 352 1753 ‘⁶
367 1736 487 1777 Lingua
504 1736 646 1777 congruit
662 1736 693 1766 in
708 1737 797 1767 duo.¹5

217 1787 255 1817 In
278 1787 372 1823 calce,
397 1792 415 1804 “
432 1787 570 1828 Explicit
590 1791 746 1818 tractatus
770 1788 808 1818 de
832 1788 976 1829 linguas*

196 1837 321 1868 Tabulae
349 1838 553 1879 praemittitur
575 1839 719 1879 praefatio
744 1839 856 1876 brevis,
882 1840 972 1881 incip.
1005 1850 1006 1854 ¹

196 1893 213 1906 ‘⁶
227 1889 409 1920 Notandum
426 1900 482 1930 pro
498 1889 657 1920 intellectu
674 1890 792 1921 istius.”

112 1942 140 1971 3.
158 1941 206 1971 De
222 1941 310 1972 oculo
326 1941 435 1972 morali
451 1941 538 1971 liber.
561 1941 611 1971 fol.
630 1949 699 1980 271.

218 1991 315 2033 Incip.
329 1996 347 2009 ‘⁶
360 1991 394 2022 Si
410 1992 575 2033 diligenter
590 1992 806 2023 voluerimus.’“

217 2043 325 2075 Desin.
343 2048 361 2061 “
374 2047 405 2074 et
421 2043 481 2074 illic
497 2043 676 2085 eriguntur3
700 2044 740 2074 ad
756 2044 830 2075 illud
846 2055 975 2086 regnum
1005 2035 1006 2039 Ἰ

196 2106 251 2126 nos
266 2095 417 2136 perducat
433 2094 550 2126 Jhesus
566 2094 718 2132 Christus,
738 2095 868 2126 Ainen.”

217 2145 255 2176 In
269 2146 364 2183 calce,
382 2151 399 2163 ‘⁴
413 2146 551 2187 Explicit
572 2150 728 2177 tractatus
754 2146 975 2178 Lincolniensis
1004 2129 1006 2185 ,l

195 2198 233 2228 de
248 2197 368 2229 oculo.''

481 2274 591 2308 XXI.

92 2334 390 2373 Membramceus,
417 2336 452 2368 in
480 2335 563 2369 folio
589 2337 722 2380 majori,
746 2336 780 2370 ff.
802 2336 882 2377 136,
906 2350 974 2372 sec.

115 2393 196 2431 xiv.,
216 2392 303 2426 binis
321 2392 491 2427 columnis
509 2399 680 2428 exaratus.

135 2453 161 2482 1.
178 2452 302 2483 Alberti
321 2453 430 2494 Magni
444 2453 680 2496 Ratisponensis
696 2455 733 2486 de
749 2455 827 2486 eoelo
841 2460 873 2486 et
889 2467 974 2487 mun-

196 2504 236 2534 do
251 2503 321 2534 libri
337 2508 481 2544 quatuor.
504 2505 556 2535 fol.
575 2515 601 2536 2.

239 2555 301 2585 Tit.
321 2559 338 2571 ‘²
355 2555 470 2596 Incipit
486 2555 565 2586 liber
586 2557 624 2587 de
647 2557 712 2588 celo
733 2561 764 2588 et
785 2559 899 2589 mundo
920 2560 972 2590 do·
1001 2565 1004 2603 J

216 2607 289 2637 mini
312 2607 447 2643 Alberti,
471 2608 627 2649 quondam
654 2609 887 2650 Ratisponensis
911 2612 972 2652 epi-

218 2658 312 2698 scopi,
330 2659 368 2689 de
383 2658 490 2689 ordine
505 2658 637 2690 fratrum
654 2660 919 2692 predicatorum.”

240 2708 356 2740 Exstat
380 2709 519 2750 impress.
541 2710 624 2742 inter
647 2722 742 2753 opera
763 2712 811 2742 ed.
833 2712 971 2756 Jamnly,

218 2764 291 2791 tom.
310 2760 340 2791 ii.
358 2764 438 2802 part.
454 2760 484 2791 ii.
501 2772 530 2802 p.
549 2772 574 2792 1.

1901 148 1920 159 ‚-

1011 252 1013 280 3
1056 237 1083 266 2.
1102 236 1250 277 Ejusdem
1267 237 1390 269 Alborti
1407 239 1445 268 (le
1457 239 1656 280 generatione
1672 243 1704 270 et
1720 241 1917 281 corruptione

1011 286 1013 316 Ι
1119 287 1187 318 libri
1204 289 1273 318 duo.
1298 289 1349 319 sol.
1368 300 1374 318 1
1389 300 1434 320 12.

1161 338 1222 369 Tit.
1241 339 1387 381 “Incipit
1409 341 1486 371 liber
1510 342 1548 372 (le
1571 342 1770 383 generatione
1795 347 1826 373 et
1851 354 1917 373 cor-

1139 390 1294 430 ruptione,
1310 391 1424 422 domini
1442 392 1565 423 Alberti
1577 395 1608 429 ;”
1632 398 1690 424 etc.

1162 440 1278 471 Exstat
1296 441 1368 472 ibid.
1386 446 1457 473 tom.
1473 443 1501 474 ii.
1518 448 1599 485 part.
1617 445 1656 475 iii.
1673 456 1703 486 p.
1725 455 1746 475 ι.

1161 490 1199 520 In
1222 491 1315 529 calce,
1332 498 1349 509 ‘⁵
1366 493 1502 534 Explicit
1525 495 1562 525 dc
1585 496 1785 537 generatione
1809 507 1915 525 sccun-

1011 554 1012 571 l
1139 542 1212 572 dum
1229 543 1424 575 Albertum.''

1160 592 1307 634 Sequitur
1337 595 1444 626 tabula
1473 597 1677 638 capitulorum
1705 598 1852 628 librorum
1878 599 1915 629 (le

1139 644 1216 675 coelo
1233 648 1264 675 et
1279 646 1404 676 mundo.

1411 727 1538 763 XXII.

1009 826 1010 833 ἵ
1032 787 1153 821 Codex
1172 788 1466 827 membranaceus,
1485 791 1517 823 in
1540 790 1620 823 folio
1639 793 1767 836 majori,
1786 793 1818 826 ff.
1834 794 1912 828 216.

1009 836 1010 877 1
1055 857 1122 879 sec.
1141 846 1222 885 xiii„
1241 846 1330 880 binis
1353 847 1521 882 columnis
1540 849 1626 882 bone
1645 856 1824 888 exaratus:
1854 853 1912 885 sed

1054 903 1219 944 mutilus3
1246 908 1265 922 ‘⁶
1280 906 1384 950 precii
1404 906 1466 950 iiij.
1484 907 1636 940 inarcis.''

1074 965 1101 995 1.
1127 964 1300 995 Justiniani
1330 964 1534 1006 Imperatoris
1572 966 1807 999 Institutionum
1844 970 1912 999 libri

1137 1020 1281 1057 quatuor,
1299 1027 1367 1047 cum
1383 1017 1501 1058 glossis.
1526 1017 1576 1047 fol.
1594 1029 1623 1057 4.

1179 1066 1242 1097 Tit.
1269 1067 1342 1097 “In
1368 1067 1491 1098 nomine
1518 1067 1654 1105 Domini,
1679 1073 1737 1099 etc.
1788 1069 1912 1100 Domini

1156 1118 1341 1155 Justiniani,
1359 1119 1562 1161 Imperatoris
1580 1119 1912 1161 Augusti,Institutio-

1156 1180 1229 1200 num
1247 1181 1300 1200 seu
1316 1170 1538 1201 elementorum
1555 1170 1632 1201 liber
1648 1171 1764 1212 primus
1779 1172 1913 1212 incipit*

1180 1221 1275 1262 Incip.
1301 1221 1393 1263 gloss.
1424 1226 1443 1239 ‘⁸
1465 1222 1515 1252 Ex
1545 1222 1603 1252 hoc
1633 1223 1803 1253 notandum
1833 1224 1913 1263 quod

1156 1272 1351 1303 Christianus
1368 1273 1458 1304 fuit.”

1071 1324 1099 1353 2.
1118 1322 1267 1364 Ejusdem
1293 1324 1466 1355 Justiniani
1490 1325 1687 1355 Novellarum
1712 1325 1913 1356 Constitutio-

1135 1385 1209 1405 num
1224 1375 1295 1406 libri
1311 1387 1429 1412 novem,
1454 1387 1522 1407 cum
1538 1377 1665 1418 glossis;
1691 1376 1781 1407 litera
1804 1376 1912 1406 initiali

1134 1425 1251 1457 affabre
1267 1426 1362 1468 picta.
1386 1426 1436 1457 fol.
1449 1437 1501 1466 47.

1178 1477 1274 1519 Incip.
1290 1478 1381 1519 gloss.
1400 1483 1418 1495 ‘⁸
1430 1478 1629 1509 Justinianus
1648 1489 1725 1520 opus
1746 1489 1834 1508 suum
1850 1478 1912 1508 lau-

1156 1530 1257 1560 dabile
1274 1530 1343 1561 Deo
1359 1531 1534 1561 attribuas*

1177 1581 1273 1612 Defie.
1291 1581 1342 1612 lib.
1359 1581 1400 1612 ix.
1417 1582 1448 1612 in
1464 1581 1573 1619 verbis,
1593 1588 1610 1599 ‘⁸
1623 1587 1678 1613 aut
1698 1582 1790 1613 aliam
1806 1593 1911 1623 quam-

1155 1633 1232 1664 libet
1245 1633 1400 1674 gratimff'

1177 1684 1334 1725 Sequitur,
1351 1689 1370 1702 “
1385 1685 1563 1726 Capitulum
1580 1685 1692 1716 codicis
1716 1685 1911 1715 Novellarum

1155 1736 1271 1767 domini
1291 1736 1473 1767 Justiniani.
1520 1736 1553 1767 Si
1576 1737 1632 1767 hec
1656 1748 1704 1767 res
1727 1736 1830 1777 legata
1854 1736 1910 1766 sol-

1155 1798 1225 1826 vere
1241 1787 1403 1818 noluerit.”

1176 1837 1274 1879 Incip.
1290 1842 1307 1855 “
1320 1838 1576 1870 Institutionibus
1591 1839 1754 1869 didicimus
1776 1839 1909 1880 parenti-

1154 1889 1211 1919 bus
1228 1889 1352 1930 quidem
1368 1894 1400 1920 et
1416 1890 1550 1921 liberis.’⁷

1069 1940 1098 1970 8.
1115 1939 1238 1971 Codicis
1252 1940 1425 1972 Justiniani
1448 1941 1517 1972 libri
1538 1946 1602 1973 tres
1621 1942 1729 1978 ultimi,
1747 1952 1814 1972 cum
1830 1942 1908 1982 glos-

1134 1991 1184 2022 sis.
1207 1991 1260 2022 fol.
1277 2000 1346 2033 173.

1176 2042 1272 2084 Incip.
1285 2043 1377 2085 gloss.
1393 2048 1410 2060 “
1424 2043 1600 2080 Probatus3
1624 2044 1676 2074 sed
1693 2055 1753 2074 non
1769 2044 1908 2074 dieitur?

1177 2094 1214 2125 In
1229 2095 1321 2133 calce,
1340 2100 1360 2114 “
1377 2095 1499 2127 Codicis
1520 2096 1634 2126 domini
1655 2095 1823 2126 Justiniani
1848 2095 1907 2125 Im-

1155 2146 1308 2187 peratoris
1324 2146 1402 2177 liber
1417 2147 1617 2177 duodecimus
1633 2147 1759 2187 explicit
1770 2148 1798 2183 ;⁷'
1822 2151 1853 2176 et
1876 2146 1905 2175 in

1153 2208 1250 2239 marg.
1267 2197 1356 2228 infer.
1372 2209 1478 2229 versus
1492 2198 1614 2235 leonini,
1639 2198 1727 2237 incip.
1747 2204 1763 2214 ‘⁸
1780 2197 1905 2227 Talibus

1153 2253 1281 2279 ornatus
1297 2253 1344 2280 est
1360 2249 1458 2286 miles,
1471 2250 1542 2291 jure
1559 2249 1737 2291 p1·0batus.''

1396 2339 1542 2373 XXIII.

1026 2398 1328 2441 Membranaceus,
1346 2402 1381 2435 in
1400 2402 1492 2441 folio,
1512 2402 1545 2435 ff.
1562 2404 1641 2440 224,
1657 2413 1722 2435 sec.
1737 2401 1804 2434 xiv.

1067 2459 1219 2490 Johannis
1231 2460 1269 2491 de
1283 2461 1475 2497 Esehenden,
1490 2461 1556 2491 coll.
1573 2461 1706 2491 Mel-ton.
1721 2460 1794 2490 socii
1816 2460 1901 2490 Sum-

1088 2521 1138 2542 ma
1150 2511 1305 2552 judicialis
1320 2512 1359 2543 de
1374 2513 1584 2543 accidentibus
1607 2511 1711 2541 mundi
1736 2512 1765 2541 in
1787 2516 1901 2541 tracta-

1087 2566 1139 2592 tus
1154 2562 1217 2593 sive
1232 2563 1326 2594 libros
1342 2564 1403 2594 duo
1419 2563 1577 2599 distincta,
1593 2574 1660 2592 cum
1678 2563 1812 2603 prologo.

1129 2613 1191 2644 Tit.
1209 2618 1227 2630 ‘⁴
1242 2613 1354 2656 Incipit
1371 2625 1490 2645 summa
1504 2613 1659 2655 judicialis
1679 2614 1717 2643 de
1737 2614 1901 2644 accidenti-

1108 2664 1165 2694 bus
1181 2665 1296 2702 mundi,
1314 2676 1405 2706 quam
1428 2664 1605 2705 compilavit
1621 2664 1768 2705 magister
1783 2664 1901 2694 Jolian<

1107 2726 1161 2746 nes
1177 2716 1215 2747 de
1230 2716 1463 2747 Eschenslene.”

1130 2766 1226 2809 Incip.
1244 2768 1321 2809 prol.
1340 2772 1357 2785 “
1374 2766 1515 2798 Intcncio
1537 2777 1605 2797 mea
1626 2766 1655 2797 in
1678 2766 1735 2797 hoc
1756 2767 1833 2797 libro
1854 2772 1900 2797 est
