2254 3117
365 179 386 209 4
915 170 1213 206 CATALOGUS
1239 171 1472 227 CODICUM
1502 170 1610 204 MSS.

491 284 586 314 usque
606 273 645 302 ad
667 282 734 312 cap.
756 269 808 300 xii.
833 269 981 300 Evulsum
1001 273 1049 300 est
1065 281 1186 310 quoque
1201 270 1242 300 ab

490 324 578 354 initio
594 323 690 353 Amos
707 321 813 351 folium
828 320 963 350 unicum.

512 375 550 404 In
580 373 661 404 calco
693 372 870 407 Malachiae,
910 378 928 386 ‘¹
947 371 1083 412 Explicit
1118 371 1241 412 postilla

489 436 580 466 super
602 423 789 454 Malachiam
810 423 995 464 prophetam
1011 422 1096 452 edita
1111 433 1130 452 a
1145 422 1240 452 fratrc

489 475 647 516 Nycholao
660 475 698 504 (le
716 474 798 514 Lyra
813 485 899 504 sacre
915 473 1068 514 theologie
1084 473 1239 504 doctore.”

404 542 432 570 2.
450 539 503 570 SS.
518 538 674 573 Matthaei,
691 537 790 568 Marci
807 542 839 568 ct
853 537 944 568 Lucae
962 537 1142 578 Evangelia,
1159 537 1237 578 ejus·

465 591 534 621 dem
550 590 638 631 Lyra·
651 590 753 631 glossa
766 589 1089 630 perpetuaillustrata.
1106 588 1155 618 fol.
1172 598 1238 629 105.

509 642 547 672 In
574 641 656 672 calco
685 641 742 671 vol.
774 647 790 656 ‘¹
806 640 943 681 Explicit
972 640 1163 681 evangelium
1194 651 1238 670 se>

485 693 619 723 cundum
637 693 753 723 Lucam
773 692 858 723 edita
873 703 892 723 a
908 693 1005 723 fratre
1021 691 1185 732 Nycholao
1200 691 1238 720 (le

486 744 577 785 Lyra.
626 744 740 785 Incipit
756 743 882 774 collacio
898 754 990 784 super
1004 743 1214 773 Jollannem.”

743 868 851 901 XIII.

358 931 476 965 Codex
508 932 801 967 membranaceus,
833 932 867 964 in
900 931 981 964 folio
1012 931 1175 969 maximo,
1204 930 1236 963 ff.

382 992 463 1026 274,
482 989 571 1022 binis
590 989 760 1023 columnis
778 1001 881 1022 manu
901 989 1021 1022 cadem
1042 993 1212 1021 exaratus.

399 1061 570 1092 Ribliorum
597 1062 762 1092 Sacrorum
793 1061 933 1091 volumcn
961 1065 1083 1091 sextum
1109 1065 1141 1091 ct
1167 1060 1237 1091 ulti-

419 1124 512 1147 mum,
539 1113 615 1143 Novi
641 1113 834 1143 Testamenti
858 1112 953 1142 libros
976 1123 1082 1142 omncs
1105 1111 1238 1152 reliquos

419 1163 638 1204 complectens,
650 1164 756 1194 ordino
770 1164 924 1204 sequenti,
941 1163 1132 1194 S.Johannis
1148 1173 1237 1193 evan-

418 1214 541 1253 gelium,
565 1214 713 1254 epistolas
736 1213 970 1254 quatuordocim
994 1213 1151 1247 Paulinas,
1173 1212 1235 1253 cpi-

419 1264 516 1295 stolas
529 1265 710 1299 Canonicas,
725 1264 948 1305 Apostolorum
966 1265 1077 1300 Actus,
1093 1268 1124 1294 ct
1141 1264 1171 1293 S.
1183 1263 1237 1293 Jo-

419 1315 529 1346 hannis
546 1316 657 1346 librum
675 1315 917 1356 Apocalypscos.

462 1371 559 1401 Deest
604 1371 635 1400 S.
658 1371 732 1401 Joh.

441 1421 595 1452 Abscissae
625 1427 697 1453 sunt
724 1433 846 1462 quoquc
876 1421 925 1451 hic
956 1420 1015 1450 illic
1042 1432 1061 1451 a
1087 1420 1238 1450 nebulone

440 1473 573 1513 quodam
586 1473 684 1503 literar
696 1473 806 1513 aliquw
820 1472 953 1503 initiales
967 1472 1120 1502 coloribus
1136 1472 1237 1513 pictae.

780 1370 899 1411 Evang.
946 1369 1050 1399 folium
1096 1369 1236 1409 primum.

354 1637 575 1674 Chartae-eus,
597 1638 629 1670 in
651 1637 732 1670 folio
751 1638 886 1676 mium-i,
907 1637 940 1670 ff.
963 1640 1043 1677 192,
1063 1649 1129 1671 soc.
1150 1649 1203 1670 xv.

398 1707 425 1736 1,
445 1705 566 1735 Nicolai
595 1706 633 1735 dc
666 1705 747 1746 Lyra
774 1716 867 1747 super
894 1705 1117 1746 prophetarum
1143 1705 1237 1735 libros

459 1755 582 1797 postilla
616 1757 656 1787 ab
691 1767 844 1797 anonymo
880 1757 1013 1797 quodam
1044 1756 1235 1787 abbreviata.

460 1807 510 1837 fol.
530 1817 554 1836 l.

504 1862 714 1892 Praemittitm·
736 1862 847 1892 notitia
868 1873 905 1891 ex
928 1861 1154 1902 &Hieronymi
1174 1862 1236 1903 cpi-

481 1913 563 1943 stola
593 1913 632 1943 ad
671 1912 915 1949 Pammachium,
953 1912 1043 1953 incip.
1084 1918 1101 1927 “
1122 1913 1236 1953 Magm¹

481 1964 672 1994 difficultatis
714 1968 760 1993 cst
803 1963 937 1993 divinam
980 1963 1165 2004 scripturam
1206 1967 1237 1994 ct

480 2014 614 2044 maxime
631 2013 801 2054 prophetas
817 2013 1017 2054 intelligeres⁵

505 2065 600 2105 Incip.
640 2063 741 2105 postil.
782 2064 977 2093 “Jerusalem
1019 2065 1237 2106 lic-ansafilistam

481 2116 563 2152 daho,
591 2117 638 2146 Ys.

481 2166 550 2207 logo
567 2176 658 2207 super
674 2165 754 2195 hunc
770 2165 892 2201 librum,
910 2166 1025 2196 Ysaias
1039 2178 1098 2196 non
1113 2171 1235 2197 tantum

483 2218 637 2259 propheta
653 2217 800 2247 dicendus
816 2222 863 2247 est
876 2217 891 2227 '³

503 2269 608 2299 Dcsin.
622 2268 723 2309 postil.
738 2268 767 2297 in
782 2268 914 2299 Baruch.
931 2269 981 2309 qui
1000 2269 1029 2298 in
1046 2271 1150 2301 codice
1165 2276 1236 2311 post

688 2116 785 2145 Prout
813 2115 887 2145 [licit
913 2115 1086 2146 Ieronimus
1112 2117 1141 2146 in
1165 2128 1234 2157 pro-

484 2320 672 2350 Malachiam
697 2319 850 2354 scribitur,
878 2319 987 2360 “Zonfflt
1010 2326 1049 2350 es!
1073 2321 1109 2351 ab
1134 2334 1235 2362 omn-0-

481 2371 554 2401 brc'l's
570 2384 583 2406 ,·

482 2423 582 2453 minus
607 2422 736 2452 (licendo
763 2422 917 2463 significat
943 2422 1053 2463 majus,
1082 2423 1154 2464 quia
1181 2424 1235 2454 tali

480 2475 572 2504 homo
588 2474 684 2504 eciam
707 2474 766 2503 erit
787 2473 975 2503 honorabilis
995 2484 1097 2503 coram
1120 2474 1187 2503 Deo
1204 2479 1235 2505 et

620 2382 677 2411 quc
709 2376 780 2401 sunt
812 2371 971 2401 inscrenda-
1000 2372 1172 2411 ydolatriis,
1204 2378 1235 2403 ct

480 2525 626 2566 angelisf*

503 2577 539 2607 In
561 2576 652 2611 calco,
677 2575 846 2616 “Explicit
870 2574 993 2616 postilla
1014 2586 1106 2616 super
1123 2576 1232 2613 Barim,

479 2628 529 2668 qui
553 2628 584 2658 in
606 2627 759 2668 aliquibus
783 2627 868 2656 libris
888 2626 1033 2656 scribitur
1056 2626 1233 2658 immediato

479 2684 550 2720 post
566 2679 740 2713 Ieremiam,
759 2678 789 2708 in
805 2677 959 2718 aliquibus
976 2677 1065 2707 non.”

394 2745 423 2772 2.
441 2743 589 2783 Ejusdem
612 2742 736 2783 postilla
759 2752 851 2782 super
868 2741 1117 2771 Maccabaeorum
1141 2741 1234 2772 libros

457 2794 528 2830 duo,
547 2794 652 2824 itidem
668 2793 858 2823 abbreviata.
883 2794 935 2823 fol.
950 2801 1006 2832 175
1021 2792 1049 2821 b.

1444 268 1542 309 Incip.
1561 274 1578 283 “
1590 268 1744 308 Etfacms
1759 273 1797 298 est
1810 280 1824 303 ,·
1842 272 1912 308 post
1928 267 2089 299 historiam
2104 269 2171 300 libri

1421 320 1535 350 Judith
1556 324 1707 360 quantum
1731 319 1770 349 ad
1794 318 1970 359 hystorias;
1991 319 2068 350 etc.”
2091 325 2125 351 ut
2140 320 2170 351 in

1420 372 1510 402 editt.
1527 371 1665 412 impl-ess.

1442 423 1547 453 Dcsin.
1581 428 1599 436 “
1617 426 1652 452 ut
1685 420 1858 461 legentibus
1887 421 1928 451 sit
1954 420 2047 450 animi
2075 421 2169 452 delec-

1420 473 1528 505 tatio.”

1443 525 1476 554 In
1501 524 1592 560 calce.
1622 529 1639 538 '¹
1654 522 1791 563 Explicit
1814 521 1938 563 postilla
1961 533 2053 563 super
2077 522 2169 554 libros

1421 575 1679 611 Machabeorum,
1695 575 1776 604 ctc.'’

1293 733 1412 767 Codex
1444 733 1655 771 chartaceus,
1688 733 1721 765 in
1754 732 1837 765 folio
1866 732 2001 770 minori,
2029 731 2063 765 ff.
2091 735 2168 771 282,

1317 802 1384 824 sec.
1404 802 1460 824 xv,

1336 856 1362 885 1.
1381 855 1466 885 Ordo
1490 854 1609 895 legendi
1634 854 1782 895 epistolas
1799 858 1830 884 et
1846 853 2004 895 evangelia
2020 854 2051 884 in
2067 854 2168 885 Domi-

1398 906 1473 936 nicis
1490 910 1522 936 ct
1538 905 1622 935 feriis
1638 917 1693 946 pcr
1708 905 1780 935 anni
1797 916 1930 935 cursum.
1958 905 2009 935 fol.
2031 916 2057 935 1.

1334 972 1362 1000 Ω.
1379 970 1507 1000 (totatio
1531 969 1697 1000 lectionum
1717 970 1755 1000 ad
1778 969 1925 1000 materias
1944 970 1982 1000 de
1998 970 2167 1011 temporali,

1397 1025 1541 1051 extracta
1557 1022 1595 1051 dc
1612 1021 1722 1051 Biblia.
1747 1021 1797 1051 fol.
1808 1032 1838 1059 4.

1334 1087 1363 1115 3.
1384 1084 1500 1115 Nicolai
1536 1084 1574 1114 dc
1610 1084 1691 1124 Lyra
1728 1084 1852 1124 postilla
1889 1095 1981 1125 super
2017 1084 2168 1125 evangelia

1399 1140 1533 1176 quatuor
1548 1135 1739 1165 abbreviata.
1764 1135 1814 1165 sol.
1828 1145 1857 1175 5.

1442 1190 1539 1231 Incip.
1560 1196 1577 1204 ‘¹
1591 1190 1831 1229 Qaatzmrfizcc'es
1849 1190 1924 1224 nuh
1941 1189 2051 1220 Ezech.
2070 1189 2088 1220 i.
2119 1190 2167 1220 Se-

1419 1243 1553 1273 cundum
1572 1241 1759 1283 Grogorium
1781 1252 1873 1282 super
1890 1241 2057 1272 Ezechielis
2073 1241 2167 1282 prima

1420 1294 1537 1334 pa1·tc.”

1443 1344 1549 1374 Desin.
1569 1350 1585 1358 '‘
1603 1345 1651 1374 Ad
1669 1344 1940 1385 contemplandum
1957 1355 2026 1374 cum
2041 1344 2116 1375 facie
2130 1345 2167 1375 ad

1419 1396 1556 1427 faoimnff'

1439 1448 1475 1478 In
1507 1448 1600 1484 calce,
1633 1454 1650 1462 “
1667 1447 1802 1488 Explicit
1840 1447 1964 1488 postilla
1997 1458 2088 1488 super
2117 1447 2166 1478 Jo-

1419 1498 1584 1528 hannem.”

1335 1566 1361 1593 4.
1381 1563 1527 1603 Ejusdem
1566 1562 1682 1592 Nicolai
1720 1573 1812 1602 super
1851 1561 1944 1592 libros
1980 1561 2165 1592 Testamenti

1399 1612 1478 1642 Novi
1514 1612 1648 1653 reliquos
1682 1612 1807 1653 postilla
1843 1611 1949 1641 itidem
1978 1611 2164 1642 abbreviata.

1397 1664 1447 1694 sol
1468 1674 1475 1693 1
1491 1674 1534 1704 13.

1442 1714 1540 1755 Incip.
1559 1720 1576 1729 ‘¹
1589 1714 1664 1745 Ecce
1684 1714 1827 1755 descripsi
1844 1724 1908 1744 cam
1928 1713 1983 1744 tibi
2002 1714 2165 1755 tripliciter.

1421 1767 1509 1796 Prov.
1542 1765 1614 1795 xxii.
1661 1766 1752 1805 Quod
1790 1766 1916 1796 verbum
1951 1766 1990 1796 dc
2022 1765 2165 1807 sapientie

1418 1817 1625 1858 descriptione
1642 1817 1774 1852 <licitum
1793 1816 1947 1857 sapientia
1961 1821 2065 1847 autem
2084 1815 2166 1847 Pauli

1418 1869 1448 1899 in
1465 1870 1642 1910 cognicionc
1660 1869 1785 1899 Domini
1802 1868 1899 1899 nostri
1918 1869 2011 1899 Ihcsu
2027 1868 2165 1900 Christi-'⁸

1442 1920 1546 1950 Desin.
1575 1927 1591 1935 ‘⁴
1616 1921 1689 1950 Veni
1716 1921 1842 1951 Domine
1871 1921 1965 1955 desem
1996 1920 2066 1951 Hoc
2095 1920 2164 1950 (licit

1417 1972 1580 2001 ‚Iohannes
1606 1971 1858 2005 conformandos*
1884 1978 1919 2002 ut
1946 1972 1975 2001 in
2003 1971 2091 2002 editt.
2114 1971 2164 2001 im-

1419 2034 1513 2062 press.

1441 2074 1649 2104 Praemittitur
1676 2074 1797 2110 notitia,
1826 2074 1916 2116 incip.
1947 2075 2063 2106 “Nota
2088 2074 2163 2116 quod

1418 2126 1476 2156 isto
1499 2137 1559 2156 non
1584 2125 1691 2156 scribit
1714 2137 1806 2166 super
1829 2125 1991 2167 epistolam
2015 2124 2102 2156 Pauli
2127 2124 2162 2155 ad

1420 2177 1633 2211 Laoclicenses,
1649 2188 1707 2217 que
1723 2176 1752 2206 in
1769 2176 1922 2217 aliquibus
1938 2176 2023 2207 libris
2038 2176 2163 2207 habetur

1417 2232 1448 2258 et
1467 2228 1612 2258 scribitur
1635 2232 1705 2269 post
1729 2228 1891 2268 epistolam
1914 2228 1954 2258 ad
1978 2225 2163 2258 Thessaloni-

1417 2290 1531 2314 censes,
1549 2284 1580 2309 et
1597 2282 1700 2320 potest
1717 2290 1783 2309 csse
1799 2289 1902 2313 causa,
1916 2279 1988 2319 quia
2004 2277 2162 2309 secundum

1418 2330 1633 2371 Gregorium,”
1648 2318 1707 2360 ct'c.

1325 2382 1359 2414 ⁴5.
1380 2385 1534 2425 Anonymi
1558 2385 1719 2425 cujusdam
1743 2385 1773 2414 in
1800 2384 2034 2425 Apocalypseos
2058 2383 2161 2413 librum

1396 2436 1634 2466 commentarius
1651 2436 1713 2466 sivo
1728 2435 1840 2476 glossa.
1864 2435 1914 2465 fol.
1931 2436 1999 2476 256.

1439 2487 1537 2528 Incip.
1557 2494 1573 2502 ‘⁴
1586 2486 1780 2528 Λροεαῖμῃεὶε
1791 2499 1804 2521 ,·
1820 2486 1890 2516 Hec
1903 2485 1968 2516 sola
1980 2485 2060 2515 inter
2074 2484 2162 2514 libros

1418 2539 1494 2569 Novi
1525 2538 1718 2569 Testamenti
1749 2537 1912 2578 prophetia
1942 2541 2077 2571 vocatur,
2108 2543 2161 2575 que

1416 2590 1483 2620 aliis
1512 2589 1713 2620 cxcellencior
1743 2593 1790 2619 cst
1820 2586 2037 2629 p1·0phcciis;”
2072 2590 2105 2616 ut
2132 2584 2160 2614 in

1417 2640 1519 2671 Gloss.
1537 2641 1680 2671 Ordinar.

1437 2691 1541 2722 Desin.
1574 2692 1716 2721 “librum
1747 2691 1827 2720 hunc
1858 2696 1928 2731 post
1954 2689 2108 2730 evangelia
2132 2687 2160 2717 in

1415 2753 1503 2772 sacra
1533 2742 1688 2783 scriptura
1717 2741 1913 2777 attolliinus;
1944 2739 2078 2780 Explicit
2106 2738 2159 2768 hoc

1415 2795 1523 2833 opus.”
