2254 3117
306 151 351 185 16

410 249 506 289 Incip.
534 246 777 286 συγκαταβαίνων
799 246 814 274 ὁ
840 246 938 282 Σωτῆρ
962 246 1000 284 τῷ
1028 243 1109 282 γένει
1132 246 1189 273 τῶν

345 321 350 325 -
394 300 563 338 ἀνθρώπων.

414 352 509 382 Defic.
528 350 559 379 in
581 349 630 379 die
654 348 748 378 Febr.
774 347 865 377 xxvii.
891 347 922 377 in
947 347 1007 377 oda
1029 350 1139 377 octava
1162 347 1192 376 ἐκ

392 402 506 442 φλογὸς
528 404 595 436 τοῖς,
620 399 650 429 in
675 399 786 435 verbis,
807 399 944 429 θεοτόκον
969 398 1016 428 καὶ
1039 397 1193 436 πάναγνον

394 454 428 484 ὃν
444 454 514 491 ὑπὲρ
529 453 584 490 μὲν

415 503 598 534 Prarcodunt
623 500 713 531 hirmi
739 500 858 541 aliquot
881 503 977 540 atque
993 499 1117 535 triodia,
1138 499 1191 540 [an

393 555 431 586 ad
456 564 591 584 mensem
608 551 811 583 Decembrem
828 550 1041 591 pertinentia]
1061 561 1191 591 quorum

392 605 475 637 tituli
491 608 575 639 sunt,

434 673 461 690 α.
479 661 576 697 ἕτερος
593 659 688 688 κανὼν
703 658 896 697 ψαλλόμενος
912 657 945 697 τῇ
968 657 1120 698 παραμονῇ
1136 659 1193 686 τῶν

498 710 611 749 φώτων,
625 710 658 739 οὗ
676 710 693 747 ἡ
709 709 887 749 ἀκροστιχὶς,
904 709 950 738 καὶ
966 708 1105 747 σήμερον,
1122 721 1144 738 κ.
1162 712 1190 738 λ.

498 761 548 790 fol.
567 770 583 790 2
603 760 631 791 b.

431 820 462 854 β.
479 816 594 854 τριώδια
615 815 794 854 ψαλλόμενα
811 815 850 845 εἷς
875 813 927 851 τὴν
944 813 1046 852 ἑορτὴν
1061 817 1118 844 τῶν
1134 815 1191 852 φώ-

496 879 564 901 των,
580 865 751 903 ψάλλονται
772 866 802 895 δὲ
829 866 860 895 ἐν
884 868 944 896 τοῖς
967 866 1144 901 ἀποδίπνοις,
1159 865 1192 894 οὗ

495 918 511 955 ἡ
528 918 710 956 ἀκροστιχῆς,
728 919 761 958 τῇ
778 917 903 956 δευτέρᾳ,
930 916 980 946 fol.
998 926 1016 956 5
1034 916 1063 946 b.

676 1031 823 1065 XXIX.

306 1095 425 1129 Codex
446 1095 658 1132 chartaceus,
678 1105 720 1127 ex
741 1093 859 1127 charta
878 1093 1096 1138 laevigata‚ff.
1111 1096 1192 1132 220,

330 1164 395 1187 sec.
412 1153 480 1185 xvi.

350 1214 378 1243 1.
395 1211 552 1252 Anonymi
578 1211 737 1252 cujusdam
754 1211 831 1241 liber
846 1212 994 1241 adversus
1015 1211 1192 1240 Maehonw-

413 1268 490 1299 tum,
504 1267 536 1293 et
553 1263 590 1292 (le
606 1263 745 1293 articulis
761 1262 831 1292 fidoi
849 1263 1053 1298 Christianae3
1071 1262 1191 1303 imperf.

414 1314 465 1343 sol.
486 1324 510 1344 1.

460 1365 557 1405 Incip.
575 1365 605 1394 in
622 1365 732 1399 verbis,
753 1365 797 1394 καὶ
814 1365 868 1404 οὐχ
890 1365 925 1396 ὡς
942 1365 1056 1403 ὤφελες
1074 1366 1191 1404 λόγους,

436 1418 524 1448 οὕτως
540 1416 673 1454 ἀσμένως
689 1418 735 1446 καὶ
751 1417 883 1447 δεόντως.

459 1468 562 1498 Desin.
589 1469 629 1498 ὧν
652 1468 737 1506 ἄμφω
763 1471 811 1504 τῆς
836 1467 949 1505 πλάνης
972 1468 1042 1505 ἡμᾶς
1063 1468 1193 1505 ἐξελοῖτο

437 1520 564 1558 Χριστὸς
587 1521 601 1549 ὁ
626 1519 715 1555 Θεὸς,
741 1520 755 1549 ὁ
779 1519 834 1549 σὺν
860 1519 954 1557 Πατρὶ
975 1519 1022 1548 καὶ
1045 1520 1193 1556 Πνεύματι

438 1571 626 1608 δοξαζόμενος
642 1571 688 1600 καὶ
703 1571 799 1608 μένων
816 1571 856 1602 εἰς
872 1570 937 1602 τοὺς
953 1572 1069 1606 αἰῶνας,
1085 1570 1170 1607 ἀμήν.

351 1628 370 1656 ὶΘ

375 1651 380 1656 ,
398 1625 557 1656 Pacliomii
574 1625 783 1665 Rhacenslytae
801 1625 965 1666 Zacynthii
986 1625 1063 1655 liber
1083 1630 1193 1655 eontra

417 1676 668 1717 Monophysitas.
685 1677 724 1707 ad
743 1677 963 1707 Mothusalem.
988 1676 1038 1706 fol.
1055 1686 1106 1717 30.

457 1727 519 1758 Tit.
537 1730 608 1758 κατὰ
619 1731 833 1766 μοιόψυσιτῶν.
860 1730 896 1769 τῷ
913 1729 1003 1768 ταμίῳ
1019 1729 1057 1768 τῷ
1075 1730 1193 1757 Μαθου-

433 1778 512 1808 σάλα
529 1780 686 1818 Παχώμιος
701 1778 889 1816 Ῥακενδύτης
906 1780 1073 1810 Ζακύνθιος.

459 1830 558 1870 Incip.
577 1834 671 1862 καλῶς
688 1831 795 1870 ἔφησιν
811 1833 825 1861 ὁ
843 1832 1017 1862 ἀπόστολος.

457 1881 565 1912 Desin.
583 1883 628 1912 καὶ
644 1881 708 1920 παρ’
727 1883 803 1920 ἡμῶν
820 1882 949 1920 ἀνάθεμα
967 1883 1058 1912 ἔσται.

458 1932 503 1963 Cf.
521 1933 587 1963 cod.
608 1933 740 1964 Nanian.
757 1945 848 1963 cxxv.

351 1990 381 2018 53.
400 1987 549 2029 Ejusdem
565 1988 605 2018 ad
619 1988 817 2018 Timotheum
833 1988 1036 2019 sacerdotem.
1053 1988 1150 2029 fol.43
1162 1987 1190 2017 b.
1223 2011 1224 2029 ζ

458 2039 520 2070 Tit.
536 2040 669 2081 Τιμοθέῳ
687 2040 804 2080 ἱεράρχῃ
821 2040 852 2070 εὐ
868 2041 988 2078 διάγειν.

460 2091 556 2132 Incip.
575 2093 650 2123 εἰκός
665 2104 745 2123 τινας
761 2091 782 2121 ὦ
800 2092 872 2121 θεία.

353 2149 380 2177 4.
399 2147 548 2187 Ejusdem
562 2147 682 2177 monita
697 2147 879 2188 spiritualia,
904 2146 954 2176 fol.
971 2156 1022 2186 45.

458 2198 554 2239 Incip.
572 2199 586 2228 ὁ
603 2200 760 2238 δεχόμενος
776 2198 840 2230 τοὺς
855 2199 1023 2237 λογισμούς.

353 2256 372 2283 <n

415 2304 516 2335 hanno
534 2305 698 2341 Nesteuta,
714 2309 771 2336 etc.
789 2302 945 2345 excerpta.
970 2304 1020 2334 sol.
1033 2313 1070 2344 51
1086 2304 1115 2333 b.

461 2354 555 2395 Incip.
585 2358 643 2387 πῶς
669 2358 714 2385 δεῖ
742 2356 805 2387 τοὺς
835 2355 1042 2392 πνευματικοὺς
1072 2353 1196 2392 πατέρας
1224 2368 1225 2385 1

438 2407 600 2444 οἰκονομεῖν
616 2407 680 2438 τοὺς
695 2407 790 2438 αὐτοῖς
807 2405 1100 2445 ἐξομολογουμένους.
1124 2406 1138 2434 ὁ
1155 2403 1194 2442 ιβ’
1224 2437 1225 2443 ¹

438 2459 486 2494 τῆς
503 2458 535 2487 ἐν
552 2459 658 2499 Νικαίᾳ
674 2459 795 2497 πρώτης.

355 2511 383 2541 6.
401 2511 519 2552 Regula
542 2514 775 2550 monachorum,
790 2514 821 2543 in
844 2513 938 2544 ccxiV.
961 2512 1065 2553 capita
1085 2512 1193 2541 distin-

419 2566 480 2597 Οἷᾶ,
506 2564 768 2604 COHIPI'ChOIldessS
799 2576 853 2606 pel*
878 2564 1034 2605 epitomen
1061 2573 1194 2593 OanOHOS
1224 2587 1225 2591 ,

418 2613 605 2653 apostolicos
627 2619 659 2645 et
683 2615 713 2645 S.
731 2615 845 2651 Basilii,
862 2619 922 2645 etc.
947 2613 1062 2655 praevia
1086 2613 1194 2644 tabula

420 2663 564 2704 capitum.
589 2665 638 2695 fol.
652 2676 702 2706 55.

462 2714 524 2744 Tit.
537 2715 661 2753 tabulae‚
678 2718 763 2754 πίναξ
780 2718 905 2747 ἐνταῦθα
917 2718 966 2746 τοῦ
979 2716 1122 2754 παρόντος
1136 2718 1194 2745 Νο-

440 2777 539 2803 μίμου.

378 2253 449 2284 ‚De
471 2253 673 2291 confessione,
700 2265 736 2283 ex
765 2253 911 2289 conciliis,
939 2252 969 2283 S.
987 2252 1113 2288 Basilio,
1137 2251 1193 2282 Jo-
1224 2276 1225 2280 ,

870 143 1171 179 CATALOGUS
1198 144 1432 179 CODICUM
1460 143 1569 178 MSS.

1371 242 1432 272 Tit.
1464 252 1527 283 reg.
1560 241 1757 280 νομοκάνονον
1788 243 1864 282 ἔχων
1898 242 1956 273 κατ’
1989 244 2124 282 ἐπιτομὴν

1351 294 1473 325 κανόνας
1504 296 1561 323 τῶν
1591 294 1682 332 ἁγίων
1712 294 1886 323 ἀποστόλων
1917 296 1967 324 τοῦ
1995 294 2124 333 μεγάλου

1352 346 1509 375 Βασιλείου
1526 346 1572 375 καὶ
1586 347 1643 375 τῶν
1658 346 1798 375 συνόδων.

1373 400 1471 440 Incip.
1490 401 1505 429 ὁ
1521 403 1698 439 χειροτονῶν
1714 400 1761 430 ἐπὶ
1776 400 1914 439 χρήμασι.

1372 450 1476 481 Desin.
1509 451 1602 482 ἄλλος
1631 451 1822 490 χριαζόμενος
1851 452 1953 482 αὐτῶν.
1991 454 2029 493 τῷ
2056 453 2124 494 Θεῷ

1351 501 1430 539 δόξα,
1449 502 1532 540 ἀμήν,

1266 558 1294 588 7.
1319 556 1479 587 Anastasii
1521 556 1650 587 Sinaitae
1680 567 1781 587 sermo
1815 557 1853 587 de
1891 568 1980 587 sacra
2007 558 2124 598 synaxi.

1327 607 1378 637 fol.
1392 609 1442 647 96.

1372 659 1432 689 Tit.
1450 661 1500 689 τοῦ
1522 661 1662 697 μακαρίου
1681 658 1881 689 Ἀναστασίου
1900 659 2126 699 ἁρχιεπισκόπου

1350 713 1400 740 τοῦ
1417 712 1489 740 Σινὰ
1505 711 1587 748 ὅρους
1605 711 1696 749 λόγος
1718 710 1784 748 περὶ
1804 711 1853 747 τῆς
1876 711 1958 749 ἁγίας
1982 710 2127 748 συνάξεως

1351 762 1397 791 καὶ
1412 762 1476 800 περὶ
1492 763 1541 790 τοῦ
1557 761 1594 799 μὴ
1610 764 1808 799 μνησικακεῖν.

1373 812 1469 852 Incip.
1487 812 1531 842 ἀεὶ
1547 814 1601 850 μὲν
1616 812 1632 850 ἡ
1649 815 1698 842 τοῦ
1714 813 1808 850 ἁγίου.

1266 870 1294 898 8.
1313 867 1472 908 Excerpta
1494 878 1531 896 ex
1556 866 1611 897 SS.
1626 867 1774 897 Patribus
1790 872 1821 897 et
1841 866 2010 907 Scripturis
2026 867 2064 897 (le
2084 867 2128 897 (li-

1329 919 1433 949 versis.
1460 918 1510 948 fol.
1531 929 1595 959 ¹13·

1372 970 1433 1000 Tit.
1448 970 1465 999 i.
1485 971 1606 1006 Νύσσης
1622 971 1652 999 ἐκ
1669 972 1719 999 τοῦ
1736 971 1775 1001 εἰς
1790 969 1823 999 τὸ
1840 971 1939 1008 Πατὲρ
1955 970 2044 1008 ἡμῶν.

1372 1021 1469 1062 Incip.
1486 1023 1534 1058 τῆς
1550 1023 1605 1060 γὰρ
1621 1023 1748 1059 πονηρᾶς
1763 1021 1969 1060 προαιρέσεως.

1265 1077 1294 1109 9.
1312 1076 1460 1106 Antiochi
1482 1075 1661 1106 monasterii
1684 1076 1715 1106 S.
1736 1075 1827 1106 Sabae
1853 1076 1994 1107 monaehi
2010 1077 2050 1107 ad
2068 1076 2129 1107 Eu-

1328 1127 1480 1158 stathium
1498 1126 1638 1168 epistola.
1664 1127 1714 1157 fol.
1734 1136 1788 1166 197
1808 1127 1838 1157 b.

1373 1178 1435 1208 Tit.
1454 1179 1594 1215 ἐπιστολὴ
1616 1177 1770 1217 Ἀντιόχου
1791 1181 1922 1218 μοιάχοῦ
1943 1180 1991 1216 τῆς
2014 1179 2129 1217 Λαύρας

1350 1232 1400 1259 τοῦ
1425 1230 1508 1268 ἁγίου
1535 1229 1643 1266 Σάββα
1672 1229 1743 1267 πρὸς
1776 1230 1938 1260 Εὐστάθιον
1967 1230 2130 1269 ἡγούμενον

1351 1283 1440 1318 μονῆς
1456 1282 1608 1317 ἀτταλικῆς
1624 1281 1739 1311 πόλεως
1753 1280 1897 1320 Ἀγκύρας
1912 1283 1960 1319 τῆς
1977 1281 2129 1313 Γαλατίας.

1377 1331 1472 1372 lncip.
1491 1332 1588 1369 ἐπειδὴ
1605 1331 1791 1370 γεγράφηκάς
1806 1344 1863 1370 μοι.

1249 1387 1295 1416 10.
1320 1386 1582 1417 Commemoratio
1609 1386 1647 1415 (le
1674 1392 1779 1417 monte
1805 1387 1835 1417 S.
1859 1386 2005 1424 Athonis,
2029 1391 2061 1418 et
2092 1387 2129 1417 de

1332 1438 1473 1468 domibus
1490 1438 1639 1478 religiosis
1655 1438 1708 1468 ibi.
1731 1437 1783 1468 fol.
1799 1448 1868 1479 203.

1373 1493 1436 1523 Tit.
1463 1493 1624 1531 ἀνάμνησις
1646 1494 1746 1532 μερικὴ
1770 1495 1836 1533 περὶ
1860 1497 1911 1524 τοῦ
1938 1495 2020 1534 ἁγίου
2048 1496 2130 1534 ὄρους

1352 1548 1402 1575 τοῦ
1414 1545 1517 1581 '‘AHov,
1532 1547 1567 1575 τὰ
1582 1547 1731 1584 λεγόμενα
1746 1545 1860 1584 πάτρια.

1369 1596 1470 1636 'Ine-ip.
1487 1597 1559 1633 μετὰ
1575 1595 1627 1632 τὴν
1643 1595 1766 1634 φρικτὴν
1782 1595 1954 1626 ἀνάστασιν.

1374 1647 1410 1677 In
1427 1647 1519 1684 calce,
1544 1646 1628 1678 τέλος
1651 1647 1716 1685 περὶ
1741 1649 1797 1676 τῶν
1818 1648 1946 1685 πατρίων
1971 1650 2020 1677 τοῦ
2045 1648 2129 1686 ἁγίου

1351 1700 1443 1738 ὅρους,
1461 1700 1493 1728 ἐν
1510 1699 1578 1734 ἔτει,
1597 1706 1619 1739 lq
1630 1697 1691 1733 vff‘.
1711 1698 1765 1738 [A.
1781 1698 1813 1729 C.
1832 1698 1933 1739 1548]

1246 1755 1295 1785 11.
1313 1754 1462 1785 Narratio
1478 1754 1516 1784 de
1542 1753 1596 1783 SS.
1616 1753 1764 1783 Patribus
1790 1764 1806 1783 e
1830 1764 1918 1784 sacro
1945 1758 2050 1784 monte
2075 1764 2130 1794 per

1332 1806 1461 1836 Latinos
1477 1806 1601 1846 ejectos.
1625 1805 1675 1835 fol.
1693 1814 1762 1845 213.

1373 1857 1434 1887 Tit.
1462 1857 1592 1895 διήγησις
1622 1857 1686 1895 περὶ
1715 1859 1772 1886 τῶν
1798 1855 2010 1895 ἀναιρεθέντων
2039 1857 2130 1895 ἁγίων

1350 1907 1482 1944 πατέρων
1499 1907 1531 1936 ἐν
1547 1908 1585 1946 τῷ
1602 1907 1674 1947 ἁγίῳ
1698 1908 1759 1945 ὅρει
1780 1907 1834 1936 ὑπὸ
1859 1909 1916 1936 τῶν
1932 1909 2128 1945 Λαττινοφρο-

1353 1959 1490 1988 νούντων.

1374 2009 1472 2050 Incip.
1489 2009 1662 2039 κατεκείνων
1679 2008 1751 2050 [sic]
1768 2009 1818 2039 τὸν
1836 2009 1943 2048 καιρόν.

1246 2066 1293 2095 12.
1313 2064 1457 2095 Historia
1481 2064 1519 2094 de
1549 2063 1759 2094 destructione
1787 2063 2074 2104 Hierosolymorum
2099 2067 2129 2094 et

1329 2117 1367 2146 de
1383 2116 1562 2157 expulsione
1577 2115 1771 2151 Judaeorum‚
1786 2126 1904 2146 necnon
1920 2115 1958 2145 de
1975 2115 2031 2146 SS.
2044 2116 2129 2156 Apo-

1330 2167 1479 2198 stolorum
1498 2167 1728 2208 praedicatione.
1752 2167 1802 2197 fol.
1818 2176 1877 2208 215
1894 2167 1923 2197 b.

1373 2222 1435 2253 Tit.
1454 2224 1567 2262 ἱστορία
1586 2223 1651 2261 περὶ
1673 2225 1720 2260 τῆς
1745 2223 1916 2255 συντελείας
1930 2226 1987 2253 τῶν
2001 2222 2128 2261 Ἰεροσο-

1354 2276 1453 2312 λύμων
1479 2275 1525 2304 καὶ
1551 2275 1710 2306 ἀλλώσεως
1736 2277 1793 2304 τῶν
1821 2273 1970 2304 Ἰουδαίων
1994 2274 2040 2303 καὶ
2064 2274 2129 2312 περὶ

1353 2324 1493 2363 κηρύξεως
1508 2327 1565 2355 τῶν
1581 2325 1672 2363 ἁγίων
1688 2325 1870 2355 ἀποστόλων.

1375 2380 1473 2420 Incip.
1491 2380 1568 2410 ἅπαν
1589 2381 1644 2417 μὲν
1660 2382 1717 2409 τῶν
1741 2378 1857 2410 πάντων
1881 2380 1946 2418 περὶ
1966 2382 2023 2410 τῶν
2044 2379 2128 2419 εὐαγ-

1352 2435 1486 2471 γελικῶν.

1375 2483 1480 2513 Desin.
1501 2482 1535 2520 ἧς
1555 2482 1728 2520 ῥυσθείημεν
1751 2482 1877 2514 ἅπαντες
1893 2482 1924 2512 ἐν
1940 2483 2069 2520 Χριστοῦ
2091 2483 2128 2522 τῷ

1353 2536 1420 2575 Θεῷ
1438 2534 1525 2572 ἡμῶν,
1544 2547 1567 2563 κ.
1586 2540 1614 2563 λ.

1625 2638 1750 2672 ΧΧΧ.

1246 2702 1365 2736 Codex
1393 2702 1604 2740 chartaceus,
1633 2702 1667 2734 in
1697 2703 1769 2741 4t0,
1791 2699 1824 2734 ff.
1844 2702 1925 2740 242,
1951 2711 2019 2734 sec.
2040 2700 2128 2739 xvi.;

1271 2759 1353 2793 olim
1372 2759 1393 2793 ,Ι
1398 2759 1541 2793 ohannis
1560 2759 1754 2793 Prodromi.
