2254 3117
335 185 381 219 56

440 281 544 312 Desin.
561 279 692 319 abrupto
715 276 745 306 in
768 275 878 311 verbis.
901 276 963 305 ’ίὸου
987 275 1044 314 ἐγὼ
1065 275 1213 304 ἀποκτευῶ

418 335 453 363 τὰ
479 328 644 370 πρωτότοκά
670 340 732 362 σου,
759 327 789 356 111
813 326 887 356 edit.
912 325 1044 356 Cantab.
1065 325 1154 365 1658,
1182 325 1212 354 in

418 388 482 421 4to,
499 394 530 423 p.
545 389 611 416 102,
628 379 646 409 l.
659 389 710 417 44.

440 432 586 473 Sequitur
607 430 647 460 ad
669 439 739 469 pag.
753 428 828 465 484,
845 427 1053 468 fragmentum
1075 426 1158 457 aliud
1174 437 1212 456 ex

418 485 533 519 iisdem,
547 481 637 522 incip.
655 480 685 510 in
701 479 811 513 verbis.
829 482 886 509 τῶν
901 481 973 517 μετὰ
989 480 1023 509 τὰ
1039 478 1165 517 τεράστα
1180 477 1213 507 οὐ

418 532 649 563 πεπιστευκότων
665 530 758 570 αὐτῷς
783 529 820 559 cf.
838 528 910 559 ibid.
928 540 957 569 p.
973 530 1044 565 108,
1061 528 1079 558 l.
1093 537 1144 567 47.

670 622 877 656 CXLVIII.

334 689 452 722 Codex
476 686 769 724 membranaceus,
788 685 822 717 in
847 686 908 717 4t0
926 684 1060 722 minori,
1078 682 1113 716 ff.
1131 685 1211 721 119,

356 757 422 779 sec.
438 744 528 783 xiv.;
555 743 637 776 olim
656 741 831 787 peculium
852 741 995 775 Henrici
1015 741 1057 774 (10
1077 740 1211 784 Elwyk,

356 802 469 836 vic-arii
489 802 531 834 de
550 799 792 844 Basingstoke.

374 868 596 910 Oompendium
633 867 671 897 (10
702 866 813 897 notitia
850 870 1058 906 peccatorum,
1090 866 1212 905 quando

394 919 539 950 mortalia
563 918 624 948 sint
651 924 682 948 01
708 917 832 958 quando
859 917 998 951 venialia,
1028 928 1065 947 ex
1093 917 1213 947 Thomu.

396 970 556 1011 Aquinate
588 969 749 999 collectum
780 972 811 998 et
837 967 1058 1009 quaestionibus
1088 972 1211 998 centum

395 1021 526 1061 triginta
542 1019 805 1060 comprehensum.

437 1071 534 1112 Incip.
553 1077 570 1085 ¹¹
585 1070 738 1109 Quoniam
750 1069 830 1099 sicut
842 1069 977 1099 habetur
987 1068 1157 1099 Deuteron.
1176 1078 1209 1108 ¹5

417 1122 479 1153 Pro
495 1132 638 1152 mensura
655 1120 771 1162 peccati
788 1123 836 1150 est
857 1124 889 1149 et
910 1119 1071 1160 plagarum
1092 1119 1210 1154 modus,

417 1179 447 1205 et
477 1174 559 1204 Mat.
577 1182 592 1212 7
621 1172 659 1202 In
686 1183 746 1212 qua
773 1182 917 1202 mensura
942 1171 1038 1201 mensi
1064 1170 1211 1206 fueritis?

416 1230 475 1256 etc.
500 1231 517 1240 ‘¹
529 1229 564 1255 ut
580 1224 696 1254 sciatur
712 1235 770 1264 que
786 1223 878 1264 plaga
899 1222 961 1252 sive
980 1233 1039 1263 que
1060 1233 1139 1263 pena
1156 1233 1211 1262 pro

419 1287 479 1317 quo
501 1284 628 1317 peccato
651 1274 846 1316 imponenda,
866 1273 1039 1304 neccssaria
1061 1278 1108 1304 est
1132 1273 1211 1314 ipso-

417 1338 485 1358 rum
503 1330 697 1368 peccatorum
714 1325 859 1355 noticiam

440 1379 557 1418 Quaest.
570 1377 589 1408 i.
606 1382 663 1415 est,
681 1383 699 1392 ⁴‘
715 1376 849 1407 Videtur
864 1376 946 1417 quod
962 1376 1047 1407 Deus
1063 1376 1104 1407 sit
1119 1387 1212 1407 causa

418 1428 566 1471 peccati.”

440 1480 554 1518 Quaest.
571 1478 625 1509 ult.
642 1482 699 1513 est,
718 1484 735 1493 ¹¹
748 1478 799 1508 An
816 1477 896 1507 cirea
917 1477 1102 1508 exteriorem
1123 1489 1212 1508 orna-

419 1536 485 1561 tum
501 1533 623 1560 constat
643 1540 709 1560 csse
724 1528 915 1570 peccatum.”

442 1581 479 1611 In
495 1581 587 1617 calce,

376 1644 403 1663 a.
421 1632 469 1663 De
484 1636 596 1662 natura
613 1635 731 1672 septem
747 1636 1022 1662 sacramentorum.
1046 1631 1099 1661 fol.
1114 1641 1170 1671 115
1182 1632 1211 1662 b.

482 1682 579 1724 Incip.
597 1688 614 1697 “
627 1682 816 1724 Baptismus,
833 1682 884 1723 qui
902 1682 1109 1723 ingredientes
1125 1694 1212 1713 sanc-

462 1734 591 1765 tificat.’'

379 1788 409 1819 b.
427 1788 541 1819 Decem
554 1792 720 1830 praecepta,
732 1789 869 1819 versibus
881 1800 1033 1830 expressa.
1047 1789 1099 1819 fol.
1117 1800 1124 1819 1
1136 1799 1171 1830 15
1182 1790 1212 1820 b.

484 1840 581 1881 Incip.

401 1897 418 1906 ‘¹
431 1892 547 1932 Sperne
563 1893 645 1928 deos,
662 1892 760 1933 fugito
777 1892 922 1933 perjuria,
936 1891 1068 1922 sabbata
1084 1892 1202 1922 servas*

378 1957 403 1976 c.
420 1945 470 1976 De
485 1945 635 1977 fractione
647 1946 784 1987 corporis
796 1946 910 1977 Christi
924 1946 1140 1977 tetrastichon.
1160 1947 1211 1976 fol.

446 2006 457 2026 1
467 2006 501 2036 15
515 1997 542 2027 b.

484 2047 581 2089 Incip.

402 2104 419 2113 “
431 2098 508 2129 Tres
524 2104 629 2140 partes
645 2101 727 2130 facte
739 2100 776 2130 de
789 2100 903 2130 Christi
920 2111 1047 2141 corpore
1060 2100 1212 2141 signant.”

378 2154 407 2184 d.
423 2154 557 2184 Articuli
574 2154 644 2184 fidei
661 2155 833 2185 duodecim.
856 2155 907 2186 fol.
924 2164 981 2197 115
993 2156 1020 2185 b.

378 2221 405 2240 e.
425 2209 542 2240 Versus
558 2210 738 2241 exhibentes
754 2215 830 2252 quot
853 2211 921 2242 libri
938 2216 969 2243 et
985 2216 1061 2253 quot
1077 2212 1213 2253 capitula

441 2264 513 2290 sunt
529 2261 625 2291 totius
640 2261 751 2292 bibliae.
775 2261 826 2292 fol.
842 2264 909 2292 116.

485 2310 580 2352 Incip.
790 2303 793 2306 Α

402 2367 419 2376 “
431 2361 597 2399 (3101105000,
615 2363 677 2393 Ex.
695 2363 748 2394 Le.
766 2363 827 2393 Nu.
844 2364 925 2394 Deu.
942 2363 1038 2394 Josue
1054 2363 1213 2394 Judicum-

443 2414 529 2454 que.”

485 2465 643 2507 Sequitur,
656 2472 674 2481 ‘'
689 2466 750 2497 lstc
761 2467 839 2497 liber
854 2470 978 2497 constat
990 2467 1115 2497 domino
1129 2466 1214 2497 Hen-

463 2516 526 2546 rico
543 2517 660 2558 lfilwyk,
678 2517 791 2549 vicario
807 2519 845 2549 de
861 2518 1099 2559 Basingstoke.”

691 2612 859 2646 CXLIX.

340 2668 637 2709 Membranaccus,
664 2670 697 2703 in
725 2670 806 2703 folio
834 2672 962 2716 majori,
990 2672 1023 2705 ff.
1043 2674 1123 2711 388,
1146 2683 1212 2705 sec.

364 2727 421 2765 xi„
436 2727 522 2761 binis
537 2727 704 2761 columnis
718 2728 806 2762 bene
820 2734 995 2767 exaratus:
1015 2729 1108 2769 olim,
1122 2741 1212 2763 anno

364 2783 494 2816 scilicet
513 2786 617 2823 1522,
632 2785 804 2828 peculium
826 2785 959 2820 Malaxi
979 2787 1185 2821 Sacerdotis.

884 175 1182 211 CATALOGUS
1208 174 1443 210 CODICUM
1471 173 1580 207 MSS.

1309 273 1495 303 Sanctorum
1521 274 1694 311 martyrum
1717 270 1825 311 viginti
1848 274 1966 312 septem
1992 271 2091 313 elogia
2113 277 2144 303 et

1329 323 1410 359 vitae,
1434 322 1555 352 illorum
1578 321 1694 351 scilicet
1718 332 1847 362 quorum
1872 322 2020 353 memoria
2044 323 2074 353 in
2098 334 2144 354 ec-

1329 373 1422 404 clesia
1429 372 1541 403 Graeca
1551 372 1768 402 celebrabatur
1777 383 1832 413 per
1842 372 1988 403 Octobris
1998 383 2142 411 mensem,

1329 424 1354 455 si
1381 424 1447 454 dies
1469 434 1498 461 4,
1523 433 1553 463 9,
1573 433 1621 460 11,
1643 431 1689 461 17,
1713 431 1750 462 27
1775 423 1986 465 excipiamus;
2019 428 2144 455 auctore

1332 475 1473 506 Simeone
1491 474 1720 515 Metaphraste.

1374 525 1583 556 Praemittitur
1607 524 1716 555 tabula.
1745 524 1950 566 capitulorum
1976 524 2145 556 initiorum-

1352 588 1411 618 que
1426 576 1666 617 uniuscujusque
1681 576 1764 607 vitae.

1373 627 1434 658 Tit.
1462 626 1589 663 tabulae,
1615 627 1672 665 μὴν
1698 625 1884 666 Ὀκτώβριος.
1919 627 2005 664 πίναξ
2029 627 2144 665 ἀκριβὴς

1351 682 1400 716 τῆς
1415 680 1562 718 παρούσης
1578 680 1730 710 ποικτίδος.

1372 730 1586 760 Recensentur
1601 730 1701 760 saneti
1717 729 1824 760 ordine
1840 729 1991 771 sequenti,

1309 781 1338 811 1.
1354 780 1384 811 S.
1399 780 1534 811 Ananiae
1549 781 1743 821 martyrium.
1767 780 1817 811 fol.
1834 790 1863 821 3.

1309 837 1337 866 2.
1355 836 1409 866 SS.
1428 835 1578 877 Cypriani
1593 839 1625 866 ct
1640 835 1786 866 Justinae.
1810 835 1861 866 fol.
1876 845 1905 876 7.

1308 892 1338 921 3.
1356 891 1387 921 S.
1402 890 1543 931 Dionysii
1559 890 1772 932 Areopagitae.
1795 890 1846 921 fol.
1862 893 1910 922 26.

1309 948 1337 976 4.
1355 946 1385 976 S.
1398 946 1581 977 Charitinae.
1604 946 1655 976 fol.
1668 948 1709 987 36
1720 946 1750 977 b.

1307 1003 1336 1032 5.
1355 1002 1385 1032 S.
1399 1001 1526 1032 Thomae
1549 1002 1691 1043 apostoli,
1711 1005 1839 1033 auctore
1862 1002 1987 1038 Niceta,
2011 1003 2144 1044 archiep.

1373 1053 1647 1084 Thessalonicensi.
1671 1053 1721 1083 fol.
1735 1064 1786 1092 40.

1417 1104 1453 1134 In
1469 1104 1552 1135 ealce
1567 1104 1666 1135 mutil.
1683 1105 1780 1135 desin.
1797 1104 1881 1142 τήυτε
1896 1107 1945 1135 τοῦ
1961 1107 2064 1135 λοιποῦ
2079 1106 2144 1143 βίου

1394 1155 1571 1195 κυβέρνησιυ
1587 1157 1794 1187 ὰυυπεύθυυου.

1307 1219 1337 1250 6.
1355 1219 1409 1250 SS.
1428 1219 1527 1260 Sergii
1543 1224 1574 1250 ct
1591 1219 1697 1250 Bachi.
1722 1219 1774 1250 fol.
1787 1229 1837 1260 97.

1415 1270 1511 1301 Initio
1527 1271 1625 1301 mutil.
1642 1271 1733 1312 incip.
1751 1272 1863 1302 ἐοίκατε
1879 1271 1935 1311 ἔφη
1950 1272 2117 1310 παρρησίας.

1310 1336 1339 1367 7.
1357 1335 1388 1365 S.
1405 1335 1548 1375 Pelagiae.
1574 1336 1625 1366 fol.
1642 1346 1695 1366 111
1713 1336 1742 1367 b.

1309 1392 1337 1420 8.
1356 1390 1411 1420 SS.
1430 1390 1583 1431 Eulampii
1601 1395 1632 1421 ct
1649 1390 1831 1432 Eulampiae.
1852 1390 1903 1421 fol.
1918 1392 1976 1421 118
1989 1391 2017 1421 b.

1309 1447 1338 1479 9.
1356 1446 1411 1476 SS.
1432 1445 1535 1483 Probi,
1553 1446 1674 1476 Taracli
1691 1452 1721 1477 et
1739 1446 1920 1477 Andronici.
1946 1445 1998 1476 fol.
2014 1446 2080 1476 126.

1289 1502 1338 1531 10.
1357 1501 1411 1531 SS.
1430 1500 1524 1541 Carpi
1542 1506 1573 1531 et
1591 1501 1710 1542 Papyli.
1734 1501 1784 1531 fol.
1799 1511 1857 1542 134
1867 1501 1896 1531 b.

1417 1552 1532 1583 Deficit
1549 1552 1579 1582 in
1595 1552 1706 1589 verbis,
1725 1554 1764 1584 εἰς
1780 1553 1867 1590 δόξαν
1883 1554 1962 1583 Θεοῦ
1978 1552 2084 1590 πατρὸς
2101 1551 2145 1582 καὶ

1335 1610 1339 1614 ”
1394 1603 1490 1640 κυρίου
1506 1603 1594 1640 ἡμῶν.

1289 1658 1338 1688 11.
1355 1658 1411 1688 SS.
1428 1658 1568 1695 Nazarii,
1593 1658 1724 1695 Gerasii,
1750 1658 1887 1689 Protasii
1910 1662 1942 1689 et
1965 1658 2065 1690 Celsii.
2095 1657 2143 1688 fol.

1377 1710 1445 1748 148.

1417 1760 1513 1801 Incip.
1530 1760 1560 1790 in
1577 1759 1688 1797 verbis,
1703 1761 1791 1793 -λίας
1806 1761 1961 1791 ἀνουλίυου
1977 1762 2023 1791 διὰ
2039 1760 2091 1798 τὴν
2107 1761 2145 1791 εἰς

1396 1811 1524 1847 Χριστὸν
1540 1811 1709 1849 ὁμολογίαν.

1332 1890 1338 1895 .
1356 1865 1387 1895 S.
1403 1865 1540 1895 Lueiani.
1566 1865 1616 1895 fol.
1635 1875 1693 1906 154
1705 1865 1735 1895 b.

1309 1866 1328 1951 0220

1334 1944 1339 1949 .
1357 1921 1390 1951 S.
1406 1920 1537 1961 Longini
1554 1920 1764 1950 Centurionis.
1786 1919 1838 1950 fol.
1856 1922 1912 1961 165
1926 1921 1956 1951 b.

1417 1972 1539 2003 Inserta
1560 1976 1618 2008 est,
1634 1971 1684 2001 fol.
1704 1981 1760 2011 174
1779 1983 1869 2002 mame
1892 1972 2079 2014 aliquantum
2102 1984 2145 2003 re-

1393 2024 1523 2059 centiori,
1542 2023 1606 2054 vita
1626 2024 1680 2054 SS.
1695 2024 1814 2054 Cosmae
1835 2028 1866 2055 ct
1882 2024 2039 2061 Damiani,
2054 2024 2143 2065 incip.

1394 2076 1442 2106 ὅτε
1466 2077 1500 2105 τὰ
1523 2077 1653 2113 σκῆπτρα
1675 2076 1724 2112 τῆς
1746 2077 1803 2104 τῶν
1820 2073 1970 2113 Ῥωμαίων
1991 2075 2146 2112 βασιλείας

1396 2126 1618 2165 Διοκλητιανὸς.

1289 2182 1338 2211 14.
1357 2181 1387 2212 S.
1404 2181 1495 2212 Lucae
1513 2181 1733 2222 Evangelistae.
1757 2181 1808 2211 fol.
1827 2182 1893 2211 181.

1289 2238 1338 2267 15.
1355 2236 1408 2267 SS.
1422 2237 1499 2267 Vari
1515 2241 1547 2267 et
1564 2236 1734 2266 Sociorum.
1759 2236 1811 2265 fol.
1830 2238 1898 2266 188.

1290 2292 1339 2323 16.
1358 2293 1387 2323 S.
1400 2293 1536 2323 Andreae
1553 2291 1720 2323 Cretensis.
1745 2291 1796 2322 fol.
1813 2301 1882 2323 200.

1290 2348 1338 2379 17.
1356 2347 1385 2378 S.
1399 2347 1542 2378 Artemii.
1566 2347 1616 2377 fol.
1633 2355 1692 2377 210
1706 2346 1734 2377 b.

1289 2403 1339 2434 18.
1358 2402 1389 2433 S.
1404 2402 1584 2433 Hilarionis.
1609 2401 1660 2432 fol.
1677 2402 1746 2440 248.

1289 2459 1339 2491 19.
1357 2458 1387 2488 S.
1402 2458 1538 2493 Abercii,
1555 2469 1602 2499 ep.
1621 2457 1807 2498 Hieropolis.
1832 2456 1881 2487 fol.
1898 2465 1955 2497 275
1969 2456 1996 2487 b.

1289 2515 1338 2544 ΩΟ.
1357 2514 1388 2544 S.
1402 2514 1515 2544 Jacobi
1532 2513 1724 2552 ἀδελφοθέου.
1748 2512 1799 2542 fol.
1815 2521 1884 2552 ¹299.

1289 2570 1338 2599 21.
1357 2569 1411 2599 SS.
1426 2570 1535 2599 Aretae
1551 2572 1583 2599 et
1600 2567 1771 2598 Sociorum.
1797 2566 1848 2596 fol.
1862 2577 1923 2607 309
1936 2567 1966 2597 b.

1289 2626 1337 2654 22.
1356 2624 1410 2655 SS.
1429 2623 1584 2654 Marciani
1601 2627 1632 2654 et
1649 2622 1861 2653 Notariorum.
1886 2622 1937 2652 fol.
1951 2631 1989 2663 33
1993 2630 2012 2662 5
2026 2621 2054 2651 b.

1288 2679 1339 2709 23.
1358 2679 1389 2710 S.
1403 2678 1566 2709 Demetrii.
1588 2678 1638 2708 fol.
1652 2679 1723 2719 338.

1288 2736 1337 2764 24.
1356 2736 1386 2765 S.
1400 2734 1578 2765 Anastasiae
1595 2733 1755 2764 Romanae.
1779 2733 1829 2763 fol.
1844 2742 1903 2774 347
1917 2732 1947 2762 b.

1288 2791 1338 2820 25.
1356 2790 1386 2820 S.
1399 2789 1584 2820 Abrahami.
1608 2788 1660 2819 fol.
1674 2791 1735 2829 356
1749 2788 1780 2818 b.

2196 2559 2210 2579 η
