2254 3117
649 144 888 179 COLLEGII
918 145 1293 182 MERTONENSIS.
1854 158 1875 190 7

463 243 530 278 XI.

53 301 172 335 Codex
200 301 497 341 mmuhranaceus,
521 302 556 334 in
583 301 677 341 folio,
706 301 737 334 ff.
759 304 841 342 137,
868 313 936 336 sec.

76 360 156 398 xiv.,
183 359 272 393 binis
299 359 469 392 columnis
496 364 678 399 exa1·atus;
702 371 745 393 ex
766 360 857 393 dono
875 360 937 394 Jo-

75 417 197 450 hannis
214 417 321 457 Turk,
340 417 514 462 quondam
533 417 612 451 coll.
633 417 739 450 Mert.
760 418 853 451 socii.

94 478 125 507 S.
142 477 164 507 ‚J
167 478 298 509 ohannis
321 478 535 519 Chrysostomi
558 478 589 508 in
614 478 646 508 S.
665 478 813 509 Matthaei
836 479 937 510 Evan-

114 530 228 570 gelium
240 542 318 572 opus
334 530 558 571 imperfectum.
573 530 802 572 quinquaginta
818 536 937 572 septem

115 581 249 612 homiliis
265 581 531 622 comprehensum.

159 635 297 665 Exstant
326 634 465 675 impress.
498 634 529 664 in
561 645 690 676 operum
721 635 937 676 Chrysostomi

137 685 326 716 editionibus
342 684 444 715 variis.

150 738 360 769 Praemittitur
373 737 498 773 notitia,
510 746 527 754 *¹
541 737 635 768 Liber
647 738 758 769 domus
773 739 938 770 scolarium

134 789 203 820 aulc
226 789 264 819 de
288 788 445 823 Mertone,
464 798 555 829 quem
579 787 666 818 dedit
689 788 818 830 collegio
841 789 937 820 scola-

134 841 214 871 rium
239 840 450 881 predietorum
475 839 637 870 Johannes
654 840 753 877 Turk‚
779 842 937 882 quondam

134 892 234 922 socius
259 891 328 922 aule
353 891 504 932 predicte,
525 891 774 922 incathenaudus
798 892 830 922 in
854 904 935 923 com-

133 944 218 974 muni
234 943 361 973 libraria
377 943 515 983 ejusdem
532 942 680 984 collegii.”

446 1023 534 1057 XII.

50 1082 350 1120 Membranaeeus,
370 1082 404 1114 in
424 1081 516 1121 folio,
544 1082 577 1115 ff.
599 1084 680 1117 283.
699 1094 767 1116 sec.
788 1084 857 1116 xiV.
884 1085 935 1117 in-

71 1140 207 1179 euntis;
251 1139 340 1172 binis
375 1138 546 1173 columnis
578 1139 750 1174 willelmi
783 1140 934 1187 Romsey

71 1197 266 1241 sumptibus
285 1201 458 1230 exaratus.

93 1258 117 1288 l.
137 1257 223 1288 Petri
251 1257 390 1294 Aureoli,
417 1257 555 1298 theologi
583 1258 780 1295 Parisiensis,
808 1259 932 1291 Brevia·

152 1309 231 1339 rium
254 1309 437 1345 Bibliorum,
453 1309 516 1339 sive
533 1309 759 1350 Compendium
781 1310 812 1341 S.
830 1311 932 1353 Scrip-

151 1367 230 1391 turae
250 1361 344 1401 juxta
367 1371 492 1390 sensum
516 1360 680 1391 literalem.
704 1361 734 1392 ff.
752 1371 829 1401 2—7
844 1363 872 1400 b,
893 1373 927 1393 21
963 1379 964 1390 ι

148 1412 243 1450 -78.

194 1463 255 1494 Tit.
274 1468 294 1481 ‘⁵
307 1463 422 1503 Incipit
439 1463 656 1504 compendium
672 1463 802 1495 literalis
823 1477 931 1497 sensus

173 1515 273 1546 tocius
307 1515 408 1545 (livine
446 1515 600 1556 scripture
635 1515 754 1547 editum
783 1528 803 1548 a
832 1517 931 1549 fratre

173 1566 210 1596 P.
228 1566 370 1603 Aureoli,
397 1567 515 1596 ordinis
542 1567 674 1598 fratrum
705 1568 870 1607 minorum,
899 1575 930 1601 et

170 1618 297 1658 ponitur
309 1617 409 1659 primo
426 1619 658 1650 commendacio
675 1631 762 1650 sacre
777 1620 930 1662 scripture

170 1670 201 1700 in
217 1669 386 1711 gene1·ali.”

190 1721 307 1752 Exstat
323 1721 461 1762 ilnpress.
482 1721 582 1752 Paris.
605 1724 696 1763 1508,
712 1726 744 1753 et
759 1722 841 1754 alibi.

192 1772 229 1803 In
246 1773 337 1805 calce.
364 1777 381 1789 ‘⁴
395 1772 534 1814 Explicit
558 1774 776 1815 compendium
799 1775 929 1807 literalis

170 1835 276 1854 sensus
306 1824 406 1855 tocius
436 1824 537 1854 divine
575 1825 728 1866 scripture
758 1826 878 1857 editum
909 1839 929 1858 a

170 1875 268 1906 fratre
290 1875 386 1906 Petro
405 1876 548 1912 Aureoli,
574 1877 691 1907 ordinis
715 1878 849 1909 fratrum
874 1879 929 1910 mi-

169 1928 311 1957 norum.''

85 1987 113 2015 2.
130 1985 160 2015 S.
176 1985 356 2026 Augustini,
374 1996 420 2027 ep.
439 1985 662 2027 Hipponensis,
679 1998 780 2017 sermo
796 1987 828 2017 in
844 1987 927 2018 istud
958 1987 960 2003 ⁵

148 2036 246 2067 Stude
263 2037 426 2078 sapientia.
450 2036 502 2067 fol.
523 2038 551 2067 S.

192 2087 291 2128 Incip.
321 2092 338 2103 ‘⁵
348 2088 480 2118 Omnem
502 2087 658 2118 hominem
678 2089 778 2130 primo
798 2101 927 2131 genera-

170 2138 268 2169 liter.”

86 2200 114 2229 3.
132 2198 280 2240 Ejusdem
304 2210 461 2230 sermones
485 2211 538 2230 sex
554 2201 595 2230 ad
610 2200 724 2231 fratres
748 2202 928 2234 habitantes

148 2251 177 2280 in
195 2261 308 2281 eremo.
332 2250 384 2281 fol.
402 2251 478 2290 14b.

190 2302 288 2343 Incip.
306 2302 325 2332 i.
348 2306 369 2320 ‘⁶
385 2302 543 2343 Scriptum
563 2307 611 2333 est
634 2303 749 2334 fratres
772 2304 928 2336 karissimi

168 2355 250 2395 quod
265 2354 393 2395 Moyses
409 2354 543 2395 posuit,”
559 2359 594 2385 ut
610 2355 682 2385 ibid.
701 2360 778 2386 tom.
792 2356 830 2386 vi.
844 2357 925 2398 App.

168 2405 224 2436 col.
241 2415 313 2446 345.

189 2456 227 2487 In
243 2456 337 2493 calce,
353 2460 374 2474 ‘⁶
387 2456 567 2497 Expliciunt
584 2468 740 2487 sermones
755 2458 796 2488 ad
811 2458 926 2490 fratres

166 2508 347 2538 habitantes
362 2507 393 2538 in
414 2508 540 2538 heremo
556 2519 612 2548 per
627 2509 757 2540 beatum
774 2510 926 2552 Augusti-

167 2569 241 2588 num
257 2557 366 2588 editi.”

84 2618 112 2647 4.
130 2617 279 2659 Ejusdem
289 2628 390 2648 sermo
401 2617 439 2647 de
450 2617 588 2649 utilitate
599 2618 806 2650 Psalmorum.
820 2620 882 2650 f.18
894 2621 924 2650 b.

188 2668 287 2709 Incip.
315 2673 336 2686 ‘⁶
350 2668 451 2707 Quam
480 2673 573 2710 grata
600 2669 639 2700 sit
669 2674 702 2700 et
725 2671 925 2711 acceptabilis

167 2719 236 2750 Deo
252 2719 443 2760 psalmorum
465 2720 600 2758 devotio,
617 2722 757 2753 dicamus
773 2723 855 2764 quod
871 2734 924 2754 no-

166 2772 214 2803 bis
230 2770 316 2802 Deus
331 2771 449 2802 donare
465 2772 612 2813 dignatus
629 2773 710 2804 est.''

1141 245 1177 275 In
1195 246 1288 282 calce,
1306 251 1326 265 “
1340 246 1476 289 Explicit
1492 259 1593 279 sermo
1606 249 1690 280 beati
1706 250 1874 291 Augustini

1119 296 1206 327 valde
1222 297 1353 328 devotus
1370 299 1408 329 dc
1424 299 1562 330 utilitate
1578 301 1797 341 psalmorum?

1033 357 1062 385 5.
1082 356 1299 397 Repertorium
1315 359 1434 395 Bibliae,
1452 361 1560 392 ordine
1583 362 1781 403 alphabetico
1805 375 1874 393 011111

1097 408 1234 449 prologo.
1258 409 1308 439 fol.
1324 411 1402 449 781»

1141 458 1239 500 Incip.
1256 461 1333 500 prol.
1351 466 1369 478 “
1384 462 1470 493 Licet
1495 464 1630 494 nonnulli
1653 470 1765 496 cuncta
1788 478 1874 497 voca-

1121 509 1192 540 bula
1208 511 1330 542 biblie.”

1141 561 1240 602 Incip.
1270 574 1355 603 opus.
1387 568 1407 581 “
1421 565 1513 596 Abba
1543 568 1711 598 secundum
1744 569 1874 610 Papiam

1120 612 1232 653 Syrum
1247 624 1360 644 nomon
1376 616 1451 645 ests*

1034 670 1062 701 6.
1081 671 1203 702 Tabula
1230 677 1450 704 contentorum
1476 675 1508 705 in
1533 676 1564 706 S.
1582 677 1795 718 Ghrysostomi
1824 681 1876 710 ho-

1098 722 1190 753 miliis
1205 731 1245 764 57
1264 724 1294 754 in
1312 724 1343 755 S.
1358 724 1561 764 Matthaeum,
1577 728 1640 759 sive
1656 740 1749 770 opere
1765 731 1875 772 imper-

1098 774 1190 811 fecto,
1208 775 1324 816 praevio
1341 776 1450 807 ordino
1466 777 1671 811 homiliarum.
1696 781 1746 811 fol.
1762 792 1817 823 133
1831 783 1858 812 b.

1140 825 1239 867 Incip.
1256 827 1321 857 tab.
1340 832 1357 843 ⁴⁴
1369 827 1573 863 Adversitas;
1593 831 1725 863 Utilitas
1741 834 1874 864 adversi-

1118 882 1222 908 tatum
1238 879 1485 919 temp01·alimn.”

1034 937 1060 967 7.
1079 935 1225 967 Gulielmi
1242 937 1386 973 Nortoni.
1405 938 1480 969 Ord.
1499 938 1588 975 Min..
1611 941 1703 971 index
1726 942 1872 983 alphabe-

1097 989 1177 1019 ticus
1193 989 1225 1019 in
1241 989 1366 1020 Nicolai
1383 990 1421 1020 (10
1441 990 1523 1031 Lyra
1539 991 1657 1023 scholia
1672 994 1711 1023 ad
1726 994 1827 1025 Vetus
1843 1003 1874 1025 et

1097 1041 1218 1071 Novum
1232 1041 1481 1078 Testamentum,
1498 1043 1617 1083 praex'ia
1632 1044 1741 1075 tabula
1758 1045 1873 1086 Lyrani

1095 1093 1310 1134 quaestionum.
1338 1093 1390 1124 fol.
1409 1097 1464 1134 167
1477 1094 1507 1124 b.

1140 1144 1237 1185 Incip.
1257 1150 1275 1159 ‘¹
1289 1145 1441 1175 Abacuck
1463 1145 1665 1187 prophetavit
1688 1147 1873 1178 destruccio-

1116 1207 1185 1226 nem
1201 1196 1386 1227 Caldeorum
1409 1197 1449 1227 ad
1474 1197 1718 1228 consolationem
1742 1198 1873 1229 duarum

1115 1247 1264 1282 tribuum,
1283 1247 1395 1288 quibus
1411 1248 1471 1289 ipsi
1488 1248 1632 1279 inimicis*

1136 1298 1175 1329 Iu
1187 1298 1281 1336 calce,
1296 1305 1314 1314 “
1329 1299 1469 1340 Explicit
1484 1300 1593 1331 tabula
1610 1311 1702 1342 super
1714 1301 1873 1332 doctorem

1117 1350 1155 1380 de
1174 1349 1258 1391 Lyra
1274 1350 1444 1391 compilata
1462 1362 1518 1392 per
1534 1351 1664 1382 fratrem
1682 1352 1874 1383 &Villclmum

1114 1401 1243 1432 Norton
1265 1402 1303 1433 de
1326 1413 1416 1434 sacro
1432 1403 1541 1434 ordine
1562 1403 1697 1434 fratrum
1720 1404 1874 1435 minorum

1114 1453 1144 1483 in
1161 1457 1315 1484 conventu
1331 1454 1545 1493 Coventrensi,
1563 1466 1646 1486 anno
1663 1456 1788 1486 Domini
1810 1456 1874 1486 mil⁴

1113 1504 1220 1534 lesimo
1236 1510 1320 1535 00000
1335 1506 1463 1536 tercio?

1027 1567 1055 1595 8.
1074 1563 1240 1606 Expositio
1263 1564 1393 1596 literalis
1416 1565 1563 1596 Psalterii
1583 1566 1678 1607 juxta
1700 1567 1872 1597 sententias

1090 1615 1289 1646 authenticas
1306 1615 1360 1646 SS.
1373 1615 1572 1657 Hieronymi,
1588 1615 1758 1657 Augustini
1776 1617 1873 1647 (liver—

1091 1676 1267 1706 sorumque‚
1279 1677 1349 1696 eum
1360 1666 1489 1708 prologo
1500 1666 1693 1708 epilogoque.
1706 1666 1756 1697 fol.
1772 1668 1809 1697 26
1812 1678 1830 1708 5
1844 1669 1871 1698 b.

1134 1722 1230 1763 Incip.
1248 1722 1326 1763 prol.
1345 1728 1363 1737 ‘¹
1375 1722 1427 1753 Ad
1452 1723 1700 1754 consolacionem
1723 1723 1868 1753 fidelium.

1111 1785 1217 1804 eorum
1233 1774 1400 1805 1111131111οΠἸ

1133 1825 1232 1866 Incip.
1249 1837 1336 1866 opus,
1356 1832 1374 1841 “
1387 1826 1438 1856 Ad
1455 1825 1590 1867 primum
1606 1827 1758 1868 psalmum
1776 1828 1871 1868 igitur

1110 1877 1287 1908 accedendo
1304 1878 1477 1908 notandum
1494 1878 1572 1908 est.”

1132 1929 1238 1959 Desin.
1255 1932 1275 1946 “
1289 1940 1351 1970 qua
1367 1929 1426 1959 fuit
1443 1928 1627 1970 purificatus
1650 1940 1688 1960 ex
1712 1931 1870 1971 sanguinis

1110 1980 1318 2022 aspersione.”

1131 2031 1230 2073 Incip.
1239 2032 1308 2073 epil.
1325 2032 1516 2073 “Completa
1529 2035 1577 2063 est
1592 2036 1699 2063 autem
1712 2034 1868 2074 exposieio

1105 2083 1234 2114 literalis
1256 2083 1397 2124 psalterii
1421 2083 1591 2114 secundum
1622 2084 1796 2115 sentencias
1825 2085 1867 2114 di-

1109 2145 1267 2165 versorum
1287 2139 1319 2166 et
1339 2134 1443 2176 glosas
1467 2135 1643 2166 autenticas
1662 2135 1868 2167 Hebreorum.

1110 2189 1145 2216 ut
1169 2185 1200 2216 in
1225 2186 1395 2227 Scripturis
1418 2187 1449 2216 in
1468 2186 1616 2217 Latinum
1640 2187 1801 2218 translatis
1824 2187 1867 2217 in-

1110 2237 1190 2273 veni,
1209 2237 1282 2278 quia
1297 2238 1399 2268 fateor
1414 2249 1463 2268 me
1480 2238 1642 2269 Hebreum
1658 2239 1807 2268 nescire.'‘

980 2387 1101 2422 Codex
1120 2390 1415 2430 membranaceus,
1431 2391 1466 2424 in
1483 2390 1566 2424 folio
1585 2390 1718 2423 minori.
1736 2389 1769 2421 ff.
1784 2393 1865 2426 239.

1005 2458 1091 2480 secc.
1111 2447 1179 2480 xiv.
1210 2449 1370 2483 exeuntis
1400 2453 1436 2482 et
1466 2461 1543 2485 xv.;
1579 2448 1668 2481 binis
1696 2447 1865 2481 columnis

1004 2510 1175 2539 exaratus.

1022 2571 1050 2600 1.
1068 2570 1282 2609 Quaestionum
1298 2572 1337 2602 de
1358 2571 1548 2612 pignoribus,
1565 2574 1625 2600 etc.
1643 2569 1862 2609 fragmentum.

1086 2621 1134 2652 fol.
1152 2631 1177 2652 1.

1128 2672 1165 2702 In
1189 2683 1286 2713 marg.
1311 2673 1405 2703 f01.2.
1426 2672 1576 2714 superiori
1601 2671 1718 2712 script-a
1741 2677 1787 2702 est
1812 2683 1863 2702 no-

1107 2723 1179 2755 titia
1202 2724 1240 2754 de
1263 2735 1342 2755 acrae
1366 2734 1511 2754 mensura
1531 2728 1561 2753 et
1585 2722 1704 2753 denarii
1728 2723 1863 2763 pondere

1109 2775 1283 2816 Anglicani.
