<?xml version="1.0" encoding="UTF-8"?>
<!DOCTYPE html PUBLIC "-//W3C//DTD XHTML 1.0 Transitional//EN"
    "http://www.w3.org/TR/xhtml1/DTD/xhtml1-transitional.dtd">
<html xmlns="http://www.w3.org/1999/xhtml" xml:lang="en" lang="en">
 <head>
  <title>
</title>
<meta http-equiv="Content-Type" content="text/html;charset=utf-8" />
  <meta name='ocr-system' content='tesseract 3.04.00' />
  <meta name='ocr-capabilities' content='ocr_page ocr_carea ocr_par ocr_line ocrx_word'/>
</head>
<body>
  <div class='ocr_page' id='page_1' title='image "./cataloguscodicum01coxeuoft_0024.png"; bbox 0 0 2254 3117; ppageno 0'>
   <div class='ocr_carea' id='block_1_1' title="bbox 327 160 1575 199">
    <p class='ocr_par' dir='ltr' id='par_1_1' title="bbox 327 160 1575 199">
     <span class='ocr_line' id='line_1_1' title="bbox 327 160 1575 199; baseline 0.005 -6"><span class='ocrx_word' id='word_1_1' title='bbox 327 163 371 193; x_wconf 92' lang='lat'>10</span> <span class='ocrx_word' id='word_1_2' title='bbox 883 160 1180 196; x_wconf 84' lang='lat' dir='ltr'><strong>CATALOGUS</strong></span> <span class='ocrx_word' id='word_1_3' title='bbox 1208 162 1439 198; x_wconf 90' lang='lat' dir='ltr'>CODICUM</span> <span class='ocrx_word' id='word_1_4' title='bbox 1468 164 1575 199; x_wconf 79' lang='lat' dir='ltr'>MSS.</span> 
     </span>
    </p>
   </div>
   <div class='ocr_carea' id='block_1_2' title="bbox 344 257 1198 1115">
    <p class='ocr_par' dir='ltr' id='par_1_2' title="bbox 407 257 1198 543">
     <span class='ocr_line' id='line_1_2' title="bbox 409 257 1198 300; baseline 0.001 -12"><span class='ocrx_word' id='word_1_5' title='bbox 409 258 568 289; x_wconf 76' lang='lat' dir='ltr'>sententiis</span> <span class='ocrx_word' id='word_1_6' title='bbox 594 258 735 294; x_wconf 86' lang='lat' dir='ltr'>selectus,</span> <span class='ocrx_word' id='word_1_7' title='bbox 762 260 794 288; x_wconf 83' lang='lat' dir='ltr'>et</span> <span class='ocrx_word' id='word_1_8' title='bbox 817 257 849 287; x_wconf 91' lang='lat' dir='ltr'>in</span> <span class='ocrx_word' id='word_1_9' title='bbox 871 257 999 288; x_wconf 88' lang='lat' dir='ltr'>ecclesia</span> <span class='ocrx_word' id='word_1_10' title='bbox 1024 259 1198 300; x_wconf 85' lang='lat' dir='ltr'>metropoli-</span> 
     </span>
     <span class='ocr_line' id='line_1_3' title="bbox 407 307 1197 350; baseline 0.001 -11"><span class='ocrx_word' id='word_1_11' title='bbox 407 312 483 339; x_wconf 82' lang='lat' dir='ltr'>tana</span> <span class='ocrx_word' id='word_1_12' title='bbox 520 308 635 339; x_wconf 84' lang='lat' dir='ltr'>Christi</span> <span class='ocrx_word' id='word_1_13' title='bbox 674 307 850 339; x_wconf 81' lang='lat' dir='ltr'>Cantuariae</span> <span class='ocrx_word' id='word_1_14' title='bbox 889 308 1052 349; x_wconf 74' lang='lat' dir='ltr'>praelectus</span> <span class='ocrx_word' id='word_1_15' title='bbox 1083 321 1138 350; x_wconf 87' lang='lat' dir='ltr'>per</span> <span class='ocrx_word' id='word_1_16' title='bbox 1167 311 1197 340; x_wconf 89' lang='lat' dir='ltr'>d.</span> 
     </span>
     <span class='ocr_line' id='line_1_4' title="bbox 409 359 1198 402; baseline 0.001 -12"><span class='ocrx_word' id='word_1_17' title='bbox 409 360 538 390; x_wconf 85' lang='lat' dir='ltr'>Petrum</span> <span class='ocrx_word' id='word_1_18' title='bbox 554 360 777 396; x_wconf 73' lang='lat' dir='ltr'><strong>Alexandrum,</strong></span> <span class='ocrx_word' id='word_1_19' title='bbox 794 359 825 389; x_wconf 90' lang='lat' dir='ltr'>in</span> <span class='ocrx_word' id='word_1_20' title='bbox 846 359 953 389; x_wconf 86' lang='lat' dir='ltr'>eadem</span> <span class='ocrx_word' id='word_1_21' title='bbox 976 359 1101 391; x_wconf 87' lang='lat' dir='ltr'>ecclesia</span> <span class='ocrx_word' id='word_1_22' title='bbox 1121 372 1198 402; x_wconf 84' lang='lat' dir='ltr'>prae-</span> 
     </span>
     <span class='ocr_line' id='line_1_5' title="bbox 407 410 1197 452; baseline 0.003 -12"><span class='ocrx_word' id='word_1_23' title='bbox 407 411 597 447; x_wconf 81' lang='lat' dir='ltr'>bendarium,</span> <span class='ocrx_word' id='word_1_24' title='bbox 623 414 654 441; x_wconf 79' lang='lat' dir='ltr'>et</span> <span class='ocrx_word' id='word_1_25' title='bbox 678 421 772 441; x_wconf 62' lang='lat' dir='ltr'>sacrae</span> <span class='ocrx_word' id='word_1_26' title='bbox 797 410 960 451; x_wconf 79' lang='lat' dir='ltr'>theologiae</span> <span class='ocrx_word' id='word_1_27' title='bbox 985 411 1197 452; x_wconf 80' lang='lat' dir='ltr'><strong>professorem,</strong></span> 
     </span>
     <span class='ocr_line' id='line_1_6' title="bbox 407 462 1197 502; baseline 0.004 -11"><span class='ocrx_word' id='word_1_28' title='bbox 407 473 488 492; x_wconf 90' lang='lat' dir='ltr'>anno</span> <span class='ocrx_word' id='word_1_29' title='bbox 513 462 638 492; x_wconf 83' lang='lat' dir='ltr'>Domini</span> <span class='ocrx_word' id='word_1_30' title='bbox 659 471 734 502; x_wconf 76' lang='lat'>1553</span> <span class='ocrx_word' id='word_1_31' title='bbox 758 466 789 492; x_wconf 82' lang='lat' dir='ltr'>et</span> <span class='ocrx_word' id='word_1_32' title='bbox 805 462 885 502; x_wconf 86' lang='lat' dir='ltr'>regis</span> <span class='ocrx_word' id='word_1_33' title='bbox 906 463 1004 493; x_wconf 85' lang='lat' dir='ltr'>nostri</span> <span class='ocrx_word' id='word_1_34' title='bbox 1027 463 1197 494; x_wconf 86' lang='lat' dir='ltr'>clementis-</span> 
     </span>
     <span class='ocr_line' id='line_1_7' title="bbox 407 512 902 543; baseline 0.002 -1"><span class='ocrx_word' id='word_1_35' title='bbox 407 512 476 543; x_wconf 85' lang='lat' dir='ltr'>simi</span> <span class='ocrx_word' id='word_1_36' title='bbox 493 512 637 542; x_wconf 80' lang='lat' dir='ltr'>Edwardi</span> <span class='ocrx_word' id='word_1_37' title='bbox 653 512 740 542; x_wconf 92' lang='lat' dir='ltr'>Sexti</span> <span class='ocrx_word' id='word_1_38' title='bbox 757 514 783 542; x_wconf 87' lang='lat'>6.</span> <span class='ocrx_word' id='word_1_39' title='bbox 810 513 859 542; x_wconf 82' lang='lat' dir='ltr'>sol.</span> <span class='ocrx_word' id='word_1_40' title='bbox 878 523 902 543; x_wconf 84' lang='lat'>1.</span> 
     </span>
    </p>

    <p class='ocr_par' dir='ltr' id='par_1_3' title="bbox 450 563 1197 603">
     <span class='ocr_line' id='line_1_8' title="bbox 450 563 1197 603; baseline 0.005 -11"><span class='ocrx_word' id='word_1_41' title='bbox 450 563 546 603; x_wconf 89' lang='lat' dir='ltr'>Incip.</span> <span class='ocrx_word' id='word_1_42' title='bbox 560 574 626 603; x_wconf 83' lang='lat' dir='ltr'>cap.</span> <span class='ocrx_word' id='word_1_43' title='bbox 645 573 666 593; x_wconf 88' lang='lat'>1.</span> <span class='ocrx_word' id='word_1_44' title='bbox 679 570 697 579; x_wconf 63' lang='lat'>‘⁵</span> <span class='ocrx_word' id='word_1_45' title='bbox 708 563 757 593; x_wconf 88' lang='lat' dir='ltr'>Dc</span> <span class='ocrx_word' id='word_1_46' title='bbox 769 564 1084 596; x_wconf 78' lang='lat' dir='ltr'>excommunicatione</span> <span class='ocrx_word' id='word_1_47' title='bbox 1097 569 1128 596; x_wconf 85' lang='lat' dir='ltr'>et</span> <span class='ocrx_word' id='word_1_48' title='bbox 1138 566 1197 596; x_wconf 86' lang='lat' dir='ltr'>dis-</span> 
     </span>
    </p>

    <p class='ocr_par' dir='ltr' id='par_1_4' title="bbox 428 614 968 654">
     <span class='ocr_line' id='line_1_9' title="bbox 428 614 968 654; baseline 0.006 -11"><span class='ocrx_word' id='word_1_49' title='bbox 428 614 539 654; x_wconf 86' lang='lat' dir='ltr'>ciplina</span> <span class='ocrx_word' id='word_1_50' title='bbox 554 614 759 645; x_wconf 85' lang='lat' dir='ltr'>ecclesiastica</span> <span class='ocrx_word' id='word_1_51' title='bbox 775 616 968 646; x_wconf 79' lang='lat' dir='ltr'>tractat111·i.”</span> 
     </span>
    </p>

    <p class='ocr_par' dir='ltr' id='par_1_5' title="bbox 449 663 1037 705">
     <span class='ocr_line' id='line_1_10' title="bbox 449 663 1037 705; baseline 0.007 -12"><span class='ocrx_word' id='word_1_52' title='bbox 449 663 545 694; x_wconf 76' lang='lat' dir='ltr'>Praeit</span> <span class='ocrx_word' id='word_1_53' title='bbox 561 664 668 694; x_wconf 86' lang='lat' dir='ltr'>tabula</span> <span class='ocrx_word' id='word_1_54' title='bbox 682 665 829 705; x_wconf 88' lang='lat' dir='ltr'>capitum,</span> <span class='ocrx_word' id='word_1_55' title='bbox 844 677 970 696; x_wconf 88' lang='lat' dir='ltr'>numero</span> <span class='ocrx_word' id='word_1_56' title='bbox 986 667 1037 697; x_wconf 77' lang='lat' dir='ltr'>xii.</span> 
     </span>
    </p>

    <p class='ocr_par' dir='ltr' id='par_1_6' title="bbox 344 718 1197 913">
     <span class='ocr_line' id='line_1_11' title="bbox 344 718 1196 763; baseline 0.007 -16"><span class='ocrx_word' id='word_1_57' title='bbox 344 720 371 747; x_wconf 65' lang='lat' dir='ltr'>Q.</span> <span class='ocrx_word' id='word_1_58' title='bbox 390 718 555 749; x_wconf 82' lang='lat' dir='ltr'>Tractatus</span> <span class='ocrx_word' id='word_1_59' title='bbox 571 719 608 749; x_wconf 87' lang='lat' dir='ltr'>de</span> <span class='ocrx_word' id='word_1_60' title='bbox 621 730 691 749; x_wconf 88' lang='lat' dir='ltr'>vero</span> <span class='ocrx_word' id='word_1_61' title='bbox 703 723 735 750; x_wconf 88' lang='lat' dir='ltr'>et</span> <span class='ocrx_word' id='word_1_62' title='bbox 751 720 839 750; x_wconf 88' lang='lat' dir='ltr'>unico</span> <span class='ocrx_word' id='word_1_63' title='bbox 856 720 990 751; x_wconf 88' lang='lat' dir='ltr'>fidelium</span> <span class='ocrx_word' id='word_1_64' title='bbox 1007 722 1196 763; x_wconf 86' lang='lat' dir='ltr'>purgatorio,</span> 
     </span>
     <span class='ocr_line' id='line_1_12' title="bbox 406 770 1197 814; baseline 0.006 -15"><span class='ocrx_word' id='word_1_65' title='bbox 406 780 443 799; x_wconf 84' lang='lat' dir='ltr'>ex</span> <span class='ocrx_word' id='word_1_66' title='bbox 459 770 543 810; x_wconf 85' lang='lat' dir='ltr'>puris</span> <span class='ocrx_word' id='word_1_67' title='bbox 554 770 701 807; x_wconf 76' lang='lat' dir='ltr'>fontibus,</span> <span class='ocrx_word' id='word_1_68' title='bbox 719 770 791 812; x_wconf 87' lang='lat' dir='ltr'>[etc.</span> <span class='ocrx_word' id='word_1_69' title='bbox 807 775 841 802; x_wconf 89' lang='lat' dir='ltr'>ut</span> <span class='ocrx_word' id='word_1_70' title='bbox 854 772 973 814; x_wconf 88' lang='lat' dir='ltr'>supra‚]</span> <span class='ocrx_word' id='word_1_71' title='bbox 991 773 1129 809; x_wconf 78' lang='lat' dir='ltr'>selectus,</span> <span class='ocrx_word' id='word_1_72' title='bbox 1143 784 1197 814; x_wconf 87' lang='lat' dir='ltr'>per</span> 
     </span>
     <span class='ocr_line' id='line_1_13' title="bbox 406 821 1197 864; baseline 0.006 -15"><span class='ocrx_word' id='word_1_73' title='bbox 406 821 535 850; x_wconf 87' lang='lat' dir='ltr'>eundem</span> <span class='ocrx_word' id='word_1_74' title='bbox 553 821 701 856; x_wconf 84' lang='lat' dir='ltr'>Petrum;</span> <span class='ocrx_word' id='word_1_75' title='bbox 727 833 806 852; x_wconf 87' lang='lat' dir='ltr'>anno</span> <span class='ocrx_word' id='word_1_76' title='bbox 818 822 943 853; x_wconf 87' lang='lat' dir='ltr'>Domini</span> <span class='ocrx_word' id='word_1_77' title='bbox 961 834 968 853; x_wconf 88' lang='grc' dir='ltr'>ι</span> <span class='ocrx_word' id='word_1_78' title='bbox 976 832 994 864; x_wconf 86' lang='lat'><em>5</em></span> <span class='ocrx_word' id='word_1_79' title='bbox 998 833 1057 864; x_wconf 79' lang='lat'>52;</span> <span class='ocrx_word' id='word_1_80' title='bbox 1083 824 1197 864; x_wconf 87' lang='lat' dir='ltr'>praevia</span> 
     </span>
     <span class='ocr_line' id='line_1_14' title="bbox 407 871 965 913; baseline 0.007 -13"><span class='ocrx_word' id='word_1_81' title='bbox 407 871 611 911; x_wconf 86' lang='lat' dir='ltr'>capitulorum</span> <span class='ocrx_word' id='word_1_82' title='bbox 626 883 679 902; x_wconf 84' lang='lat' dir='ltr'>sex</span> <span class='ocrx_word' id='word_1_83' title='bbox 697 873 812 903; x_wconf 86' lang='lat' dir='ltr'>tabula.</span> <span class='ocrx_word' id='word_1_84' title='bbox 836 873 887 904; x_wconf 87' lang='lat' dir='ltr'>fol.</span> <span class='ocrx_word' id='word_1_85' title='bbox 904 883 965 913; x_wconf 56' lang='lat'>421</span> 
     </span>
    </p>

    <p class='ocr_par' dir='ltr' id='par_1_7' title="bbox 407 921 1195 1015">
     <span class='ocr_line' id='line_1_15' title="bbox 449 921 1195 964; baseline 0.007 -13"><span class='ocrx_word' id='word_1_86' title='bbox 449 921 546 963; x_wconf 83' lang='lat' dir='ltr'>Incip.</span> <span class='ocrx_word' id='word_1_87' title='bbox 571 934 637 964; x_wconf 90' lang='lat' dir='ltr'>cap.</span> <span class='ocrx_word' id='word_1_88' title='bbox 654 923 672 954; x_wconf 84' lang='lat' dir='ltr'>i.</span> <span class='ocrx_word' id='word_1_89' title='bbox 697 929 714 940; x_wconf 77' lang='grc'>“</span> <span class='ocrx_word' id='word_1_90' title='bbox 731 924 778 954; x_wconf 86' lang='lat' dir='ltr'>Dc</span> <span class='ocrx_word' id='word_1_91' title='bbox 801 935 872 954; x_wconf 85' lang='lat' dir='ltr'>vero</span> <span class='ocrx_word' id='word_1_92' title='bbox 895 930 926 955; x_wconf 89' lang='lat' dir='ltr'>et</span> <span class='ocrx_word' id='word_1_93' title='bbox 948 926 1038 956; x_wconf 89' lang='lat' dir='ltr'>unico</span> <span class='ocrx_word' id='word_1_94' title='bbox 1061 925 1195 956; x_wconf 82' lang='lat' dir='ltr'>fidelium</span> 
     </span>
     <span class='ocr_line' id='line_1_16' title="bbox 407 973 1139 1015; baseline 0.007 -13"><span class='ocrx_word' id='word_1_95' title='bbox 407 973 597 1013; x_wconf 85' lang='lat' dir='ltr'>purgatorio,</span> <span class='ocrx_word' id='word_1_96' title='bbox 613 974 716 1004; x_wconf 80' lang='lat' dir='ltr'>divina</span> <span class='ocrx_word' id='word_1_97' title='bbox 732 975 933 1015; x_wconf 77' lang='lat' dir='ltr'>coadjuvante</span> <span class='ocrx_word' id='word_1_98' title='bbox 949 976 1139 1007; x_wconf 74' lang='lat' dir='ltr'>clenientia.”</span> 
     </span>
    </p>

    <p class='ocr_par' dir='ltr' id='par_1_8' title="bbox 408 1023 1195 1115">
     <span class='ocr_line' id='line_1_17' title="bbox 450 1023 1195 1069; baseline 0.004 -16"><span class='ocrx_word' id='word_1_99' title='bbox 450 1023 487 1053; x_wconf 90' lang='lat' dir='ltr'>In</span> <span class='ocrx_word' id='word_1_100' title='bbox 515 1025 604 1061; x_wconf 80' lang='lat' dir='ltr'>calce,</span> <span class='ocrx_word' id='word_1_101' title='bbox 635 1030 652 1041; x_wconf 82' lang='grc'>“</span> <span class='ocrx_word' id='word_1_102' title='bbox 674 1025 768 1056; x_wconf 86' lang='lat' dir='ltr'>Finis.</span> <span class='ocrx_word' id='word_1_103' title='bbox 814 1026 852 1056; x_wconf 91' lang='lat' dir='ltr'>In</span> <span class='ocrx_word' id='word_1_104' title='bbox 883 1027 964 1058; x_wconf 86' lang='lat' dir='ltr'>nullo</span> <span class='ocrx_word' id='word_1_105' title='bbox 992 1027 1195 1069; x_wconf 83' lang='lat' dir='ltr'>gloriandum,</span> 
     </span>
     <span class='ocr_line' id='line_1_18' title="bbox 408 1076 865 1115; baseline 0.007 -10"><span class='ocrx_word' id='word_1_106' title='bbox 408 1076 529 1115; x_wconf 90' lang='lat' dir='ltr'>quando</span> <span class='ocrx_word' id='word_1_107' title='bbox 545 1080 684 1107; x_wconf 83' lang='lat' dir='ltr'>nostrum</span> <span class='ocrx_word' id='word_1_108' title='bbox 700 1077 774 1107; x_wconf 90' lang='lat' dir='ltr'>nihil</span> <span class='ocrx_word' id='word_1_109' title='bbox 790 1079 865 1108; x_wconf 82' lang='lat' dir='ltr'>est.”</span> 
     </span>
    </p>
   </div>
   <div class='ocr_carea' id='block_1_3' title="bbox 670 1179 854 1213">
    <p class='ocr_par' dir='ltr' id='par_1_9' title="bbox 670 1179 854 1213">
     <span class='ocr_line' id='line_1_19' title="bbox 670 1179 854 1213; baseline 0 0"><span class='ocrx_word' id='word_1_110' title='bbox 670 1179 854 1213; x_wconf 86' lang='lat' dir='ltr'>XXXIII.</span> 
     </span>
    </p>
   </div>
   <div class='ocr_carea' id='block_1_4' title="bbox 325 1241 1193 1344">
    <p class='ocr_par' dir='ltr' id='par_1_10' title="bbox 325 1241 1193 1344">
     <span class='ocr_line' id='line_1_20' title="bbox 325 1241 1192 1282; baseline -0.001 -7"><span class='ocrx_word' id='word_1_111' title='bbox 325 1241 444 1275; x_wconf 82' lang='lat' dir='ltr'>Codex</span> <span class='ocrx_word' id='word_1_112' title='bbox 469 1243 757 1282; x_wconf 86' lang='lat' dir='ltr'>membranaceus,</span> <span class='ocrx_word' id='word_1_113' title='bbox 785 1244 817 1276; x_wconf 91' lang='lat' dir='ltr'>in</span> <span class='ocrx_word' id='word_1_114' title='bbox 843 1243 1029 1282; x_wconf 77' lang='lat' dir='ltr'>4t0‚ff.71‚</span> <span class='ocrx_word' id='word_1_115' title='bbox 1048 1254 1192 1281; x_wconf 74' lang='lat' dir='ltr'>sec.xv¹⁷</span> 
     </span>
     <span class='ocr_line' id='line_1_21' title="bbox 349 1299 1193 1344; baseline 0.001 -13"><span class='ocrx_word' id='word_1_116' title='bbox 349 1299 430 1332; x_wconf 92' lang='lat' dir='ltr'>olim</span> <span class='ocrx_word' id='word_1_117' title='bbox 464 1299 602 1332; x_wconf 78' lang='lat' dir='ltr'>Thomae</span> <span class='ocrx_word' id='word_1_118' title='bbox 636 1300 792 1339; x_wconf 86' lang='lat' dir='ltr'>Browne,</span> <span class='ocrx_word' id='word_1_119' title='bbox 828 1305 946 1344; x_wconf 84' lang='lat' dir='ltr'>postea</span> <span class='ocrx_word' id='word_1_120' title='bbox 976 1299 1052 1334; x_wconf 88' lang='lat' dir='ltr'>coll.</span> <span class='ocrx_word' id='word_1_121' title='bbox 1090 1299 1193 1333; x_wconf 86' lang='lat' dir='ltr'>Univ.</span> 
     </span>
    </p>
   </div>
   <div class='ocr_carea' id='block_1_5' title="bbox 322 1357 1194 2528">
    <p class='ocr_par' dir='ltr' id='par_1_11' title="bbox 349 1357 1194 1448">
     <span class='ocr_line' id='line_1_22' title="bbox 349 1357 1194 1402; baseline 0.002 -13"><span class='ocrx_word' id='word_1_122' title='bbox 349 1368 392 1389; x_wconf 87' lang='lat' dir='ltr'>cx</span> <span class='ocrx_word' id='word_1_123' title='bbox 416 1357 505 1390; x_wconf 88' lang='lat' dir='ltr'>dono</span> <span class='ocrx_word' id='word_1_124' title='bbox 526 1357 692 1391; x_wconf 66' lang='lat' dir='ltr'>¹Iohannis</span> <span class='ocrx_word' id='word_1_125' title='bbox 710 1357 883 1398; x_wconf 82' lang='lat' dir='ltr'>Baneroft,</span> <span class='ocrx_word' id='word_1_126' title='bbox 906 1369 958 1402; x_wconf 85' lang='lat' dir='ltr'>ep.</span> <span class='ocrx_word' id='word_1_127' title='bbox 979 1357 1090 1391; x_wconf 76' lang='lat' dir='ltr'>Oxou.</span> <span class='ocrx_word' id='word_1_128' title='bbox 1106 1369 1194 1391; x_wconf 81' lang='lat' dir='ltr'>anno</span> 
     </span>
     <span class='ocr_line' id='line_1_23' title="bbox 350 1413 454 1448; baseline -0.01 -1"><span class='ocrx_word' id='word_1_129' title='bbox 350 1413 454 1448; x_wconf 75' lang='lat'>1632.</span> 
     </span>
    </p>

    <p class='ocr_par' dir='ltr' id='par_1_12' title="bbox 366 1473 1193 1618">
     <span class='ocr_line' id='line_1_24' title="bbox 366 1473 1193 1516; baseline 0.001 -12"><span class='ocrx_word' id='word_1_130' title='bbox 366 1473 460 1504; x_wconf 86' lang='lat' dir='ltr'>Liber</span> <span class='ocrx_word' id='word_1_131' title='bbox 475 1474 617 1505; x_wconf 88' lang='lat' dir='ltr'>collectus</span> <span class='ocrx_word' id='word_1_132' title='bbox 630 1475 667 1505; x_wconf 86' lang='lat' dir='ltr'>de</span> <span class='ocrx_word' id='word_1_133' title='bbox 681 1475 776 1516; x_wconf 81' lang='lat' dir='ltr'>gestis</span> <span class='ocrx_word' id='word_1_134' title='bbox 792 1480 823 1506; x_wconf 92' lang='lat' dir='ltr'>et</span> <span class='ocrx_word' id='word_1_135' title='bbox 840 1475 1093 1506; x_wconf 73' lang='lat' dir='ltr'>translationibus</span> <span class='ocrx_word' id='word_1_136' title='bbox 1108 1486 1193 1505; x_wconf 89' lang='lat' dir='ltr'>sanc-</span> 
     </span>
     <span class='ocr_line' id='line_1_25' title="bbox 387 1525 1193 1567; baseline 0.002 -13"><span class='ocrx_word' id='word_1_137' title='bbox 387 1529 489 1555; x_wconf 89' lang='lat' dir='ltr'>torum</span> <span class='ocrx_word' id='word_1_138' title='bbox 514 1525 606 1555; x_wconf 89' lang='lat' dir='ltr'>trium</span> <span class='ocrx_word' id='word_1_139' title='bbox 629 1526 748 1567; x_wconf 82' lang='lat' dir='ltr'>Regum</span> <span class='ocrx_word' id='word_1_140' title='bbox 772 1527 809 1556; x_wconf 90' lang='lat' dir='ltr'>dc</span> <span class='ocrx_word' id='word_1_141' title='bbox 837 1526 973 1563; x_wconf 85' lang='lat' dir='ltr'>Colonia,</span> <span class='ocrx_word' id='word_1_142' title='bbox 1001 1526 1032 1556; x_wconf 89' lang='lat' dir='ltr'>in</span> <span class='ocrx_word' id='word_1_143' title='bbox 1058 1526 1193 1567; x_wconf 85' lang='lat' dir='ltr'>capitula</span> 
     </span>
     <span class='ocr_line' id='line_1_26' title="bbox 387 1575 1126 1618; baseline 0.003 -12"><span class='ocrx_word' id='word_1_144' title='bbox 387 1575 457 1606; x_wconf 80' lang='lat' dir='ltr'>xlvi.</span> <span class='ocrx_word' id='word_1_145' title='bbox 472 1576 644 1613; x_wconf 87' lang='lat' dir='ltr'>distinctus,</span> <span class='ocrx_word' id='word_1_146' title='bbox 661 1577 773 1618; x_wconf 82' lang='lat' dir='ltr'>praevia</span> <span class='ocrx_word' id='word_1_147' title='bbox 789 1578 895 1608; x_wconf 82' lang='lat' dir='ltr'>tabula</span> <span class='ocrx_word' id='word_1_148' title='bbox 911 1578 1126 1617; x_wconf 86' lang='lat' dir='ltr'>capitulorum.</span> 
     </span>
    </p>

    <p class='ocr_par' dir='ltr' id='par_1_13' title="bbox 407 1626 1193 1722">
     <span class='ocr_line' id='line_1_27' title="bbox 429 1626 1193 1668; baseline 0.004 -12"><span class='ocrx_word' id='word_1_149' title='bbox 429 1626 525 1668; x_wconf 87' lang='lat' dir='ltr'>Incip.</span> <span class='ocrx_word' id='word_1_150' title='bbox 544 1632 560 1644; x_wconf 64' lang='lat'>‘⁴</span> <span class='ocrx_word' id='word_1_151' title='bbox 576 1628 651 1659; x_wconf 87' lang='lat' dir='ltr'>Cum</span> <span class='ocrx_word' id='word_1_152' title='bbox 667 1629 993 1659; x_wconf 85' lang='lat' dir='ltr'>vcnerandissimorum</span> <span class='ocrx_word' id='word_1_153' title='bbox 1016 1629 1110 1659; x_wconf 88' lang='lat' dir='ltr'>trium</span> <span class='ocrx_word' id='word_1_154' title='bbox 1131 1640 1193 1659; x_wconf 89' lang='lat' dir='ltr'>ma-</span> 
     </span>
     <span class='ocr_line' id='line_1_28' title="bbox 407 1680 984 1722; baseline 0.003 -14"><span class='ocrx_word' id='word_1_155' title='bbox 407 1689 526 1719; x_wconf 82' lang='lat' dir='ltr'>gorum,</span> <span class='ocrx_word' id='word_1_156' title='bbox 541 1690 610 1720; x_wconf 90' lang='lat' dir='ltr'>ymo</span> <span class='ocrx_word' id='word_1_157' title='bbox 625 1680 723 1711; x_wconf 80' lang='lat' dir='ltr'>verius</span> <span class='ocrx_word' id='word_1_158' title='bbox 740 1681 833 1711; x_wconf 87' lang='lat' dir='ltr'>trium</span> <span class='ocrx_word' id='word_1_159' title='bbox 848 1682 984 1722; x_wconf 83' lang='lat' dir='ltr'>1·cgum.”</span> 
     </span>
    </p>

    <p class='ocr_par' dir='ltr' id='par_1_14' title="bbox 406 1729 1194 1975">
     <span class='ocr_line' id='line_1_29' title="bbox 428 1729 1193 1769; baseline 0.003 -9"><span class='ocrx_word' id='word_1_160' title='bbox 428 1729 466 1760; x_wconf 91' lang='lat' dir='ltr'>In</span> <span class='ocrx_word' id='word_1_161' title='bbox 478 1731 558 1761; x_wconf 86' lang='lat' dir='ltr'>calce</span> <span class='ocrx_word' id='word_1_162' title='bbox 574 1732 686 1762; x_wconf 77' lang='lat' dir='ltr'>tabulae</span> <span class='ocrx_word' id='word_1_163' title='bbox 703 1737 844 1763; x_wconf 86' lang='lat' dir='ltr'>notatum</span> <span class='ocrx_word' id='word_1_164' title='bbox 860 1738 915 1769; x_wconf 74' lang='lat' dir='ltr'>cst,</span> <span class='ocrx_word' id='word_1_165' title='bbox 931 1738 948 1749; x_wconf 60' lang='lat'>⁴²</span> <span class='ocrx_word' id='word_1_166' title='bbox 963 1734 1056 1763; x_wconf 88' lang='lat' dir='ltr'>Anno</span> <span class='ocrx_word' id='word_1_167' title='bbox 1067 1732 1193 1763; x_wconf 88' lang='lat' dir='ltr'>Domini</span> 
     </span>
     <span class='ocr_line' id='line_1_30' title="bbox 407 1833 1194 1874; baseline 0.001 -12"><span class='ocrx_word' id='word_1_168' title='bbox 407 1843 535 1873; x_wconf 90' lang='lat' dir='ltr'>corpora</span> <span class='ocrx_word' id='word_1_169' title='bbox 571 1837 746 1864; x_wconf 88' lang='lat' dir='ltr'>sanctorum</span> <span class='ocrx_word' id='word_1_170' title='bbox 782 1834 875 1864; x_wconf 89' lang='lat' dir='ltr'>trium</span> <span class='ocrx_word' id='word_1_171' title='bbox 905 1845 1011 1874; x_wconf 85' lang='lat' dir='ltr'>regum</span> <span class='ocrx_word' id='word_1_172' title='bbox 1040 1833 1194 1864; x_wconf 85' lang='lat' dir='ltr'>translata</span> 
     </span>
     <span class='ocr_line' id='line_1_31' title="bbox 407 1883 1193 1925; baseline 0.001 -12"><span class='ocrx_word' id='word_1_173' title='bbox 407 1887 478 1914; x_wconf 77' lang='lat' dir='ltr'>sunt</span> <span class='ocrx_word' id='word_1_174' title='bbox 498 1883 624 1914; x_wconf 86' lang='lat' dir='ltr'>Colonie</span> <span class='ocrx_word' id='word_1_175' title='bbox 648 1896 702 1925; x_wconf 85' lang='lat' dir='ltr'>pel·</span> <span class='ocrx_word' id='word_1_176' title='bbox 725 1885 805 1915; x_wconf 87' lang='lat' dir='ltr'>clare</span> <span class='ocrx_word' id='word_1_177' title='bbox 828 1885 972 1915; x_wconf 81' lang='lat' dir='ltr'>memorie</span> <span class='ocrx_word' id='word_1_178' title='bbox 1002 1884 1193 1925; x_wconf 72' lang='lat' dir='ltr'>Reynoldum</span> 
     </span>
     <span class='ocr_line' id='line_1_32' title="bbox 406 1934 704 1975; baseline 0.003 -10"><span class='ocrx_word' id='word_1_179' title='bbox 406 1934 538 1975; x_wconf 80' lang='lat' dir='ltr'>archiep.</span> <span class='ocrx_word' id='word_1_180' title='bbox 555 1935 704 1966; x_wconf 75' lang='lat' dir='ltr'>colonio.”</span> 
     </span>
    </p>

    <p class='ocr_par' dir='ltr' id='par_1_15' title="bbox 405 1984 1192 2130">
     <span class='ocr_line' id='line_1_33' title="bbox 427 1984 1192 2027; baseline 0.003 -13"><span class='ocrx_word' id='word_1_181' title='bbox 427 1984 531 2015; x_wconf 85' lang='lat' dir='ltr'>Desin.</span> <span class='ocrx_word' id='word_1_182' title='bbox 548 1996 613 2026; x_wconf 86' lang='lat' dir='ltr'>cap.</span> <span class='ocrx_word' id='word_1_183' title='bbox 629 1986 682 2016; x_wconf 89' lang='lat' dir='ltr'>ult.</span> <span class='ocrx_word' id='word_1_184' title='bbox 701 1992 718 2002; x_wconf 63' lang='lat'>‘⁸</span> <span class='ocrx_word' id='word_1_185' title='bbox 734 1987 764 2016; x_wconf 92' lang='lat' dir='ltr'>in</span> <span class='ocrx_word' id='word_1_186' title='bbox 785 1987 832 2017; x_wconf 91' lang='lat' dir='ltr'>die</span> <span class='ocrx_word' id='word_1_187' title='bbox 845 1986 951 2027; x_wconf 90' lang='lat' dir='ltr'>judicii</span> <span class='ocrx_word' id='word_1_188' title='bbox 973 1987 1013 2017; x_wconf 87' lang='lat' dir='ltr'>sis</span> <span class='ocrx_word' id='word_1_189' title='bbox 1035 1997 1142 2017; x_wconf 87' lang='lat' dir='ltr'>secura</span> <span class='ocrx_word' id='word_1_190' title='bbox 1162 1986 1192 2016; x_wconf 91' lang='lat' dir='ltr'>in</span> 
     </span>
     <span class='ocr_line' id='line_1_34' title="bbox 406 2036 1190 2078; baseline 0.003 -12"><span class='ocrx_word' id='word_1_191' title='bbox 406 2036 561 2067; x_wconf 89' lang='lat' dir='ltr'>reddenda</span> <span class='ocrx_word' id='word_1_192' title='bbox 584 2038 714 2073; x_wconf 77' lang='lat' dir='ltr'>racione,</span> <span class='ocrx_word' id='word_1_193' title='bbox 738 2039 848 2069; x_wconf 88' lang='lat' dir='ltr'>Amen.</span> <span class='ocrx_word' id='word_1_194' title='bbox 902 2038 984 2068; x_wconf 83' lang='lat' dir='ltr'>Laus</span> <span class='ocrx_word' id='word_1_195' title='bbox 1010 2038 1097 2073; x_wconf 81' lang='lat' dir='ltr'>Deo;</span> <span class='ocrx_word' id='word_1_196' title='bbox 1131 2049 1190 2078; x_wconf 87' lang='lat' dir='ltr'>pax</span> 
     </span>
     <span class='ocr_line' id='line_1_35' title="bbox 405 2087 1007 2130; baseline 0.002 -13"><span class='ocrx_word' id='word_1_197' title='bbox 405 2087 489 2124; x_wconf 88' lang='lat' dir='ltr'>vivis,</span> <span class='ocrx_word' id='word_1_198' title='bbox 503 2092 535 2119; x_wconf 90' lang='lat' dir='ltr'>et</span> <span class='ocrx_word' id='word_1_199' title='bbox 551 2088 668 2130; x_wconf 75' lang='lat' dir='ltr'>requies</span> <span class='ocrx_word' id='word_1_200' title='bbox 684 2088 854 2125; x_wconf 86' lang='lat' dir='ltr'>defunctis;</span> <span class='ocrx_word' id='word_1_201' title='bbox 878 2089 1007 2118; x_wconf 75' lang='lat' dir='ltr'>A111en.”</span> 
     </span>
    </p>

    <p class='ocr_par' dir='ltr' id='par_1_16' title="bbox 403 2137 1192 2231">
     <span class='ocr_line' id='line_1_36' title="bbox 427 2137 1192 2180; baseline 0.003 -13"><span class='ocrx_word' id='word_1_202' title='bbox 427 2137 463 2168; x_wconf 93' lang='lat' dir='ltr'>In</span> <span class='ocrx_word' id='word_1_203' title='bbox 487 2138 578 2175; x_wconf 86' lang='lat' dir='ltr'>calce,</span> <span class='ocrx_word' id='word_1_204' title='bbox 601 2144 619 2156; x_wconf 80' lang='grc'>“</span> <span class='ocrx_word' id='word_1_205' title='bbox 635 2139 770 2180; x_wconf 73' lang='lat' dir='ltr'>Explicit</span> <span class='ocrx_word' id='word_1_206' title='bbox 795 2139 871 2170; x_wconf 88' lang='lat' dir='ltr'>liber</span> <span class='ocrx_word' id='word_1_207' title='bbox 897 2143 1072 2170; x_wconf 84' lang='lat' dir='ltr'>sanctorum</span> <span class='ocrx_word' id='word_1_208' title='bbox 1099 2139 1192 2170; x_wconf 89' lang='lat' dir='ltr'>trium</span> 
     </span>
     <span class='ocr_line' id='line_1_37' title="bbox 403 2190 949 2231; baseline 0.002 -13"><span class='ocrx_word' id='word_1_209' title='bbox 403 2199 509 2230; x_wconf 86' lang='lat' dir='ltr'>regum</span> <span class='ocrx_word' id='word_1_210' title='bbox 525 2190 648 2221; x_wconf 86' lang='lat' dir='ltr'>Colonie</span> <span class='ocrx_word' id='word_1_211' title='bbox 664 2190 949 2231; x_wconf 80' lang='lat' dir='ltr'>requiescentium.”</span> 
     </span>
    </p>

    <p class='ocr_par' dir='ltr' id='par_1_17' title="bbox 404 2240 1190 2332">
     <span class='ocr_line' id='line_1_38' title="bbox 425 2240 1190 2283; baseline -0.001 -12"><span class='ocrx_word' id='word_1_212' title='bbox 425 2240 603 2281; x_wconf 87' lang='lat' dir='ltr'>Sequuntur</span> <span class='ocrx_word' id='word_1_213' title='bbox 625 2253 729 2272; x_wconf 84' lang='lat' dir='ltr'>versus</span> <span class='ocrx_word' id='word_1_214' title='bbox 745 2241 908 2283; x_wconf 83' lang='lat' dir='ltr'>A&#39;nglicani</span> <span class='ocrx_word' id='word_1_215' title='bbox 931 2242 968 2271; x_wconf 89' lang='lat' dir='ltr'>de</span> <span class='ocrx_word' id='word_1_216' title='bbox 992 2251 1095 2271; x_wconf 90' lang='lat' dir='ltr'>amore</span> <span class='ocrx_word' id='word_1_217' title='bbox 1120 2241 1190 2277; x_wconf 88' lang='lat' dir='ltr'>Dei,</span> 
     </span>
     <span class='ocr_line' id='line_1_39' title="bbox 404 2291 494 2332; baseline 0.011 -11"><span class='ocrx_word' id='word_1_218' title='bbox 404 2291 494 2332; x_wconf 86' lang='lat' dir='ltr'>incip.</span> 
     </span>
    </p>

    <p class='ocr_par' dir='ltr' id='par_1_18' title="bbox 322 2342 1191 2528">
     <span class='ocr_line' id='line_1_40' title="bbox 322 2342 1191 2384; baseline 0.001 -12"><span class='ocrx_word' id='word_1_219' title='bbox 322 2346 340 2360; x_wconf 67' lang='lat'>‘⁶</span> <span class='ocrx_word' id='word_1_220' title='bbox 353 2342 454 2373; x_wconf 85' lang='lat' dir='ltr'>While</span> <span class='ocrx_word' id='word_1_221' title='bbox 470 2343 545 2373; x_wconf 93' lang='lat' dir='ltr'>thou</span> <span class='ocrx_word' id='word_1_222' title='bbox 561 2343 632 2374; x_wconf 86' lang='lat' dir='ltr'>hast</span> <span class='ocrx_word' id='word_1_223' title='bbox 648 2344 735 2374; x_wconf 80' lang='lat' dir='ltr'>Gode</span> <span class='ocrx_word' id='word_1_224' title='bbox 750 2344 811 2374; x_wconf 87' lang='lat' dir='ltr'>and</span> <span class='ocrx_word' id='word_1_225' title='bbox 826 2347 927 2384; x_wconf 86' lang='lat' dir='ltr'>getcst</span> <span class='ocrx_word' id='word_1_226' title='bbox 942 2343 1030 2384; x_wconf 89' lang='lat' dir='ltr'>gode,</span> <span class='ocrx_word' id='word_1_227' title='bbox 1042 2343 1089 2373; x_wconf 85' lang='lat' dir='ltr'>for</span> <span class='ocrx_word' id='word_1_228' title='bbox 1104 2343 1191 2373; x_wconf 86' lang='lat' dir='ltr'>Godc</span> 
     </span>
     <span class='ocr_line' id='line_1_41' title="bbox 424 2393 758 2431; baseline 0.006 -8"><span class='ocrx_word' id='word_1_229' title='bbox 424 2393 500 2424; x_wconf 90' lang='lat' dir='ltr'>thou</span> <span class='ocrx_word' id='word_1_230' title='bbox 517 2394 590 2430; x_wconf 83' lang='lat' dir='ltr'>mi3t</span> <span class='ocrx_word' id='word_1_231' title='bbox 605 2395 643 2425; x_wconf 89' lang='lat' dir='ltr'>be</span> <span class='ocrx_word' id='word_1_232' title='bbox 659 2394 758 2431; x_wconf 84' lang='lat' dir='ltr'>holde‚</span> 
     </span>
     <span class='ocr_line' id='line_1_42' title="bbox 343 2445 1189 2487; baseline 0.004 -14"><span class='ocrx_word' id='word_1_233' title='bbox 343 2445 426 2475; x_wconf 84' lang='lat' dir='ltr'>Who</span> <span class='ocrx_word' id='word_1_234' title='bbox 442 2445 518 2476; x_wconf 89' lang='lat' dir='ltr'>hath</span> <span class='ocrx_word' id='word_1_235' title='bbox 534 2457 573 2476; x_wconf 91' lang='lat' dir='ltr'>no</span> <span class='ocrx_word' id='word_1_236' title='bbox 589 2446 685 2483; x_wconf 83' lang='lat' dir='ltr'>Gode,</span> <span class='ocrx_word' id='word_1_237' title='bbox 701 2446 739 2476; x_wconf 91' lang='lat' dir='ltr'>he</span> <span class='ocrx_word' id='word_1_238' title='bbox 754 2457 811 2477; x_wconf 88' lang='lat' dir='ltr'>can</span> <span class='ocrx_word' id='word_1_239' title='bbox 827 2457 865 2476; x_wconf 92' lang='lat' dir='ltr'>no</span> <span class='ocrx_word' id='word_1_240' title='bbox 886 2446 976 2487; x_wconf 88' lang='lat' dir='ltr'>gode,</span> <span class='ocrx_word' id='word_1_241' title='bbox 991 2457 1010 2476; x_wconf 89' lang='lat' dir='ltr'>a</span> <span class='ocrx_word' id='word_1_242' title='bbox 1024 2446 1103 2487; x_wconf 85' lang='lat' dir='ltr'>gode</span> <span class='ocrx_word' id='word_1_243' title='bbox 1119 2457 1189 2476; x_wconf 88' lang='lat' dir='ltr'>man</span> 
     </span>
     <span class='ocr_line' id='line_1_43' title="bbox 424 2498 654 2528; baseline 0.004 -1"><span class='ocrx_word' id='word_1_244' title='bbox 424 2508 458 2528; x_wconf 88' lang='lat' dir='ltr'>so</span> <span class='ocrx_word' id='word_1_245' title='bbox 473 2508 522 2528; x_wconf 89' lang='lat' dir='ltr'>me</span> <span class='ocrx_word' id='word_1_246' title='bbox 537 2498 654 2528; x_wconf 87' lang='lat' dir='ltr'>tolde.&#39;’</span> 
     </span>
    </p>
   </div>
   <div class='ocr_carea' id='block_1_6' title="bbox 669 2555 886 2617">
    <p class='ocr_par' dir='ltr' id='par_1_19' title="bbox 669 2555 886 2617">
     <span class='ocr_line' id='line_1_44' title="bbox 669 2555 886 2617; baseline -0.005 0"><span class='ocrx_word' id='word_1_247' title='bbox 669 2583 850 2617; x_wconf 75' lang='lat' dir='ltr'>xxxiv.</span> <span class='ocrx_word' id='word_1_248' title='bbox 882 2555 886 2559; x_wconf 42' lang='lat'>¹</span> 
     </span>
    </p>
   </div>
   <div class='ocr_carea' id='block_1_7' title="bbox 319 2634 1189 2803">
    <p class='ocr_par' dir='ltr' id='par_1_20' title="bbox 319 2634 1189 2803">
     <span class='ocr_line' id='line_1_45' title="bbox 319 2634 1189 2686; baseline 0.001 -9"><span class='ocrx_word' id='word_1_249' title='bbox 319 2643 537 2686; x_wconf 85' lang='lat' dir='ltr'>Chartaceus,</span> <span class='ocrx_word' id='word_1_250' title='bbox 557 2647 589 2679; x_wconf 84' lang='lat' dir='ltr'>in</span> <span class='ocrx_word' id='word_1_251' title='bbox 612 2634 683 2685; x_wconf 75' lang='lat' dir='ltr'>4t0,</span> <span class='ocrx_word' id='word_1_252' title='bbox 705 2645 738 2679; x_wconf 88' lang='lat' dir='ltr'>ff.</span> <span class='ocrx_word' id='word_1_253' title='bbox 756 2647 834 2683; x_wconf 80' lang='lat'>147,</span> <span class='ocrx_word' id='word_1_254' title='bbox 858 2655 946 2678; x_wconf 87' lang='lat' dir='ltr'>anno</span> <span class='ocrx_word' id='word_1_255' title='bbox 966 2643 1059 2677; x_wconf 78' lang='lat'>1625</span> <span class='ocrx_word' id='word_1_256' title='bbox 1078 2644 1189 2678; x_wconf 84' lang='lat' dir='ltr'>Toleti</span> 
     </span>
     <span class='ocr_line' id='line_1_46' title="bbox 342 2701 516 2746; baseline -0.011 -13"><span class='ocrx_word' id='word_1_257' title='bbox 342 2701 516 2746; x_wconf 33' lang='lat' dir='ltr'>scriptus*</span> 
     </span>
     <span class='ocr_line' id='line_1_47' title="bbox 359 2760 1188 2803; baseline 0.002 -13"><span class='ocrx_word' id='word_1_258' title='bbox 359 2760 486 2791; x_wconf 90' lang='lat' dir='ltr'>Antonii</span> <span class='ocrx_word' id='word_1_259' title='bbox 503 2761 638 2793; x_wconf 87' lang='lat' dir='ltr'>Sanchez</span> <span class='ocrx_word' id='word_1_260' title='bbox 661 2761 897 2803; x_wconf 84' lang='lat' dir='ltr'>Disputationes</span> <span class='ocrx_word' id='word_1_261' title='bbox 918 2761 980 2792; x_wconf 82' lang='lat' dir='ltr'>sive</span> <span class='ocrx_word' id='word_1_262' title='bbox 1002 2762 1188 2803; x_wconf 71' lang='lat' dir='ltr'>quaestiones</span> 
     </span>
    </p>
   </div>
   <div class='ocr_carea' id='block_1_8' title="bbox 1312 262 2122 850">
    <p class='ocr_par' dir='ltr' id='par_1_21' title="bbox 1312 262 2122 354">
     <span class='ocr_line' id='line_1_48' title="bbox 1312 262 2122 299; baseline 0.007 -8"><span class='ocrx_word' id='word_1_263' title='bbox 1312 262 1510 292; x_wconf 85' lang='lat' dir='ltr'>novendecim</span> <span class='ocrx_word' id='word_1_264' title='bbox 1531 263 1569 293; x_wconf 89' lang='lat' dir='ltr'>de</span> <span class='ocrx_word' id='word_1_265' title='bbox 1593 262 1810 294; x_wconf 86' lang='lat' dir='ltr'>Incarnatione</span> <span class='ocrx_word' id='word_1_266' title='bbox 1833 263 1967 299; x_wconf 82' lang='lat' dir='ltr'>Christi;</span> <span class='ocrx_word' id='word_1_267' title='bbox 1992 276 2061 297; x_wconf 85' lang='lat' dir='ltr'>cum</span> <span class='ocrx_word' id='word_1_268' title='bbox 2076 269 2122 297; x_wconf 85' lang='lat' dir='ltr'>ta-</span> 
     </span>
     <span class='ocr_line' id='line_1_49' title="bbox 1312 312 1603 354; baseline 0.007 -12"><span class='ocrx_word' id='word_1_269' title='bbox 1312 312 1384 343; x_wconf 88' lang='lat' dir='ltr'>bula</span> <span class='ocrx_word' id='word_1_270' title='bbox 1399 317 1430 343; x_wconf 91' lang='lat' dir='ltr'>et</span> <span class='ocrx_word' id='word_1_271' title='bbox 1445 313 1603 354; x_wconf 85' lang='lat' dir='ltr'>prooemio.</span> 
     </span>
    </p>

    <p class='ocr_par' dir='ltr' id='par_1_22' title="bbox 1332 363 2122 445">
     <span class='ocr_line' id='line_1_50' title="bbox 1354 363 2122 408; baseline 0.007 -15"><span class='ocrx_word' id='word_1_272' title='bbox 1354 363 1416 394; x_wconf 89' lang='lat' dir='ltr'>Tit.</span> <span class='ocrx_word' id='word_1_273' title='bbox 1436 368 1453 381; x_wconf 67' lang='lat'>‘⁸</span> <span class='ocrx_word' id='word_1_274' title='bbox 1466 364 1633 394; x_wconf 85' lang='lat' dir='ltr'>Tractatus</span> <span class='ocrx_word' id='word_1_275' title='bbox 1646 365 1683 395; x_wconf 84' lang='lat' dir='ltr'>de</span> <span class='ocrx_word' id='word_1_276' title='bbox 1699 364 1793 396; x_wconf 86' lang='lat' dir='ltr'>Verbi</span> <span class='ocrx_word' id='word_1_277' title='bbox 1807 365 1963 397; x_wconf 81' lang='lat' dir='ltr'>Incarnati</span> <span class='ocrx_word' id='word_1_278' title='bbox 1975 368 2122 408; x_wconf 83' lang='lat' dir='ltr'>mysterio</span> 
     </span>
     <span class='ocr_line' id='line_1_51' title="bbox 1332 414 1746 445; baseline 0.002 -1"><span class='ocrx_word' id='word_1_279' title='bbox 1332 414 1363 444; x_wconf 91' lang='lat' dir='ltr'>in</span> <span class='ocrx_word' id='word_1_280' title='bbox 1380 414 1430 444; x_wconf 87' lang='lat' dir='ltr'>via</span> <span class='ocrx_word' id='word_1_281' title='bbox 1445 414 1581 445; x_wconf 87' lang='lat' dir='ltr'>doctoris</span> <span class='ocrx_word' id='word_1_282' title='bbox 1596 415 1746 445; x_wconf 78' lang='lat' dir='ltr'>subtilis.”</span> 
     </span>
    </p>

    <p class='ocr_par' dir='ltr' id='par_1_23' title="bbox 1332 465 2122 556">
     <span class='ocr_line' id='line_1_52' title="bbox 1356 465 2122 507; baseline 0.005 -13"><span class='ocrx_word' id='word_1_283' title='bbox 1356 465 1450 505; x_wconf 90' lang='lat' dir='ltr'>Incip.</span> <span class='ocrx_word' id='word_1_284' title='bbox 1475 476 1598 506; x_wconf 85' lang='lat' dir='ltr'>prooem.</span> <span class='ocrx_word' id='word_1_285' title='bbox 1625 469 1642 482; x_wconf 66' lang='lat'>‘⁴</span> <span class='ocrx_word' id='word_1_286' title='bbox 1659 465 1807 496; x_wconf 85' lang='lat' dir='ltr'>Invocato</span> <span class='ocrx_word' id='word_1_287' title='bbox 1832 466 1917 507; x_wconf 83' lang='lat' dir='ltr'>prius</span> <span class='ocrx_word' id='word_1_288' title='bbox 1941 467 2043 498; x_wconf 91' lang='lat' dir='ltr'>divino</span> <span class='ocrx_word' id='word_1_289' title='bbox 2067 479 2122 498; x_wconf 93' lang='lat' dir='ltr'>nu-</span> 
     </span>
     <span class='ocr_line' id='line_1_53' title="bbox 1332 514 1823 556; baseline -0.002 -11"><span class='ocrx_word' id='word_1_290' title='bbox 1332 515 1412 545; x_wconf 88' lang='lat' dir='ltr'>mine</span> <span class='ocrx_word' id='word_1_291' title='bbox 1427 515 1623 556; x_wconf 79' lang='lat' dir='ltr'>aggredimur</span> <span class='ocrx_word' id='word_1_292' title='bbox 1639 514 1823 556; x_wconf 86' lang='lat' dir='ltr'>explicare.”</span> 
     </span>
    </p>

    <p class='ocr_par' dir='ltr' id='par_1_24' title="bbox 1332 566 2120 657">
     <span class='ocr_line' id='line_1_54' title="bbox 1355 566 2120 609; baseline 0.003 -13"><span class='ocrx_word' id='word_1_293' title='bbox 1355 566 1449 606; x_wconf 89' lang='lat' dir='ltr'>Incip.</span> <span class='ocrx_word' id='word_1_294' title='bbox 1467 570 1574 606; x_wconf 78' lang='lat' dir='ltr'>quaest.</span> <span class='ocrx_word' id='word_1_295' title='bbox 1591 566 1611 596; x_wconf 89' lang='lat' dir='ltr'>i.</span> <span class='ocrx_word' id='word_1_296' title='bbox 1628 571 1646 582; x_wconf 92' lang='grc'>“</span> <span class='ocrx_word' id='word_1_297' title='bbox 1660 566 1776 596; x_wconf 83' lang='lat' dir='ltr'>Utrum</span> <span class='ocrx_word' id='word_1_298' title='bbox 1796 566 1967 597; x_wconf 85' lang='lat' dir='ltr'>incarnatio</span> <span class='ocrx_word' id='word_1_299' title='bbox 1988 567 2028 598; x_wconf 86' lang='lat' dir='ltr'>sit</span> <span class='ocrx_word' id='word_1_300' title='bbox 2051 579 2120 609; x_wconf 85' lang='lat' dir='ltr'>pos-</span> 
     </span>
     <span class='ocr_line' id='line_1_55' title="bbox 1332 616 1853 657; baseline 0.004 -11"><span class='ocrx_word' id='word_1_301' title='bbox 1332 616 1426 647; x_wconf 86' lang='lat' dir='ltr'>sibilis</span> <span class='ocrx_word' id='word_1_302' title='bbox 1440 617 1448 647; x_wconf 76' lang='lat'>3</span> <span class='ocrx_word' id='word_1_303' title='bbox 1471 616 1622 655; x_wconf 77' lang='lat' dir='ltr'>Quoniam</span> <span class='ocrx_word' id='word_1_304' title='bbox 1638 617 1853 657; x_wconf 74' lang='lat' dir='ltr'>possibilitas.”</span> 
     </span>
    </p>

    <p class='ocr_par' dir='ltr' id='par_1_25' title="bbox 1330 665 2122 850">
     <span class='ocr_line' id='line_1_56' title="bbox 1353 665 2120 707; baseline 0.004 -12"><span class='ocrx_word' id='word_1_305' title='bbox 1353 665 1457 696; x_wconf 85' lang='lat' dir='ltr'>Desin.</span> <span class='ocrx_word' id='word_1_306' title='bbox 1483 672 1499 682; x_wconf 87' lang='grc'>“</span> <span class='ocrx_word' id='word_1_307' title='bbox 1515 667 1555 696; x_wconf 91' lang='lat' dir='ltr'>ad</span> <span class='ocrx_word' id='word_1_308' title='bbox 1577 667 1699 697; x_wconf 88' lang='lat' dir='ltr'>laudem</span> <span class='ocrx_word' id='word_1_309' title='bbox 1715 666 1773 697; x_wconf 88' lang='lat' dir='ltr'>Dei</span> <span class='ocrx_word' id='word_1_310' title='bbox 1794 666 2032 707; x_wconf 60' lang='lat' dir='ltr'>Omnipotentss,</span> <span class='ocrx_word' id='word_1_311' title='bbox 2050 668 2120 698; x_wconf 87' lang='lat' dir='ltr'>Dei-</span> 
     </span>
     <span class='ocr_line' id='line_1_57' title="bbox 1330 717 2121 759; baseline 0.005 -13"><span class='ocrx_word' id='word_1_312' title='bbox 1330 728 1413 758; x_wconf 84' lang='lat' dir='ltr'>parae</span> <span class='ocrx_word' id='word_1_313' title='bbox 1430 717 1569 758; x_wconf 81' lang='lat' dir='ltr'>Virginis</span> <span class='ocrx_word' id='word_1_314' title='bbox 1595 717 1672 748; x_wconf 69' lang='lat' dir='ltr'>etc.”</span> <span class='ocrx_word' id='word_1_315' title='bbox 1697 717 1742 759; x_wconf 91' lang='lat' dir='ltr'>[et</span> <span class='ocrx_word' id='word_1_316' title='bbox 1765 718 1876 748; x_wconf 84' lang='lat' dir='ltr'>deinde</span> <span class='ocrx_word' id='word_1_317' title='bbox 1899 729 1992 749; x_wconf 86' lang='lat' dir='ltr'>manu</span> <span class='ocrx_word' id='word_1_318' title='bbox 2016 723 2121 750; x_wconf 85' lang='lat' dir='ltr'>aucto-</span> 
     </span>
     <span class='ocr_line' id='line_1_58' title="bbox 1333 768 2122 810; baseline 0.004 -12"><span class='ocrx_word' id='word_1_319' title='bbox 1333 768 1389 810; x_wconf 88' lang='lat' dir='ltr'>ris]</span> <span class='ocrx_word' id='word_1_320' title='bbox 1409 772 1426 785; x_wconf 76' lang='grc'><em>“</em></span> <span class='ocrx_word' id='word_1_321' title='bbox 1438 768 1494 798; x_wconf 90' lang='lat' dir='ltr'>sub</span> <span class='ocrx_word' id='word_1_322' title='bbox 1506 768 1694 799; x_wconf 87' lang='lat' dir='ltr'>correctione</span> <span class='ocrx_word' id='word_1_323' title='bbox 1710 772 1824 799; x_wconf 84' lang='lat' dir='ltr'>sauctae</span> <span class='ocrx_word' id='word_1_324' title='bbox 1841 770 1949 801; x_wconf 86' lang='lat' dir='ltr'>matris</span> <span class='ocrx_word' id='word_1_325' title='bbox 1965 769 2122 807; x_wconf 84' lang='lat' dir='ltr'>Ecclesiae,</span> 
     </span>
     <span class='ocr_line' id='line_1_59' title="bbox 1331 819 1813 850; baseline 0.002 -1"><span class='ocrx_word' id='word_1_326' title='bbox 1331 823 1389 850; x_wconf 86' lang='lat' dir='ltr'>etc.</span> <span class='ocrx_word' id='word_1_327' title='bbox 1406 819 1458 849; x_wconf 84' lang='lat' dir='ltr'>Fr.</span> <span class='ocrx_word' id='word_1_328' title='bbox 1475 819 1630 850; x_wconf 88' lang='lat' dir='ltr'>Antonius</span> <span class='ocrx_word' id='word_1_329' title='bbox 1647 819 1813 850; x_wconf 81' lang='lat' dir='ltr'>Sancliez.”</span> 
     </span>
    </p>
   </div>
   <div class='ocr_carea' id='block_1_9' title="bbox 1247 914 2036 1017">
    <p class='ocr_par' dir='ltr' id='par_1_26' title="bbox 1247 914 2036 1017">
     <span class='ocr_line' id='line_1_60' title="bbox 1605 914 1767 949; baseline 0 -2"><span class='ocrx_word' id='word_1_330' title='bbox 1605 914 1767 949; x_wconf 86' lang='lat' dir='ltr'>XXXV.</span> 
     </span>
     <span class='ocr_line' id='line_1_61' title="bbox 1247 976 2036 1017; baseline 0.001 -8"><span class='ocrx_word' id='word_1_331' title='bbox 1247 976 1365 1009; x_wconf 85' lang='lat' dir='ltr'>Codex</span> <span class='ocrx_word' id='word_1_332' title='bbox 1384 976 1591 1015; x_wconf 80' lang='lat' dir='ltr'>chartaceus,</span> <span class='ocrx_word' id='word_1_333' title='bbox 1610 978 1644 1010; x_wconf 89' lang='lat' dir='ltr'>in</span> <span class='ocrx_word' id='word_1_334' title='bbox 1664 979 1734 1017; x_wconf 76' lang='lat' dir='ltr'>4t0,</span> <span class='ocrx_word' id='word_1_335' title='bbox 1753 977 1786 1010; x_wconf 82' lang='lat' dir='ltr'>ff.</span> <span class='ocrx_word' id='word_1_336' title='bbox 1803 980 1858 1017; x_wconf 78' lang='lat'>32,</span> <span class='ocrx_word' id='word_1_337' title='bbox 1876 990 1942 1012; x_wconf 85' lang='lat' dir='ltr'>sec.</span> <span class='ocrx_word' id='word_1_338' title='bbox 1957 980 2036 1012; x_wconf 86' lang='lat' dir='ltr'>xvii.</span> 
     </span>
    </p>
   </div>
   <div class='ocr_carea' id='block_1_10' title="bbox 1287 1041 2120 1641">
    <p class='ocr_par' dir='ltr' id='par_1_27' title="bbox 1290 1041 2119 1184">
     <span class='ocr_line' id='line_1_62' title="bbox 1290 1041 2119 1082; baseline 0.005 -12"><span class='ocrx_word' id='word_1_339' title='bbox 1290 1042 1316 1071; x_wconf 86' lang='lat'>1.</span> <span class='ocrx_word' id='word_1_340' title='bbox 1334 1041 1545 1082; x_wconf 70' lang='lat' dir='ltr'>Chronologizc</span> <span class='ocrx_word' id='word_1_341' title='bbox 1572 1041 1705 1072; x_wconf 76' lang='lat' dir='ltr'>scelcton</span> <span class='ocrx_word' id='word_1_342' title='bbox 1731 1042 1771 1072; x_wconf 91' lang='lat' dir='ltr'>ab</span> <span class='ocrx_word' id='word_1_343' title='bbox 1797 1042 1923 1073; x_wconf 85' lang='lat' dir='ltr'>exordio</span> <span class='ocrx_word' id='word_1_344' title='bbox 1949 1043 2053 1073; x_wconf 91' lang='lat' dir='ltr'>mundi</span> <span class='ocrx_word' id='word_1_345' title='bbox 2078 1043 2119 1074; x_wconf 86' lang='lat' dir='ltr'>ad</span> 
     </span>
     <span class='ocr_line' id='line_1_63' title="bbox 1351 1091 2117 1132; baseline 0.004 -11"><span class='ocrx_word' id='word_1_346' title='bbox 1351 1091 1540 1132; x_wconf 79' lang='lat' dir='ltr'>captivitatis</span> <span class='ocrx_word' id='word_1_347' title='bbox 1565 1091 1758 1132; x_wconf 58' lang='lat' dir='ltr'>Babylonica}</span> <span class='ocrx_word' id='word_1_348' title='bbox 1773 1092 1876 1130; x_wconf 87' lang='lat' dir='ltr'>finem,</span> <span class='ocrx_word' id='word_1_349' title='bbox 1898 1097 2025 1124; x_wconf 88' lang='lat' dir='ltr'>auctore</span> <span class='ocrx_word' id='word_1_350' title='bbox 2041 1094 2117 1124; x_wconf 84' lang='lat' dir='ltr'>Tho.</span> 
     </span>
     <span class='ocr_line' id='line_1_64' title="bbox 1352 1142 1981 1184; baseline 0.003 -12"><span class='ocrx_word' id='word_1_351' title='bbox 1352 1143 1494 1179; x_wconf 54' lang='lat' dir='ltr'>lValker,</span> <span class='ocrx_word' id='word_1_352' title='bbox 1510 1143 1575 1173; x_wconf 88' lang='lat' dir='ltr'>coll.</span> <span class='ocrx_word' id='word_1_353' title='bbox 1594 1142 1686 1173; x_wconf 83' lang='lat' dir='ltr'>Univ.</span> <span class='ocrx_word' id='word_1_354' title='bbox 1704 1143 1862 1184; x_wconf 85' lang='lat' dir='ltr'>magistro.</span> <span class='ocrx_word' id='word_1_355' title='bbox 1885 1144 1935 1174; x_wconf 85' lang='lat' dir='ltr'>fol.</span> <span class='ocrx_word' id='word_1_356' title='bbox 1954 1154 1981 1175; x_wconf 86' lang='lat'>2.</span> 
     </span>
    </p>

    <p class='ocr_par' dir='ltr' id='par_1_28' title="bbox 1287 1192 2120 1538">
     <span class='ocr_line' id='line_1_65' title="bbox 1287 1192 2119 1236; baseline 0.005 -14"><span class='ocrx_word' id='word_1_357' title='bbox 1287 1194 1315 1223; x_wconf 69' lang='lat'>2.</span> <span class='ocrx_word' id='word_1_358' title='bbox 1332 1192 1530 1225; x_wconf 59' lang='lat' dir='ltr'>‘Tfforuffwctc</span> <span class='ocrx_word' id='word_1_359' title='bbox 1549 1198 1723 1234; x_wconf 83' lang='lat' dir='ltr'>temporum</span> <span class='ocrx_word' id='word_1_360' title='bbox 1737 1194 1767 1224; x_wconf 92' lang='lat' dir='ltr'>in</span> <span class='ocrx_word' id='word_1_361' title='bbox 1784 1194 1998 1236; x_wconf 83' lang='lat' dir='ltr'>chronologica</span> <span class='ocrx_word' id='word_1_362' title='bbox 2012 1196 2119 1226; x_wconf 86' lang='lat' dir='ltr'>diatri-</span> 
     </span>
     <span class='ocr_line' id='line_1_66' title="bbox 1350 1244 2118 1277; baseline 0.007 -4"><span class='ocrx_word' id='word_1_363' title='bbox 1350 1244 1390 1274; x_wconf 91' lang='lat' dir='ltr'>ba</span> <span class='ocrx_word' id='word_1_364' title='bbox 1405 1244 1425 1274; x_wconf 80' lang='lat' dir='ltr'>J</span> <span class='ocrx_word' id='word_1_365' title='bbox 1430 1244 1559 1274; x_wconf 85' lang='lat' dir='ltr'>ohannis</span> <span class='ocrx_word' id='word_1_366' title='bbox 1575 1244 1747 1275; x_wconf 84' lang='lat' dir='ltr'>Marshami</span> <span class='ocrx_word' id='word_1_367' title='bbox 1763 1248 1967 1276; x_wconf 87' lang='lat' dir='ltr'>tractatorum</span> <span class='ocrx_word' id='word_1_368' title='bbox 1983 1250 2014 1277; x_wconf 87' lang='lat' dir='ltr'>et</span> <span class='ocrx_word' id='word_1_369' title='bbox 2029 1247 2118 1277; x_wconf 86' lang='lat' dir='ltr'>colla—</span> 
     </span>
     <span class='ocr_line' id='line_1_67' title="bbox 1351 1295 2116 1338; baseline 0.005 -14"><span class='ocrx_word' id='word_1_370' title='bbox 1351 1299 1461 1331; x_wconf 76' lang='lat' dir='ltr'>torum,</span> <span class='ocrx_word' id='word_1_371' title='bbox 1479 1295 1620 1336; x_wconf 84' lang='lat' dir='ltr'>exposita</span> <span class='ocrx_word' id='word_1_372' title='bbox 1643 1295 1738 1326; x_wconf 83' lang='lat' dir='ltr'>oculis</span> <span class='ocrx_word' id='word_1_373' title='bbox 1759 1297 1830 1326; x_wconf 81' lang='grc' dir='ltr'>κατὰ</span> <span class='ocrx_word' id='word_1_374' title='bbox 1852 1296 1962 1329; x_wconf 83' lang='grc' dir='ltr'>πλάτος</span> <span class='ocrx_word' id='word_1_375' title='bbox 1985 1308 2039 1338; x_wconf 87' lang='lat' dir='ltr'>per</span> <span class='ocrx_word' id='word_1_376' title='bbox 2060 1298 2116 1328; x_wconf 84' lang='lat' dir='ltr'>Th.</span> 
     </span>
     <span class='ocr_line' id='line_1_68' title="bbox 1352 1345 2119 1389; baseline 0.005 -14"><span class='ocrx_word' id='word_1_377' title='bbox 1352 1345 1489 1381; x_wconf 61' lang='lat' dir='ltr'>W&#39;allzer,</span> <span class='ocrx_word' id='word_1_378' title='bbox 1515 1346 1554 1376; x_wconf 85' lang='lat' dir='ltr'>ad</span> <span class='ocrx_word' id='word_1_379' title='bbox 1576 1351 1710 1376; x_wconf 87' lang='lat' dir='ltr'>mentem</span> <span class='ocrx_word' id='word_1_380' title='bbox 1736 1357 1827 1387; x_wconf 86' lang='lat' dir='ltr'>quam</span> <span class='ocrx_word' id='word_1_381' title='bbox 1853 1347 1955 1388; x_wconf 88' lang='lat' dir='ltr'>potuit</span> <span class='ocrx_word' id='word_1_382' title='bbox 1981 1349 2119 1389; x_wconf 87' lang='lat' dir='ltr'>proxime</span> 
     </span>
     <span class='ocr_line' id='line_1_69' title="bbox 1350 1396 2119 1440; baseline 0.005 -14"><span class='ocrx_word' id='word_1_383' title='bbox 1350 1396 1445 1437; x_wconf 86' lang='lat' dir='ltr'>ipsius</span> <span class='ocrx_word' id='word_1_384' title='bbox 1468 1402 1584 1433; x_wconf 79' lang='lat' dir='ltr'>textus,</span> <span class='ocrx_word' id='word_1_385' title='bbox 1602 1402 1620 1413; x_wconf 55' lang='lat'>‘2</span> <span class='ocrx_word' id='word_1_386' title='bbox 1633 1408 1722 1437; x_wconf 72' lang='lat' dir='ltr'>quem</span> <span class='ocrx_word' id='word_1_387' title='bbox 1738 1398 1824 1428; x_wconf 86' lang='lat' dir='ltr'>valde</span> <span class='ocrx_word' id='word_1_388' title='bbox 1840 1398 1922 1433; x_wconf 82' lang='lat' dir='ltr'>velit,</span> <span class='ocrx_word' id='word_1_389' title='bbox 1939 1410 1994 1440; x_wconf 91' lang='lat' dir='ltr'>pro</span> <span class='ocrx_word' id='word_1_390' title='bbox 2010 1399 2119 1430; x_wconf 87' lang='lat' dir='ltr'>intimo</span> 
     </span>
     <span class='ocr_line' id='line_1_70' title="bbox 1350 1447 2120 1489; baseline 0.005 -13"><span class='ocrx_word' id='word_1_391' title='bbox 1350 1447 1380 1476; x_wconf 92' lang='lat' dir='ltr'>in</span> <span class='ocrx_word' id='word_1_392' title='bbox 1396 1447 1557 1477; x_wconf 80' lang='lat' dir='ltr'>authorem</span> <span class='ocrx_word' id='word_1_393' title='bbox 1582 1447 1705 1484; x_wconf 81' lang='lat' dir='ltr'>affectu,</span> <span class='ocrx_word' id='word_1_394' title='bbox 1728 1448 1794 1478; x_wconf 89' lang='lat' dir='ltr'>dari</span> <span class='ocrx_word' id='word_1_395' title='bbox 1818 1459 1905 1489; x_wconf 85' lang='lat' dir='ltr'>posse</span> <span class='ocrx_word' id='word_1_396' title='bbox 1926 1449 1955 1479; x_wconf 92' lang='lat' dir='ltr'>in</span> <span class='ocrx_word' id='word_1_397' title='bbox 1979 1450 2120 1480; x_wconf 88' lang='lat' dir='ltr'>omnibus</span> 
     </span>
     <span class='ocr_line' id='line_1_71' title="bbox 1349 1498 1711 1538; baseline 0.003 -10"><span class='ocrx_word' id='word_1_398' title='bbox 1349 1498 1591 1529; x_wconf 68' lang='lat' dir='ltr'>inconcussum.”</span> <span class='ocrx_word' id='word_1_399' title='bbox 1614 1499 1664 1529; x_wconf 85' lang='lat' dir='ltr'>fol.</span> <span class='ocrx_word' id='word_1_400' title='bbox 1685 1507 1711 1538; x_wconf 70' lang='lat'>7.</span> 
     </span>
    </p>

    <p class='ocr_par' dir='ltr' id='par_1_29' title="bbox 1371 1548 2118 1641">
     <span class='ocr_line' id='line_1_72' title="bbox 1393 1548 2118 1592; baseline 0.004 -14"><span class='ocrx_word' id='word_1_401' title='bbox 1393 1548 1488 1590; x_wconf 85' lang='lat' dir='ltr'>Incip.</span> <span class='ocrx_word' id='word_1_402' title='bbox 1506 1554 1523 1565; x_wconf 63' lang='lat'>⁴²</span> <span class='ocrx_word' id='word_1_403' title='bbox 1540 1549 1577 1578; x_wconf 90' lang='lat' dir='ltr'>In</span> <span class='ocrx_word' id='word_1_404' title='bbox 1600 1554 1745 1590; x_wconf 74' lang='lat' dir='ltr'>sequente</span> <span class='ocrx_word' id='word_1_405' title='bbox 1767 1550 1824 1580; x_wconf 88' lang='lat' dir='ltr'>hac</span> <span class='ocrx_word' id='word_1_406' title='bbox 1847 1550 2043 1592; x_wconf 85' lang='lat' dir='ltr'>chronologia</span> <span class='ocrx_word' id='word_1_407' title='bbox 2066 1551 2118 1581; x_wconf 85' lang='lat' dir='ltr'>ob-</span> 
     </span>
     <span class='ocr_line' id='line_1_73' title="bbox 1371 1599 2054 1641; baseline 0.004 -12"><span class='ocrx_word' id='word_1_408' title='bbox 1371 1599 1505 1630; x_wconf 82' lang='lat' dir='ltr'>servabis</span> <span class='ocrx_word' id='word_1_409' title='bbox 1519 1609 1670 1631; x_wconf 85' lang='lat' dir='ltr'>annorum</span> <span class='ocrx_word' id='word_1_410' title='bbox 1686 1601 1804 1641; x_wconf 86' lang='lat' dir='ltr'>aliquot</span> <span class='ocrx_word' id='word_1_411' title='bbox 1820 1601 2054 1633; x_wconf 73' lang='lat' dir='ltr'>differentiain.”</span> 
     </span>
    </p>
   </div>
   <div class='ocr_carea' id='block_1_11' title="bbox 1246 1702 2118 2803">
    <p class='ocr_par' dir='ltr' id='par_1_30' title="bbox 1476 1702 1773 1751">
     <span class='ocr_line' id='line_1_74' title="bbox 1476 1702 1773 1751; baseline 0 -16"><span class='ocrx_word' id='word_1_412' title='bbox 1476 1748 1479 1751; x_wconf 51' lang='lat'>.</span> <span class='ocrx_word' id='word_1_413' title='bbox 1590 1702 1773 1737; x_wconf 84' lang='lat' dir='ltr'>XXXVI.</span> 
     </span>
    </p>

    <p class='ocr_par' dir='ltr' id='par_1_31' title="bbox 1246 1764 2118 1983">
     <span class='ocr_line' id='line_1_75' title="bbox 1246 1764 2118 1806; baseline 0.003 -9"><span class='ocrx_word' id='word_1_414' title='bbox 1246 1764 1542 1804; x_wconf 74' lang='lat' dir='ltr'>Membranaeeus,</span> <span class='ocrx_word' id='word_1_415' title='bbox 1564 1766 1598 1798; x_wconf 87' lang='lat' dir='ltr'>in</span> <span class='ocrx_word' id='word_1_416' title='bbox 1625 1767 1696 1805; x_wconf 77' lang='lat' dir='ltr'>4to,</span> <span class='ocrx_word' id='word_1_417' title='bbox 1715 1765 1843 1806; x_wconf 71' lang='lat' dir='ltr'>ff.154,</span> <span class='ocrx_word' id='word_1_418' title='bbox 1861 1777 1927 1799; x_wconf 84' lang='lat' dir='ltr'>sec.</span> <span class='ocrx_word' id='word_1_419' title='bbox 1944 1767 2012 1799; x_wconf 83' lang='lat' dir='ltr'>xiv.</span> <span class='ocrx_word' id='word_1_420' title='bbox 2037 1779 2118 1800; x_wconf 82' lang='lat' dir='ltr'>exe—</span> 
     </span>
     <span class='ocr_line' id='line_1_76' title="bbox 1269 1823 2116 1863; baseline 0.002 -8"><span class='ocrx_word' id='word_1_421' title='bbox 1269 1824 1360 1856; x_wconf 87' lang='lat' dir='ltr'>untis</span> <span class='ocrx_word' id='word_1_422' title='bbox 1373 1835 1380 1862; x_wconf 87' lang='grc'>;</span> <span class='ocrx_word' id='word_1_423' title='bbox 1399 1823 1488 1856; x_wconf 89' lang='lat' dir='ltr'>binis</span> <span class='ocrx_word' id='word_1_424' title='bbox 1502 1823 1670 1856; x_wconf 88' lang='lat' dir='ltr'>columnis</span> <span class='ocrx_word' id='word_1_425' title='bbox 1685 1828 1863 1863; x_wconf 79' lang='lat' dir='ltr'>exaratus3</span> <span class='ocrx_word' id='word_1_426' title='bbox 1882 1823 1963 1857; x_wconf 87' lang='lat' dir='ltr'>olim</span> <span class='ocrx_word' id='word_1_427' title='bbox 1978 1824 2116 1857; x_wconf 61' lang='lat' dir='ltr'>Thema*</span> 
     </span>
     <span class='ocr_line' id='line_1_77' title="bbox 1268 1880 2114 1924; baseline 0.002 -11"><span class='ocrx_word' id='word_1_428' title='bbox 1268 1880 1423 1919; x_wconf 80' lang='lat' dir='ltr'>Browue,</span> <span class='ocrx_word' id='word_1_429' title='bbox 1453 1886 1571 1924; x_wconf 83' lang='lat' dir='ltr'>postea</span> <span class='ocrx_word' id='word_1_430' title='bbox 1599 1881 1675 1914; x_wconf 87' lang='lat' dir='ltr'>coll.</span> <span class='ocrx_word' id='word_1_431' title='bbox 1708 1881 1811 1915; x_wconf 91' lang='lat' dir='ltr'>Univ.</span> <span class='ocrx_word' id='word_1_432' title='bbox 1843 1893 1886 1915; x_wconf 83' lang='lat' dir='ltr'>ex</span> <span class='ocrx_word' id='word_1_433' title='bbox 1915 1882 2003 1915; x_wconf 89' lang='lat' dir='ltr'>dono</span> <span class='ocrx_word' id='word_1_434' title='bbox 2031 1882 2114 1916; x_wconf 92' lang='lat' dir='ltr'>Tho.</span> 
     </span>
     <span class='ocr_line' id='line_1_78' title="bbox 1269 1937 1763 1983; baseline 0.004 -13"><span class='ocrx_word' id='word_1_435' title='bbox 1269 1937 1425 1976; x_wconf 63' lang='lat' dir='ltr'>W&#39;alker,</span> <span class='ocrx_word' id='word_1_436' title='bbox 1445 1937 1479 1971; x_wconf 90' lang='lat' dir='ltr'>S.</span> <span class='ocrx_word' id='word_1_437' title='bbox 1491 1938 1528 1971; x_wconf 89' lang='lat' dir='ltr'>T.</span> <span class='ocrx_word' id='word_1_438' title='bbox 1544 1938 1580 1972; x_wconf 84' lang='lat' dir='ltr'>P.</span> <span class='ocrx_word' id='word_1_439' title='bbox 1599 1939 1763 1983; x_wconf 86' lang='lat' dir='ltr'>magistri.</span> 
     </span>
    </p>

    <p class='ocr_par' dir='ltr' id='par_1_32' title="bbox 1288 1998 2115 2142">
     <span class='ocr_line' id='line_1_79' title="bbox 1288 1998 2115 2040; baseline 0.004 -12"><span class='ocrx_word' id='word_1_440' title='bbox 1288 2000 1314 2028; x_wconf 92' lang='grc'>1.</span> <span class='ocrx_word' id='word_1_441' title='bbox 1343 1998 1428 2038; x_wconf 86' lang='lat' dir='ltr'>[Joh.</span> <span class='ocrx_word' id='word_1_442' title='bbox 1455 1998 1617 2039; x_wconf 86' lang='lat' dir='ltr'>Hoveden]</span> <span class='ocrx_word' id='word_1_443' title='bbox 1659 2000 1823 2040; x_wconf 80' lang='lat' dir='ltr'>Speculum</span> <span class='ocrx_word' id='word_1_444' title='bbox 1854 2000 2026 2037; x_wconf 86' lang='lat' dir='ltr'>Laicorum,</span> <span class='ocrx_word' id='word_1_445' title='bbox 2054 2002 2115 2031; x_wconf 83' lang='lat' dir='ltr'>sive</span> 
     </span>
     <span class='ocr_line' id='line_1_80' title="bbox 1350 2048 2114 2091; baseline 0.003 -13"><span class='ocrx_word' id='word_1_446' title='bbox 1350 2048 1422 2078; x_wconf 90' lang='lat' dir='ltr'>Loci</span> <span class='ocrx_word' id='word_1_447' title='bbox 1456 2059 1631 2079; x_wconf 87' lang='lat' dir='ltr'>communes</span> <span class='ocrx_word' id='word_1_448' title='bbox 1663 2049 1806 2090; x_wconf 87' lang='lat' dir='ltr'>capitulis</span> <span class='ocrx_word' id='word_1_449' title='bbox 1837 2050 2006 2091; x_wconf 82' lang='lat' dir='ltr'>nonaginta</span> <span class='ocrx_word' id='word_1_450' title='bbox 2035 2061 2114 2081; x_wconf 89' lang='lat' dir='ltr'>com—</span> 
     </span>
     <span class='ocr_line' id='line_1_81' title="bbox 1349 2100 1833 2142; baseline 0.002 -12"><span class='ocrx_word' id='word_1_451' title='bbox 1349 2100 1501 2140; x_wconf 84' lang='lat' dir='ltr'>prehensi,</span> <span class='ocrx_word' id='word_1_452' title='bbox 1519 2111 1587 2130; x_wconf 84' lang='lat' dir='ltr'>cuin</span> <span class='ocrx_word' id='word_1_453' title='bbox 1603 2100 1737 2141; x_wconf 87' lang='lat' dir='ltr'>prologo.</span> <span class='ocrx_word' id='word_1_454' title='bbox 1762 2112 1790 2142; x_wconf 89' lang='lat' dir='ltr'>p.</span> <span class='ocrx_word' id='word_1_455' title='bbox 1808 2112 1833 2131; x_wconf 86' lang='lat'>1.</span> 
     </span>
    </p>

    <p class='ocr_par' dir='ltr' id='par_1_33' title="bbox 1368 2151 2116 2233">
     <span class='ocr_line' id='line_1_82' title="bbox 1390 2151 2116 2194; baseline 0.003 -12"><span class='ocrx_word' id='word_1_456' title='bbox 1390 2151 1485 2193; x_wconf 88' lang='lat' dir='ltr'>Incip.</span> <span class='ocrx_word' id='word_1_457' title='bbox 1503 2152 1578 2193; x_wconf 89' lang='lat' dir='ltr'>prol.</span> <span class='ocrx_word' id='word_1_458' title='bbox 1596 2156 1613 2169; x_wconf 83' lang='lat'>“</span> <span class='ocrx_word' id='word_1_459' title='bbox 1628 2152 1779 2191; x_wconf 74' lang='lat' dir='ltr'>Quoniam</span> <span class='ocrx_word' id='word_1_460' title='bbox 1795 2157 1829 2183; x_wconf 87' lang='lat' dir='ltr'>ut</span> <span class='ocrx_word' id='word_1_461' title='bbox 1844 2153 1934 2183; x_wconf 87' lang='lat' dir='ltr'>docet</span> <span class='ocrx_word' id='word_1_462' title='bbox 1957 2153 2116 2194; x_wconf 84' lang='lat' dir='ltr'>apostolus</span> 
     </span>
     <span class='ocr_line' id='line_1_83' title="bbox 1368 2203 1749 2233; baseline 0.003 -1"><span class='ocrx_word' id='word_1_463' title='bbox 1368 2203 1447 2233; x_wconf 85' lang='lat' dir='ltr'>lacte</span> <span class='ocrx_word' id='word_1_464' title='bbox 1463 2214 1523 2233; x_wconf 92' lang='lat' dir='ltr'>non</span> <span class='ocrx_word' id='word_1_465' title='bbox 1539 2203 1606 2233; x_wconf 88' lang='lat' dir='ltr'>cibo</span> <span class='ocrx_word' id='word_1_466' title='bbox 1623 2203 1749 2233; x_wconf 73' lang='lat' dir='ltr'>solido.”</span> 
     </span>
    </p>

    <p class='ocr_par' dir='ltr' id='par_1_34' title="bbox 1368 2253 2113 2386">
     <span class='ocr_line' id='line_1_84' title="bbox 1390 2253 2112 2296; baseline 0.003 -13"><span class='ocrx_word' id='word_1_467' title='bbox 1390 2254 1485 2295; x_wconf 89' lang='lat' dir='ltr'>Incip.</span> <span class='ocrx_word' id='word_1_468' title='bbox 1503 2254 1554 2284; x_wconf 94' lang='lat' dir='ltr'>lib.</span> <span class='ocrx_word' id='word_1_469' title='bbox 1579 2258 1595 2270; x_wconf 62' lang='lat'>‘⁵</span> <span class='ocrx_word' id='word_1_470' title='bbox 1613 2253 1814 2284; x_wconf 84' lang='lat' dir='ltr'>Abstincncie</span> <span class='ocrx_word' id='word_1_471' title='bbox 1838 2254 1950 2295; x_wconf 85' lang='lat' dir='ltr'>triplex</span> <span class='ocrx_word' id='word_1_472' title='bbox 1974 2259 2022 2285; x_wconf 80' lang='lat' dir='ltr'>est</span> <span class='ocrx_word' id='word_1_473' title='bbox 2045 2266 2112 2296; x_wconf 86' lang='lat' dir='ltr'>spe-</span> 
     </span>
     <span class='ocr_line' id='line_1_85' title="bbox 1368 2305 2113 2346; baseline 0.003 -12"><span class='ocrx_word' id='word_1_474' title='bbox 1368 2305 1446 2337; x_wconf 80' lang='lat' dir='ltr'>cies;</span> <span class='ocrx_word' id='word_1_475' title='bbox 1467 2305 1565 2345; x_wconf 82' lang='lat' dir='ltr'>prima</span> <span class='ocrx_word' id='word_1_476' title='bbox 1581 2309 1627 2335; x_wconf 81' lang='lat' dir='ltr'>est</span> <span class='ocrx_word' id='word_1_477' title='bbox 1643 2305 1779 2335; x_wconf 87' lang='lat' dir='ltr'>ciborum</span> <span class='ocrx_word' id='word_1_478' title='bbox 1790 2307 1822 2340; x_wconf 79' lang='grc'>;”</span> <span class='ocrx_word' id='word_1_479' title='bbox 1845 2309 1879 2336; x_wconf 92' lang='lat' dir='ltr'>ut</span> <span class='ocrx_word' id='word_1_480' title='bbox 1895 2316 1988 2346; x_wconf 88' lang='lat' dir='ltr'>supra</span> <span class='ocrx_word' id='word_1_481' title='bbox 2002 2305 2032 2335; x_wconf 92' lang='lat' dir='ltr'>in</span> <span class='ocrx_word' id='word_1_482' title='bbox 2047 2306 2113 2336; x_wconf 93' lang='lat' dir='ltr'>cod.</span> 
     </span>
     <span class='ocr_line' id='line_1_86' title="bbox 1368 2356 1449 2386; baseline 0.012 -1"><span class='ocrx_word' id='word_1_483' title='bbox 1368 2356 1449 2386; x_wconf 82' lang='lat' dir='ltr'>xxix.</span> 
     </span>
    </p>

    <p class='ocr_par' dir='ltr' id='par_1_35' title="bbox 1367 2406 2113 2498">
     <span class='ocr_line' id='line_1_87' title="bbox 1388 2406 2113 2448; baseline 0.003 -12"><span class='ocrx_word' id='word_1_484' title='bbox 1388 2406 1424 2436; x_wconf 91' lang='lat' dir='ltr'>In</span> <span class='ocrx_word' id='word_1_485' title='bbox 1449 2407 1538 2443; x_wconf 80' lang='lat' dir='ltr'>calce,</span> <span class='ocrx_word' id='word_1_486' title='bbox 1557 2412 1574 2423; x_wconf 75' lang='lat'>⁴⁴</span> <span class='ocrx_word' id='word_1_487' title='bbox 1592 2407 1726 2448; x_wconf 86' lang='lat' dir='ltr'>Explicit</span> <span class='ocrx_word' id='word_1_488' title='bbox 1750 2412 1904 2439; x_wconf 89' lang='lat' dir='ltr'>tractatus</span> <span class='ocrx_word' id='word_1_489' title='bbox 1926 2408 2113 2446; x_wconf 87' lang='lat' dir='ltr'>intitulatus,</span> 
     </span>
     <span class='ocr_line' id='line_1_88' title="bbox 1367 2456 1732 2498; baseline 0.003 -11"><span class='ocrx_word' id='word_1_490' title='bbox 1367 2456 1530 2497; x_wconf 86' lang='lat' dir='ltr'>Speculum</span> <span class='ocrx_word' id='word_1_491' title='bbox 1546 2457 1732 2498; x_wconf 55' lang='lat' dir='ltr'>laycorumf*</span> 
     </span>
    </p>

    <p class='ocr_par' dir='ltr' id='par_1_36' title="bbox 1283 2507 2113 2601">
     <span class='ocr_line' id='line_1_89' title="bbox 1283 2507 2113 2549; baseline 0.001 -12"><span class='ocrx_word' id='word_1_492' title='bbox 1283 2509 1311 2538; x_wconf 70' lang='lat' dir='ltr'>Q.</span> <span class='ocrx_word' id='word_1_493' title='bbox 1330 2507 1503 2548; x_wconf 80' lang='lat' dir='ltr'>Explicatio</span> <span class='ocrx_word' id='word_1_494' title='bbox 1518 2509 1655 2549; x_wconf 86' lang='lat' dir='ltr'>decalogi</span> <span class='ocrx_word' id='word_1_495' title='bbox 1671 2509 1700 2539; x_wconf 91' lang='lat' dir='ltr'>in</span> <span class='ocrx_word' id='word_1_496' title='bbox 1718 2509 1810 2545; x_wconf 87' lang='lat' dir='ltr'>istud,</span> <span class='ocrx_word' id='word_1_497' title='bbox 1826 2513 1843 2526; x_wconf 70' lang='lat'>⁴⁶</span> <span class='ocrx_word' id='word_1_498' title='bbox 1856 2509 1888 2539; x_wconf 86' lang='lat' dir='ltr'>Si</span> <span class='ocrx_word' id='word_1_499' title='bbox 1904 2509 1948 2539; x_wconf 88' lang='lat' dir='ltr'>vis</span> <span class='ocrx_word' id='word_1_500' title='bbox 1963 2509 2003 2540; x_wconf 91' lang='lat' dir='ltr'>ad</span> <span class='ocrx_word' id='word_1_501' title='bbox 2019 2509 2113 2539; x_wconf 89' lang='lat' dir='ltr'>vitam</span> 
     </span>
     <span class='ocr_line' id='line_1_90' title="bbox 1346 2558 2049 2601; baseline 0.004 -14"><span class='ocrx_word' id='word_1_502' title='bbox 1346 2558 1474 2599; x_wconf 86' lang='lat' dir='ltr'>ingredi,</span> <span class='ocrx_word' id='word_1_503' title='bbox 1491 2570 1580 2590; x_wconf 84' lang='lat' dir='ltr'>serva</span> <span class='ocrx_word' id='word_1_504' title='bbox 1595 2561 1743 2590; x_wconf 86' lang='lat' dir='ltr'>mandata</span> <span class='ocrx_word' id='word_1_505' title='bbox 1753 2562 1783 2598; x_wconf 89' lang='lat'>;⁷&#39;</span> <span class='ocrx_word' id='word_1_506' title='bbox 1806 2560 1913 2601; x_wconf 84' lang='lat' dir='ltr'>fragm.</span> <span class='ocrx_word' id='word_1_507' title='bbox 1938 2572 1965 2601; x_wconf 94' lang='lat' dir='ltr'>p.</span> <span class='ocrx_word' id='word_1_508' title='bbox 1981 2561 2049 2592; x_wconf 82' lang='lat'>228.</span> 
     </span>
    </p>

    <p class='ocr_par' dir='ltr' id='par_1_37' title="bbox 1387 2609 2113 2652">
     <span class='ocr_line' id='line_1_91' title="bbox 1387 2609 2113 2652; baseline 0.003 -13"><span class='ocrx_word' id='word_1_509' title='bbox 1387 2609 1483 2650; x_wconf 89' lang='lat' dir='ltr'>Incip.</span> <span class='ocrx_word' id='word_1_510' title='bbox 1502 2616 1519 2627; x_wconf 67' lang='lat'>‘⁸</span> <span class='ocrx_word' id='word_1_511' title='bbox 1533 2611 1706 2648; x_wconf 85' lang='lat' dir='ltr'>Karissimi,</span> <span class='ocrx_word' id='word_1_512' title='bbox 1721 2612 1762 2642; x_wconf 84' lang='lat' dir='ltr'>ad</span> <span class='ocrx_word' id='word_1_513' title='bbox 1777 2623 1864 2642; x_wconf 89' lang='lat' dir='ltr'>omne</span> <span class='ocrx_word' id='word_1_514' title='bbox 1880 2623 1956 2652; x_wconf 88' lang='lat' dir='ltr'>opus</span> <span class='ocrx_word' id='word_1_515' title='bbox 1972 2611 2113 2641; x_wconf 74' lang='lat' dir='ltr'>bonum.”</span> 
     </span>
    </p>

    <p class='ocr_par' dir='ltr' id='par_1_38' title="bbox 1283 2658 2006 2701">
     <span class='ocr_line' id='line_1_92' title="bbox 1283 2658 2006 2701; baseline 0.003 -13"><span class='ocrx_word' id='word_1_516' title='bbox 1283 2660 1311 2689; x_wconf 79' lang='lat'>3.</span> <span class='ocrx_word' id='word_1_517' title='bbox 1329 2658 1376 2689; x_wconf 91' lang='lat' dir='ltr'>De</span> <span class='ocrx_word' id='word_1_518' title='bbox 1391 2659 1482 2689; x_wconf 87' lang='lat' dir='ltr'>modo</span> <span class='ocrx_word' id='word_1_519' title='bbox 1498 2664 1529 2690; x_wconf 88' lang='lat' dir='ltr'>et</span> <span class='ocrx_word' id='word_1_520' title='bbox 1544 2660 1643 2690; x_wconf 85' lang='lat' dir='ltr'>forma</span> <span class='ocrx_word' id='word_1_521' title='bbox 1658 2661 1868 2691; x_wconf 86' lang='lat' dir='ltr'>concionandi.</span> <span class='ocrx_word' id='word_1_522' title='bbox 1892 2672 1921 2701; x_wconf 93' lang='lat' dir='ltr'>p.</span> <span class='ocrx_word' id='word_1_523' title='bbox 1936 2669 2006 2701; x_wconf 80' lang='lat'>237.</span> 
     </span>
    </p>

    <p class='ocr_par' dir='ltr' id='par_1_39' title="bbox 1344 2710 2112 2803">
     <span class='ocr_line' id='line_1_93' title="bbox 1366 2710 2112 2751; baseline 0.003 -12"><span class='ocrx_word' id='word_1_524' title='bbox 1366 2710 1464 2749; x_wconf 88' lang='lat' dir='ltr'>Incip.</span> <span class='ocrx_word' id='word_1_525' title='bbox 1482 2715 1499 2727; x_wconf 70' lang='lat'>‘²</span> <span class='ocrx_word' id='word_1_526' title='bbox 1516 2711 1690 2742; x_wconf 88' lang='lat' dir='ltr'>Predicatio</span> <span class='ocrx_word' id='word_1_527' title='bbox 1706 2716 1753 2742; x_wconf 89' lang='lat' dir='ltr'>est</span> <span class='ocrx_word' id='word_1_528' title='bbox 1768 2712 1914 2742; x_wconf 89' lang='lat' dir='ltr'>thematis</span> <span class='ocrx_word' id='word_1_529' title='bbox 1929 2711 2112 2751; x_wconf 83' lang='lat' dir='ltr'>assumptio,</span> 
     </span>
     <span class='ocr_line' id='line_1_94' title="bbox 1344 2762 1873 2803; baseline 0.004 -11"><span class='ocrx_word' id='word_1_530' title='bbox 1344 2762 1409 2802; x_wconf 88' lang='lat' dir='ltr'>ejus</span> <span class='ocrx_word' id='word_1_531' title='bbox 1424 2762 1554 2803; x_wconf 89' lang='lat' dir='ltr'>denique</span> <span class='ocrx_word' id='word_1_532' title='bbox 1570 2763 1717 2795; x_wconf 87' lang='lat' dir='ltr'>thematis</span> <span class='ocrx_word' id='word_1_533' title='bbox 1733 2763 1873 2794; x_wconf 57' lang='lat' dir='ltr'>divisios&#39;</span> 
     </span>
    </p>
   </div>
  </div>
 </body>
</html>
