2254 3117
757 167 994 202 COLLEGII
1024 169 1163 204 Novi.
1392 207 1396 210 ,
1658 151 1661 154 ’
1802 170 1847 207 67

188 266 294 297 Desin.
330 271 347 281 “
363 266 474 307 quibus
511 277 582 297 vero
616 266 681 307 jam
719 265 836 296 dictum
874 273 920 296 cst

166 317 283 348 acrium
305 328 417 358 corpus
438 317 525 348 urinc
546 322 719 348 attestatur
739 322 771 348 et
793 317 836 346 sic
860 327 920 346 non

169 368 280 398 mirum
297 368 323 398 si
339 368 428 399 urina
440 368 521 399 circa
537 368 652 399 acrium
667 379 777 409 corpus
792 367 919 398 livescit.

169 418 342 460 Explicit.”

190 469 339 499 Auctoris
358 480 469 499 nomen
492 480 528 499 ex
551 469 702 499 Bernardi
718 469 871 510 catalogo,
889 473 920 500 ct

167 526 237 561 post
267 531 338 550 eum
371 520 526 557 Tannero,
557 519 775 556 mutuavimus,
813 520 920 551 nullibi

167 571 249 601 enim
264 571 296 601 in
312 576 451 602 tractatu
469 572 507 601 de
523 582 559 601 eo
575 571 637 601 ulla
652 570 687 601 fit
704 572 830 602 mentio.

84 638 111 666 Q.
132 635 265 667 Ursonis
287 635 399 666 medici
422 636 460 666 de
483 635 644 666 effectibus
665 639 800 676 quatuor
824 636 919 677 quali-

147 692 249 717 tatum
266 686 393 717 libellus.
417 687 467 717 fol.
487 687 522 716 18
536 686 565 717 b.

191 738 290 780 Incip.
323 744 340 753 “
358 738 435 770 Cum
465 738 661 779 questionum
690 739 753 769 fere
783 739 920 769 omnium

169 789 370 820 solutiones.”

190 841 306 872 Exstat
316 841 454 882 impress.
466 850 528 870 una
540 851 609 870 cum
622 840 673 870 lib.
688 840 801 881 Rogeri
815 841 920 872 Bacon

156 887 206 924 ¹de
229 892 427 923 retardandis
449 891 618 922 senectutis
641 892 863 929 accidentibus,
888 894 920 922 8⁰

169 944 268 975 Oxon.
290 954 380 984 1590.

189 995 228 1025 In
244 995 337 1032 calce,
355 1000 373 1010 “
385 994 428 1025 Et
443 994 499 1024 hec
511 994 550 1024 de
562 994 721 1025 effectibus
734 994 921 1035 qualitatum

170 1046 333 1081 sufficiant,
351 1046 518 1076 secundum
534 1046 718 1086 magistrum
733 1045 920 1076 Ursonem.”

86 1108 113 1137 3.
132 1107 281 1147 Ejusdem
305 1106 438 1137 Ursonis
462 1105 722 1147 Aphorismorum
742 1105 828 1141 liber,
849 1117 922 1136 ano-

148 1157 230 1198 nymi
265 1157 425 1198 cujusdam
464 1157 518 1197 [an
550 1156 679 1187 Henrici
710 1156 880 1197 supradicti
893 1157 917 1197 ἓ]

150 1208 332 1248 praefatione
355 1213 387 1238 et
415 1208 636 1238 commentario
666 1207 846 1238 instructus.
871 1207 920 1237 fol.

151 1269 201 1290 21.

192 1311 289 1352 Incip.
306 1310 392 1351 praef.
413 1317 430 1326 ‘¹
446 1310 597 1350 Quoniam
619 1310 774 1350 phisicalis
795 1310 922 1341 scientie

170 1362 356 1398 inventores,
371 1366 426 1392 aut
443 1361 631 1403 negligentia
647 1361 757 1392 tediosi
770 1366 825 1392 aut
838 1361 922 1402 igno-

170 1414 275 1444 rancia
288 1413 440 1444 obfuscati
457 1417 512 1444 aut
528 1413 606 1444 mole
619 1413 770 1454 profunde
782 1413 921 1445 materiei

170 1465 319 1506 oppressi,
356 1465 394 1496 de
433 1475 535 1495 rerum
578 1464 698 1495 naturis
739 1464 923 1505 indagandis

170 1516 285 1547 nullam
315 1516 437 1557 plenam
471 1516 699 1547 successoribus
732 1515 923 1556 reliquerunt

170 1567 374 1598 doctrinam.”

192 1619 254 1650 Tit.
282 1619 335 1649 lib.
363 1625 381 1634 “
397 1618 512 1659 Incipit
538 1617 658 1648 libellus
685 1617 923 1648 Afforismorum

169 1670 335 1701 Vrsonis.''

193 1721 291 1762 Incip.
323 1721 394 1762 aph.
428 1720 653 1753 “Consuetum
683 1725 715 1751 et
745 1720 923 1751 ordinatum

170 1783 272 1803 rerum
283 1772 470 1803 naturalium
484 1782 662 1813 processum
674 1782 733 1801 non
746 1771 923 1802 miramu1·.”

190 1823 287 1864 Incip.
305 1827 468 1856 comment.
492 1828 510 1837 ‘⁴
525 1822 709 1853 Notandum
725 1821 849 1862 quidem
865 1826 922 1857 est,

168 1874 360 1905 Consuetum
382 1880 413 1906 et
432 1873 610 1904 ordinatum
626 1883 804 1914 processum
820 1883 922 1904 rerum

171 1937 231 1956 non
248 1926 404 1960 miramur,
423 1925 539 1956 scilicet
555 1936 614 1966 que
630 1924 771 1955 cotidie.”

191 1977 258 2008 Ult.
288 1977 456 2018 aphorism.
487 1981 543 2012 est,
580 1983 597 1992 “
616 1976 800 2006 Defeccione
831 1986 922 2008 cause

169 2029 329 2059 efficientis
345 2029 516 2059 necessarie
533 2028 578 2058 vel
598 2028 768 2059 materialis
783 2027 829 2058 vel
846 2028 922 2058 utri-

168 2091 264 2122 usque
287 2091 390 2110 rerum
409 2079 573 2120 generacio
594 2078 777 2120 prohibetur
794 2083 824 2109 et
846 2078 922 2108 utri-

168 2142 263 2172 usque
298 2131 488 2161 incremento
527 2135 559 2160 et
596 2129 796 2170 rcparacione
833 2128 921 2170 perfi—

168 2182 281 2212 citur.''

188 2233 294 2263 Desin.
322 2237 339 2250 ‘⁶
352 2243 407 2273 per
429 2232 682 2273 inspissaciouem
701 2230 747 2260 sui
770 2229 816 2259 vel
839 2240 921 2260 rare—

167 2283 336 2314 faccionem
365 2283 538 2324 predictam
567 2281 774 2313 substantiam
799 2280 921 2321 perimit

167 2336 390 2370 constitutam;
409 2334 577 2376 Explicit.”

188 2386 335 2427 Sequitur
351 2386 464 2417 notitia
480 2386 552 2421 ista,
576 2390 594 2401 ‘⁶
609 2384 688 2424 Quia
704 2384 799 2424 igitur
816 2383 846 2413 in
863 2383 921 2413 hoc

167 2442 274 2468 nostro
303 2437 528 2467 afforismorum
555 2436 657 2466 libello
688 2439 799 2464 nature
829 2445 921 2474 opere

168 2488 252 2519 varia
279 2488 434 2519 sensibilia
460 2494 491 2518 et
516 2488 652 2518 archana.
676 2485 854 2516 rationabili
877 2485 920 2515 in-

167 2539 372 2580 vestigacione
409 2539 534 2569 inventa
569 2543 641 2569 sunt
673 2541 705 2567 et
734 2541 921 2572 monstrata,

167 2590 280 2621 idcirco
306 2601 344 2620 ne
370 2590 523 2620 indecenti
550 2588 729 2630 prolixitate
753 2587 854 2628 operis
881 2587 920 2617 le-

166 2641 250 2681 genti
267 2641 426 2672 fastidium
441 2651 634 2682 generemus,
651 2639 742 2680 hujus
759 2638 853 2668 libelli
869 2649 920 2668 ex·
951 2662 952 2666 ,

165 2691 369 2732 positionibus
381 2691 603 2722 sufficientibus
619 2688 786 2720 terminum
798 2688 920 2729 figimus
950 2702 952 2735 ἶ

166 2747 361 2783 oportunum,
386 2743 439 2773 sed
463 2741 608 2783 quoniam
631 2739 742 2770 vestris
762 2739 920 2782 peticioni-

166 2793 222 2824 bus
241 2797 272 2824 et
291 2793 449 2824 desideriis
467 2793 562 2834 juxta
587 2790 800 2832 inspiracionis
820 2790 920 2821 divine
950 2794 952 2797 '

1100 279 1274 299 mensuram
1287 270 1351 309 jam
1369 269 1571 299 satisfecimus
1584 282 1591 301 ;
1611 269 1723 300 idcirco
1737 270 1847 300 Datori

1099 328 1257 348 muncrum
1274 319 1394 358 gracias
1415 319 1542 353 reddite,
1561 320 1618 350 Cui
1640 324 1687 350 cst
1703 320 1801 350 honor
1816 325 1847 350 ct

1099 368 1196 408 gloria
1227 376 1257 399 ct
1287 375 1426 410 potestas
1456 370 1486 400 in
1517 371 1618 400 secula
1650 371 1820 401 seculorum
1839 383 1845 403 ς

1102 419 1233 450 Amen.”

1017 483 1045 511 4.
1063 481 1174 521 Rogeri
1193 483 1394 525 [Salernitaui
1409 484 1431 524 ἔ]
1450 485 1621 525 (fhirurgia,
1640 485 1702 515 sive
1715 486 1752 516 de
1768 497 1846 515 mor-

1080 533 1187 563 borum
1211 535 1368 565 curatione
1392 535 1458 565 libri
1483 542 1626 576 quatuor,
1647 537 1762 577 praevia
1783 537 1848 566 uni-

1080 584 1188 625 cuique
1204 585 1281 614 libro
1298 586 1487 626 praefationc.
1512 586 1560 616 fol.
1571 588 1621 627 38.

1123 635 1218 676 Incip.
1251 636 1335 676 prch.
1366 637 1385 667 i.
1422 643 1439 652 “
1458 637 1533 668 Post
1565 638 1669 668 mundi
1700 638 1847 669 fabricam

1101 685 1226 726 ejusque
1256 688 1395 717 decorem
1427 689 1464 718 (lc
1498 689 1637 719 terrestri
1674 689 1850 720 substantia

1102 737 1186 766 Deus
1202 737 1355 768 hominem
1372 739 1549 769 formavit.''

1125 788 1221 829 Incip.
1239 788 1290 818 lib.
1307 789 1326 819 i.
1349 795 1365 804 ‘¹
1381 790 1496 828 Quibus
1516 791 1612 820 modis
1630 791 1728 831 capud
1746 791 1849 821 vulne-

1102 844 1190 870 ratur
1215 844 1246 870 et
1274 840 1311 870 de
1339 840 1432 881 signis
1458 841 1689 881 panniculorum
1713 841 1848 872 lesionis.

1102 890 1203 931 Caput
1220 890 1371 921 vulnerari
1388 891 1514 921 (liversis
1530 892 1629 922 modis
1645 892 1829 933 contiligit.”

1124 941 1229 972 Desin.
1246 942 1296 972 lib,
1314 942 1367 972 ult.
1385 948 1403 957 “
1415 947 1443 972 et
1459 942 1509 973 illa
1523 943 1675 984 pinguedo
1688 955 1746 985 quc
1758 954 1849 984 super

1103 992 1222 1023 natales
1243 993 1425 1033 accipiatur,
1443 1000 1471 1023 ct
1488 994 1557 1023 inde
1574 994 1648 1024 tibie
1664 994 1849 1035 ung—rannus*

1125 1045 1163 1074 In
1180 1044 1270 1081 calce,
1290 1050 1308 1060 “
1322 1044 1455 1085 Explicit
1473 1044 1604 1085 cirurgia
1621 1045 1744 1085 Rogeri.

1105 1101 1122 1109 “
1137 1095 1213 1125 Fine
1229 1095 1361 1137 cirurgie
1377 1107 1496 1126 merear
1512 1096 1646 1126 solamen
1664 1096 1791 1136 Hebe*

1018 1161 1046 1190 5.
1067 1160 1221 1200 Anonymi
1248 1160 1407 1201 cujusdam
1437 1160 1579 1201 glossula*
1610 1171 1700 1201 super
1729 1161 1852 1191 tabulas

1083 1210 1305 1242 Salernitanas.
1330 1211 1381 1242 fol.
1397 1212 1446 1242 68.

1125 1263 1190 1293 Tit.
1210 1263 1398 1304 “Incipiunt
1413 1263 1498 1304 glose
1514 1262 1619 1292 tabule
1637 1262 1782 1292 Salerni?

1126 1314 1222 1355 Incip.
1241 1320 1258 1330 ‘¹
1273 1314 1381 1345 Omnis
1397 1314 1550 1355 practicus
1566 1319 1612 1344 cst
1629 1313 1783 1344 theoricus
1800 1313 1853 1342 sed

1103 1375 1164 1395 non
1180 1365 1380 1401 convertitur,
1398 1365 1546 1406 magister
1565 1364 1684 1395 Salerni
1705 1369 1750 1395 est
1768 1375 1852 1405 prac-

1104 1415 1194 1451 ticus,
1212 1427 1285 1457 ergo
1301 1416 1449 1457 magister
1466 1416 1584 1447 Salerni
1602 1420 1649 1447 cst
1665 1415 1848 1446 theoricusf'

1125 1466 1230 1497 Desin.
1258 1467 1435 1497 “sermonis
1461 1467 1552 1508 hujus
1578 1467 1764 1497 lascivientis
1787 1477 1854 1507 pre-

1105 1517 1268 1557 vagatioue
1297 1517 1427 1548 rivulum
1454 1518 1503 1549 hic
1533 1524 1679 1558 stagnare
1706 1517 1853 1549 faciamus

1103 1567 1253 1603 feliciter;
1272 1569 1403 1599 Anien.”

1019 1632 1045 1662 6.
1066 1631 1200 1662 Libellus
1229 1632 1365 1663 medicus
1395 1633 1443 1663 cui
1474 1633 1595 1669 titulus,
1622 1639 1638 1647 '¹
1654 1633 1759 1663 Flores
1784 1632 1853 1662 libri

1084 1683 1260 1713 virtutum.”
1283 1683 1332 1713 fol.
1346 1693 1393 1719 71.

1127 1735 1223 1775 Incip.
1250 1741 1267 1749 ‘¹
1280 1734 1391 1766 Virtus
1413 1734 1562 1766 medicine
1582 1738 1629 1764 est
1645 1734 1786 1775 potentia
1802 1745 1853 1764 na-

1104 1786 1223 1822 turalis,
1234 1797 1295 1828 qua
1307 1786 1374 1827 ipsa
1386 1786 1538 1818 medicina
1553 1791 1697 1827 suscepta
1713 1785 1853 1817 intrinse-

1105 1849 1157 1868 cus
1173 1838 1218 1868 vel
1234 1838 1377 1880 apposita
1393 1838 1611 1869 extrinsecus,”

1020 1903 1045 1933 7.
1066 1901 1169 1931 Mauri
1199 1900 1386 1931 Salernitani
1416 1901 1455 1931 de
1483 1900 1699 1931 phlebotomia
1726 1899 1851 1930 libellus.

1083 1953 1131 1983 fol.
1147 1961 1185 1990 70
1198 1953 1226 1983 b.

1125 2004 1187 2035 Tit.
1207 2010 1224 2019 “
1236 2003 1349 2044 Incipit
1361 2003 1556 2033 Flebotomia
1567 2002 1706 2043 magistri
1721 2001 1850 2033 Mauri.’'

1126 2055 1222 2096 Incip.
1244 2061 1261 2070 '‘
1274 2055 1468 2085 Flebotomia
1481 2054 1638 2084 cerebrum
1651 2058 1803 2094 temperat
1820 2060 1849 2083 et

1103 2107 1171 2137 ideo
1185 2106 1364 2137 memoriam
1377 2106 1484 2146 prebet
1500 2112 1529 2136 et
1543 2110 1677 2136 mentem
1690 2104 1849 2134 sinceratf*

1018 2170 1045 2196 8.
1065 2166 1193 2196 Henrici
1224 2166 1276 2206 [de
1294 2165 1490 2204 wintoniae]
1520 2164 1557 2194 dc
1584 2162 1791 2205 phlebotomia
1817 2161 1850 2191 li-

1083 2218 1187 2248 bellus.
1211 2217 1261 2247 fol.
1275 2227 1322 2256 74.

1121 2269 1182 2300 Tit.
1202 2276 1219 2284 “
1234 2269 1348 2309 Incipit
1364 2267 1540 2298 flebotomia
1558 2264 1714 2296 Henrici.''

1125 2320 1223 2360 Incip.
1259 2325 1276 2334 ¹‘
1290 2319 1488 2359 Propositum
1519 2322 1564 2347 est
1595 2315 1682 2345 nobis
1714 2318 1850 2344 tractare

1102 2371 1245 2406 breviter,
1265 2370 1295 2400 in
1321 2370 1431 2412 quibus
1452 2367 1675 2409 egritudinibus
1701 2365 1849 2406 competit

1102 2422 1279 2453 flebotomia
1295 2427 1325 2452 et
1342 2422 1379 2451 de
1396 2420 1506 2462 quibus
1523 2417 1633 2449 veiiis.”

1017 2483 1044 2514 9.
1063 2481 1227 2518 Trottulae,
1258 2492 1310 2511 seu
1341 2481 1443 2522 potius
1474 2479 1589 2510 Erotis,
1620 2477 1657 2506 de
1688 2475 1848 2505 mulierum

1080 2531 1195 2562 morbis
1210 2531 1295 2561 liber.
1321 2530 1370 2560 fol.
1386 2539 1424 2568 74
1435 2529 1461 2558 b.

1123 2582 1186 2613 Tit.
1205 2588 1223 2597 “
1240 2581 1395 2623 Incipiunt
1413 2590 1484 2610 cure
1499 2577 1645 2618 magistre
1662 2575 1834 2606 T1·0ttule.''

1125 2633 1222 2674 Incip.
1251 2634 1361 2662 “Cum
1383 2635 1493 2660 auctor
1517 2627 1738 2658 Universitatis
1764 2626 1848 2656 Deus

1101 2685 1131 2714 in
1147 2684 1246 2726 prima
1262 2682 1368 2713 mundi
1385 2680 1529 2722 origines*

1122 2735 1237 2765 Exstat
1253 2734 1390 2774 impress.
1408 2732 1438 2761 in
1451 2730 1620 2771 Gynaecior.
1633 2729 1705 2759 edit.
1718 2727 1845 2770 Wolph,

1101 2785 1193 2817 Basil.
1212 2785 1301 2826 1586,
1316 2789 1389 2815 tom.
1404 2783 1421 2813 i.
1440 2794 1468 2824 p.
1485 2783 1532 2823 89.

1151 2848 1173 2871 K
1195 2850 1213 2871 2
