2254 3117
342 149 387 179 8-1
892 135 1194 172 CATALOGUS
1221 133 1456 169 CODICUM
1488 133 1599 167 MSS.

446 243 485 272 In
501 241 591 276 calce,
611 243 628 255 ¹⁶
642 236 779 278 Explicit
794 235 951 277 speculum
967 233 1186 276 prelatorum.”

466 292 655 332 Sequuntur,

403 356 432 374 a.
452 341 571 373 Tabula
587 350 713 370 summm
728 337 935 378 alpliabetica,
948 336 1064 378 praevio
1080 335 1220 376 prologo,

464 393 555 433 incip.
574 396 592 408 ‘⁶
606 392 676 421 Hoc
699 400 820 420 sumina
842 388 882 419 ad
905 388 1054 418 honorem
1071 387 1103 417 S.
1121 385 1220 417 Trini-

464 443 568 475 tatis.''
591 441 639 472 sol.
654 450 729 479 441.

488 495 527 524 In
549 493 643 529 calce,
664 491 814 533 epilogus,
830 490 922 532 incip.
939 495 957 507 ‘⁴
971 490 1080 521 Finem
1103 488 1221 519 deside-

462 546 579 576 riorum
595 543 763 574 omnium.”

400 604 427 632 b.
445 601 570 632 Tabula*
586 600 655 630 aliae
668 599 748 635 (lum,
761 598 869 628 ordine
884 595 1082 638 alphabetico
1095 609 1103 630 2
1129 605 1222 625 manu

464 651 629 683 recentiori.
653 650 704 681 fol.
719 651 790 688 448.

682 759 888 795 CCXVIII.

337 829 457 862 Codex
486 825 780 862 membranaceus,
806 823 841 855 in
869 821 963 861 folio,
990 820 1023 854 ff.
1044 822 1128 859 209,
1154 830 1221 852 sec.

364 887 441 923 xiv„
473 884 561 917 binis
596 882 765 916 columnis
800 885 981 919 exaratus3
1016 882 1036 896 ‘⁶
1053 890 1095 911 ex
1132 878 1222 910 dono

364 943 502 977 Ricardi
528 940 748 979 Fitz-James,
776 950 886 983 nuper
914 938 1040 971 Cic-est.
1071 936 1221 980 episcopi

362 1007 398 1034 et
417 1000 496 1035 coll.
519 999 672 1032 Merton.
691 996 873 1031 cnstodis.”

381 1061 504 1092 Claudii
521 1059 630 1091 Galeni
652 1069 748 1100 opera
764 1057 859 1094 varia,
874 1056 987 1087 Latine
1000 1055 1141 1090 reddita;
1167 1054 1222 1085 sei-

403 1113 486 1149 licet,

384 1171 410 1198 l.
429 1168 477 1198 De
493 1165 652 1197 elementis
669 1165 835 1195 secundum
856 1163 1094 1204 Hippocratem,
1114 1161 1222 1202 [inter-

445 1223 533 1260 prete
550 1216 678 1248 Nicolao
696 1215 891 1256 Leoniceno].
915 1214 965 1244 fol.
981 1223 1009 1243 2.

489 1268 550 1298 Tit.
569 1274 585 1284 ‘⁵
600 1266 714 1307 Incipit
741 1265 818 1296 liber
843 1264 963 1295 Galieni
990 1263 1028 1293 de
1055 1262 1222 1293 secundnm

468 1319 663 1359 Ypocratem
680 1315 869 1346 cleinentis.”

489 1369 589 1410 Incip.
608 1367 794 1401 “Quoniam
817 1365 1002 1396 elementum
1026 1362 1152 1393 minima
1175 1366 1223 1392 est

466 1420 619 1463 particula
631 1419 698 1459 ejus
706 1419 730 1454 3¹*
746 1417 820 1448 utin
833 1416 1004 1447 edit.J11nt.
1019 1416 1108 1456 1556,
1120 1413 1222 1444 tomi

468 1477 548 1514 part.
564 1471 593 1502 ii.
610 1482 640 1511 p.
659 1480 682 1499 2.

489 1524 526 1554 In
543 1523 634 1557 calce,
647 1528 664 1539 *⁸
678 1521 816 1562 Explicit
832 1520 909 1550 liber
925 1519 1047 1550 Galieni
1064 1519 1101 1548 ‹lc
1118 1528 1223 1547 secun-

466 1575 539 1605 dum
558 1574 751 1614 Ypocratem
768 1571 938 1602 elementis.

382 1634 410 1661 (λ.
429 1632 477 1661 De
490 1628 754 1671 complexionibus
766 1627 845 1658 liber
857 1627 887 1657 in
899 1631 963 1657 tres
979 1625 1147 1666 particulas
1163 1624 1223 1654 dis-

446 1682 574 1718 tinctus,
590 1690 744 1721 anonymo
760 1679 938 1719 interprete.
963 1677 1014 1707 fol.
1030 1686 1044 1716 7
1059 1677 1088 1706 b.

490 1732 589 1772 Incip.
607 1737 624 1748 ⁴⁴
638 1731 763 1761 Summe
780 1741 838 1771 que
854 1733 926 1759 sunt
942 1728 972 1759 in
985 1727 1157 1758 sermone.’'

489 1785 528 1814 In
555 1783 648 1820 calce,
674 1788 691 1799 ⁴⁴
705 1781 843 1823 Explicit
869 1781 946 1811 liber
972 1780 1010 1810 de
1037 1778 1222 1820 complexio-

468 1835 588 1865 nibus.”

384 1894 412 1923 53.
431 1892 524 1922 Liber
537 1892 575 1921 de
591 1890 710 1920 malitia
722 1887 942 1930 complexionis
955 1887 1093 1917 diversae.
1110 1886 1161 1916 sol.
1175 1894 1222 1925 25.

491 1941 589 1982 Incip.
603 1939 752 1970 “Malitia
764 1937 984 1979 complexionis
997 1937 1115 1967 diverse
1129 1947 1226 1977 quan-

469 1991 599 2033 (1οῳιοῖἼ

390 2052 412 2079 4.
430 2049 480 2079 De
492 2047 681 2089 simplicibus
705 2045 864 2076 medicinis
884 2045 953 2075 libri
969 2044 1115 2085 quinque,
1132 2043 1226 2074 inter-

451 2104 539 2141 prete
555 2109 718 2139 anonymo.
744 2097 796 2127 fol.
813 2105 847 2136 27
863 2097 892 2127 b.

490 2150 587 2191 Incip.
618 2154 635 2166 “
652 2149 805 2188 Quoniam
835 2148 909 2178 mihi
940 2157 1062 2177 necesse
1093 2150 1141 2177 est
1177 2145 1227 2176 hic

471 2201 663 2232 ostendei·e.”

492 2255 527 2284 In
554 2253 648 2290 calce,
671 2257 687 2269 ‘⁴
703 2251 826 2282 Finitus
853 2255 901 2281 cst
928 2254 1084 2280 tractatus
1107 2260 1133 2279 v.
1157 2248 1226 2285 libri

473 2305 594 2336 Galieni
631 2304 662 2334 in
692 2302 860 2334 virtutibus
889 2301 1072 2343 simplicium
1103 2299 1228 2330 medici-

473 2356 612 2388 naruni.”

386 2416 414 2443 5.
433 2413 481 2443 De
502 2411 611 2441 morbo
635 2414 666 2441 et
687 2408 846 2440 accidente
871 2407 1031 2449 particulae
1054 2417 1117 2443 sex,
1135 2406 1228 2436 inter-

452 2466 540 2503 prete
555 2470 719 2501 anonymo.
742 2458 792 2489 fol.
807 2468 843 2498 77
859 2458 888 2487 b.

496 2511 595 2552 Incip.
614 2517 630 2528 ⁸⁴
644 2511 679 2541 ln
695 2509 786 2541 inicio
801 2509 892 2550 liujus
907 2508 977 2549 libri
993 2507 1147 2538 diffiniri.”

496 2564 535 2594 In
547 2562 638 2599 ealce,
651 2567 668 2578 ‘⁸
681 2560 818 2602 Explicit
834 2560 911 2590 liber
926 2560 964 2590 de
979 2560 1088 2590 morbo
1104 2563 1136 2590 et
1151 2558 1228 2589 acci-

474 2615 594 2645 dentes*

389 2671 418 2701 (3.
438 2668 648 2711 Megatechni,
668 2666 760 2709 [liber
775 2678 794 2698 a
810 2666 1016 2698 Constantino
1033 2665 1182 2696 Africano
1199 2663 1229 2694 in

453 2722 609 2763 epitomen
624 2720 778 2755 redactus,
796 2728 865 2749 culn
886 2717 1023 2758 ejusdem
1046 2716 1175 2758 prologo
1190 2715 1229 2745 ad

453 2773 631 2804 ,Iohannem
647 2771 766 2811 filium]
793 2769 844 2800 fol.
859 2780 908 2810 99.

1419 231 1516 272 Incip.
1533 230 1611 272 prol.
1629 234 1647 247 “
1660 230 1808 269 Quamvis
1826 229 1988 261 karissime
2005 229 2080 260 fili.”

1420 283 1516 324 Incip.
1542 286 1707 313 comment.
1725 286 1742 298 ‘⁴
1756 281 1910 321 Quoniam
1935 281 2070 312 intencio
2091 281 2155 322 glo-

1397 333 1555 364 riosissimi
1572 333 1639 369 G.,”
1659 337 1695 363 ut
1714 332 1796 364 inter
1813 333 1914 364 Isaaci
1930 333 1951 363 J
1955 333 2035 363 udaei
2050 343 2154 374 opera.

1399 390 1478 426 part.
1497 384 1526 415 ii.
1550 384 1603 414 fol.
1620 385 1678 424 189
1691 384 1720 414 b.

1315 449 1343 480 7.
1361 448 1411 478 De
1431 447 1511 478 Crisi
1535 447 1605 477 libri
1630 451 1704 483 tres,
1725 446 1907 487 [interprete
1923 445 1994 476 Gul.
2010 446 2048 476 de
2069 446 2155 476 Mor-

1379 497 1485 539 beka.]
1509 497 1562 528 fol.
1580 506 1648 537 129.

1424 549 1521 590 Incip.
1555 554 1573 566 ⁴⁴
1590 549 1659 590 Ego
1689 559 1749 578 non
1781 547 1908 578 intendo
1938 547 1971 578 in
2000 547 2058 577 hoc
2088 557 2156 577 meo

1400 600 1506 630 libros*

1314 666 1343 694 8.
1362 664 1411 694 De
1438 664 1547 694 diebus
1572 662 1694 693 creticis
1715 661 1785 692 libri
1806 666 1882 697 tres,
1898 662 2069 703 interprete
2084 671 2157 691 ano-

1378 727 1480 757 nymo.
1504 715 1555 746 sol.
1573 725 1642 755 154·

1421 765 1519 807 Incip.
1545 765 1624 796 “Ut
1651 764 1873 806 egritudinum,
1899 774 1958 805 que
1987 774 2049 794 non
2079 774 2155 805 pau-

1400 817 1521 848 latim.”

1315 882 1345 914 9.
1364 881 1461 911 Liber
1484 881 1522 910 de
1547 879 1747 910 interioribus
1768 878 1914 909 membris
1937 879 1968 909 in
1991 889 2045 909 sex
2061 878 2158 918 parti-

1380 932 1464 963 culas
1479 931 1655 962 distinctus.
1679 930 1730 960 fol.
1747 940 1757 960 1
1767 940 1816 970 72.

1424 983 1521 1024 Incip.
1534 988 1551 1000 ‘⁴
1566 982 1761 1013 Medicorum
1779 992 1839 1011 non
1856 980 1955 1011 solum
1971 980 2144 1011 moderni.”

1424 1035 1462 1065 In
1481 1034 1574 1071 calce,
1595 1038 1613 1050 ‘⁶
1626 1033 1763 1074 Explicit
1780 1033 1857 1063 liber
1872 1032 1996 1063 Galieni
2019 1032 2058 1063 (le
2081 1032 2159 1063 inte-

1402 1086 1535 1116 rioribus
1551 1084 1726 1115 ineinbris.”

1296 1151 1345 1182 10.
1364 1151 1413 1181 De
1436 1149 1604 1180 virtutibus
1627 1147 1821 1179 naturalibus
1843 1146 2041 1184 cibariorum,
2062 1146 2157 1177 inter-

1381 1207 1469 1244 prete
1486 1200 1636 1231 Accursio
1653 1199 1846 1230 Pistoriensi.
1871 1198 1922 1229 fol.
1941 1200 2012 1229 206.

1425 1254 1524 1295 Incip.
1543 1258 1560 1270 ⁴⁴
1574 1252 1661 1283 Dicit
1682 1252 1723 1283 G.
1746 1251 1828 1293 quod
1853 1250 1926 1292 quia
1950 1261 2080 1292 corpora
2104 1250 2158 1281 ho-

1402 1305 1547 1336 minum.”

1426 1356 1463 1386 In
1485 1355 1579 1391 calce,
1595 1359 1612 1370 ⁴⁶
1628 1352 1764 1394 Explicit
1787 1351 1864 1382 liber
1880 1350 1920 1382 G.
1938 1352 1976 1382 de
1992 1350 2163 1382 virtutibus

1403 1406 1597 1437 naturalibus
1620 1404 1805 1435 cibariorum
1825 1402 1996 1434 translatus
2018 1413 2074 1444 per
2096 1413 2159 1432 ma-

1402 1459 1534 1500 gistrum
1551 1456 1719 1487 Acursium
1743 1456 1970 1496 Pyscoyensem
1993 1453 2075 1495 apud
2100 1452 2159 1483 Bo-

1404 1509 1523 1544 nonias,
1539 1519 1621 1538 anno
1640 1507 1765 1537 Domini
1782 1505 1916 1536 1n⁰.cc⁰.''

1659 1635 1828 1671 CCXIX.

1276 1701 1396 1736 Codex
1425 1700 1719 1739 membranaceus,
1745 1699 1780 1732 in
1808 1697 1901 1737 folio,
1928 1697 1962 1731 ff.
1982 1700 2003 1731 3
2022 1702 2059 1730 et
2077 1696 2161 1736 265,

1300 1771 1366 1793 sec.
1382 1760 1450 1792 xiv.
1475 1758 1637 1797 ineuntis,
1663 1757 1752 1790 binis
1780 1755 1950 1790 columnis
1978 1760 2160 1793 exaratus;

1302 1822 1377 1851 “ex
1409 1817 1499 1850 dono
1530 1815 1685 1860 magistri
1712 1814 1853 1847 Thomae
1880 1813 2057 1853 Donecan,
2081 1811 2160 1846 coll.

1303 1875 1410 1908 Mert.
1429 1874 1542 1907 socii.''

1320 1944 1347 1973 1.
1366 1942 1480 1983 Rogeri
1497 1941 1548 1983 [an
1563 1940 1689 1971 Saliceti
1705 1940 1752 1971 vel
1769 1939 1968 1981 Salernitani]
1986 1938 2162 1978 Cliirurgia,

1382 1994 1413 2024 in
1436 1992 1606 2035 particulas
1622 1996 1757 2033 quatuor
1777 1990 1936 2029 distincta,
1952 1989 2074 2031 praeviis
2092 1999 2161 2029 pro-

1383 2046 1454 2086 logo
1469 2048 1501 2075 et
1517 2043 1669 2084 capitulis.
1694 2042 1744 2073 fol.
1762 2053 1786 2073 1.

1429 2087 1526 2128 Incip.
1540 2086 1616 2128 prol.
1630 2090 1647 2103 ‘⁶
1660 2087 1736 2117 Post
1751 2085 1857 2116 mundi
1874 2084 2023 2115 fabricam
2036 2083 2163 2124 ejusque

1406 2138 1576 2170 decoren].”

1428 2190 1526 2231 Incip.
1544 2189 1595 2220 lib.
1614 2194 1631 2206 ⁸⁴
1644 2188 1747 2230 Caput
1771 2187 1926 2218 vulnerari
1949 2185 2076 2217 diversis
2098 2196 2162 2215 mo-

1406 2242 1454 2272 dis
1469 2240 1650 2282 001itingit.”

1428 2292 1466 2322 In
1482 2292 1575 2329 calce,
1592 2296 1612 2309 “
1627 2290 1764 2332 Explicit
1780 2289 1932 2331 Cyrurgia
1948 2288 2090 2330 Rogeri.”

1322 2358 1350 2387 2.
1368 2356 1479 2387 Galeni
1495 2356 1572 2386 liber
1595 2355 1633 2385 dc
1656 2353 1930 2396 complexionibus,
1948 2352 1978 2383 in
1995 2351 2164 2393 particulas

1385 2412 1450 2438 tres
1467 2407 1643 2442 distinctus,
1661 2417 1730 2436 cum
1750 2405 1887 2446 prologo,
1903 2404 2074 2444 interprete
2090 2413 2162 2433 ano-

1386 2470 1489 2501 nymo.
1515 2458 1565 2489 fol.
1585 2466 1629 2498 17.

1429 2509 1491 2540 Tit.
1509 2508 1655 2549 “Incipit
1675 2507 1774 2547 prima
1795 2504 1949 2547 particula
1972 2504 2010 2535 de
2033 2503 2164 2544 eomple-

1408 2559 1581 2590 xionibus.”

1431 2611 1531 2653 Incip.
1554 2610 1631 2652 prol.
1649 2614 1666 2626 ‘⁴
1680 2609 1806 2640 Summe
1829 2619 1888 2649 que
1912 2611 1984 2638 sunt
2007 2607 2037 2637 in
2064 2606 2164 2648 primo

1409 2663 1515 2693 libro.”

1431 2714 1528 2755 Incip.
1562 2724 1651 2753 opus,
1688 2716 1708 2730 “
1726 2710 1881 2752 Imagines
1915 2708 2035 2749 antiqui
2070 2708 2164 2739 medi-

1409 2766 1543 2797 corum?
