2254 3117
339 183 384 221 96
882 170 1180 207 CATALOGUS
1206 167 1437 204 CODICUM
1466 166 1572 200 MSS.

381 282 409 310 2.
427 278 574 320 Ejusdem
614 272 752 315 Maphaei
792 271 829 302 de
868 274 967 301 morte
1007 267 1209 310 Astyanactis

444 339 562 370 poema.
586 325 635 356 fol.
652 325 718 354 166.

486 380 546 409 Tit.
563 384 581 393 ‘¹
596 375 691 407 Masei
702 373 795 414 Vegii
813 371 983 403 Laudensis
1000 370 1150 401 Astianas
1166 369 1210 399 in-

465 429 538 470 cipit
554 425 711 458 feliciter.”

487 479 735 512 Praemittuntur,

486 530 523 560 In
539 529 588 559 fol.
606 539 630 558 1.
649 538 746 563 verso,
765 532 782 540 ‘⁶
797 525 889 555 Liber
904 523 958 553 W.
975 523 1101 564 Brygon
1120 522 1211 552 titulo

464 578 628 620 empcionis
641 577 672 613 ;”
713 576 833 612 deinde,
868 580 885 589 “
904 574 971 615 Ego
1005 573 1059 603 Jo.
1091 572 1212 603 Ruscell

464 635 571 672 postea
586 628 655 659 emi.

488 688 507 697 “
521 681 623 721 Stirpe
639 689 747 720 parum
763 677 863 708 clarus
877 675 975 716 magis
986 679 1078 716 aptus
1089 675 1117 709 ;”
1132 678 1191 704 etc.

488 734 524 763 In
551 731 601 761 fol.
620 740 648 767 2,
675 740 770 763 verso,
801 727 978 768 “Eneydos
1008 737 1076 757 eum
1108 726 1213 755 Mafco

465 783 560 824 Vegio
593 780 794 812 continuante
827 778 1009 819 hystoriam.
1069 776 1119 807 Ve
1149 776 1214 806 Rus

463 834 559 874 celluy
571 833 603 873 jc
619 831 691 865 suis,
708 831 760 861 Jo.
778 830 915 860 Lincoln.
940 829 1047 868 1482.”

663 923 886 958 CCLXXII.

342 986 459 1020 Codex
478 983 769 1021 membranaceus,
789 982 823 1014 in
848 981 930 1014 folio
955 981 1089 1020 minori,
1108 979 1141 1013 ff.
1156 982 1214 1018 58,

365 1054 430 1077 sec.
451 1053 505 1075 xv.

385 1105 613 1136 Deflorationes
635 1115 672 1134 ex
697 1103 802 1143 Quinti
820 1102 939 1133 Aurelii
957 1101 1131 1142 Symmachi
1153 1101 1214 1142 epi-

405 1156 491 1187 stolis
512 1156 551 1186 ab
573 1166 725 1196 anonymo
745 1155 879 1195 quodam
902 1154 1048 1190 collectae,
1064 1153 1141 1184 etin
1157 1152 1217 1183 dis—

406 1207 571 1238 tinctiones
588 1210 742 1237 treccntas
755 1205 961 1246 quadraginta
973 1209 1091 1245 septem
1103 1204 1216 1233 divisae.

450 1258 548 1299 Incip.
565 1258 583 1287 i.
602 1264 619 1272 ‘¹
632 1257 721 1287 Facis
740 1268 795 1297 pro
815 1260 923 1286 mutua
944 1255 1104 1296 diligentia
1119 1259 1151 1285 et
1166 1265 1218 1284 an-

428 1309 575 1350 tiquitate
586 1307 721 1338 amicicie
735 1312 838 1338 nostre
849 1308 874 1343 3³³
890 1307 921 1337 in
934 1306 1007 1337 edit.
1021 1306 1118 1346 Neap.
1131 1305 1217 1335 Nem.

433 1362 522 1399 1617,
540 1370 569 1400 p.
582 1368 631 1399 32„
648 1370 694 1399 ep.
708 1359 811 1398 xxviij.

452 1410 557 1440 Desin.
581 1416 597 1424 ¹·
612 1409 636 1439 si
661 1409 856 1450 peculiariter
882 1409 913 1438 in
940 1419 1005 1438 rem
1029 1408 1137 1438 missos
1160 1407 1219 1437 suf-

430 1461 518 1502 fragii
535 1461 579 1491 tui
596 1461 679 1491 nisus
695 1460 878 1501 a(ljuverit.”

454 1512 490 1541 In
507 1511 597 1546 calce,
617 1517 634 1526 “
648 1511 826 1552 Expliciunt
847 1510 976 1551 epistole
993 1509 1167 1551 Symmachi
1184 1520 1221 1539 ex

432 1562 511 1592 omni
529 1572 619 1602 opere
635 1562 699 1603 ejus
716 1561 892 1592 deflorate.”

665 1664 909 1698 CCLXXIII.

351 1723 568 1757 Chartaceus.
589 1723 621 1755 in
640 1722 733 1760 folio,
752 1722 786 1754 ff.
804 1725 884 1761 179,
906 1734 971 1755 see.
988 1734 1043 1755 xv.

394 1786 553 1817 Plutarchi
569 1785 782 1817 Chaeronensis
798 1787 944 1827 opuscula
960 1787 1062 1821 varia;
1088 1785 1214 1822 scilicet,

397 1839 423 1867 1.
440 1837 487 1868 De
503 1838 617 1868 virtute
633 1842 664 1868 et
680 1837 754 1867 vitio
769 1837 894 1868 libellus.
919 1850 947 1879 p.
965 1849 989 1868 1.

500 1888 561 1918 Tit.
576 1888 767 1926 Πλουτάρχου
779 1890 842 1927 περὶ
856 1890 956 1928 ἀρετῆς
970 1890 1016 1919 καὶ
1028 1890 1126 1920 κακίας
1138 1889 1226 1927 λόγος

480 1942 596 1977 πρῶτος.

397 1995 425 2023 2.
443 1993 489 2024 De
505 1994 669 2024 liberorum
685 1996 875 2027 educatione.
902 2008 930 2037 p.
948 2005 974 2027 2.

504 2044 565 2075 Tit.
582 2045 646 2083 περὶ
661 2046 770 2076 παίδων
786 2047 898 2085 ἀγωγῆς
913 2047 1001 2085 λόγος
1017 2046 1156 2084 δεύτερος.

399 2100 430 2129 8.
447 2098 606 2137 Quomodo
623 2099 690 2140 quis
706 2111 776 2130 suos
791 2100 822 2130 in
835 2101 948 2131 virtute
964 2100 1102 2141 paranda
1113 2099 1228 2130 sentire

462 2149 558 2190 possit
574 2150 738 2191 profectus.
764 2162 792 2192 p.
810 2151 855 2181 18.

504 2201 565 2232 Tit.
582 2204 639 2233 πῶς
655 2203 690 2232 ἄν
705 2215 746 2234 τις
759 2204 888 2232 αἴσθοιτο
901 2203 1003 2233 ἑαυτοῦ
1018 2203 1228 2242 προκόπτοντος

485 2251 526 2281 ἐπ’
544 2252 628 2290 ἀρετῇ
646 2253 734 2291 λόγος
748 2254 849 2291 τρίτος.

403 2307 430 2335 4.
448 2306 497 2336 De
513 2306 570 2343 his,
587 2307 638 2348 qui
654 2318 722 2337 sero
737 2319 756 2338 a
771 2304 893 2339 numine
909 2308 1111 2339 vindicantur.
1137 2319 1165 2349 p.
1179 2316 1229 2348 32.

507 2356 567 2387 Tit.
592 2358 656 2396 περὶ
677 2361 732 2388 τῶν
755 2358 809 2388 ὑπὸ
825 2361 874 2389 τοῦ
897 2359 974 2389 θείου
996 2359 1127 2397 βραδέως
1147 2371 1230 2395 τιμω-

484 2409 639 2446 ρουμένων.

404 2464 433 2492 5.
450 2462 497 2493 De
513 2463 648 2494 utilitate
664 2474 701 2494 ex
720 2463 848 2494 inimicis
867 2464 1026 2505 capienda.
1049 2474 1140 2506 p.59.

509 2513 570 2544 Tit.
587 2517 644 2546 πῶς
660 2515 695 2544 ἄν
711 2527 750 2546 τις
764 2514 810 2545 ὑπ’
827 2516 938 2554 ἐχθρῶν
954 2515 1109 2554 ὠφελοῖτο.

405 2567 433 2597 6.
451 2568 720 2609 Quomodojuveni
733 2569 886 2599 audienda
898 2569 959 2600 sint
972 2571 1125 2610 poemata.
1142 2579 1169 2609 p.
1182 2570 1231 2607 67.

511 2618 572 2648 Tit.
589 2622 647 2650 πῶς
664 2622 707 2649 δεῖ
720 2620 771 2649 τὸν
786 2620 853 2650 νεὸν
865 2623 921 2650 τῶν
933 2619 1096 2657 ποιημάτων
1109 2619 1232 2649 ἀκούειν.

408 2673 435 2702 7.
456 2672 516 2711 [De
531 2673 690 2704 audiendis
705 2674 822 2714 poetis3
843 2675 932 2705 initio
948 2674 1063 2715 mutil.]
1088 2685 1117 2715 p.
1132 2684 1180 2714 79.

514 2724 607 2765 lncip.
629 2725 658 2754 in
680 2725 787 2759 verbis,
813 2726 843 2755 εὖ
863 2726 998 2764 πράττειν
1022 2726 1167 2764 πέπρωται
1189 2725 1234 2755 καὶ

492 2779 604 2812 κρατεῖν
619 2779 675 2806 τῶν
691 2778 844 2814 πολεμίων.

1303 268 1332 297 8.
1349 266 1504 296 Virtutem
1520 274 1609 305 posse
1624 262 1740 293 doceri.
1761 273 1791 303 p.
1805 270 1854 303 95.

1409 315 1471 346 Tit.
1488 316 1531 345 ὅτι
1547 315 1678 345 δίὸακτον
1692 314 1708 351 ἡ
1724 313 1818 352 ἀρετή,

1304 374 1331 405 9.
1350 370 1511 410 Quomodo
1527 369 1594 410 quis
1610 368 1781 410 distinguat
1799 367 1931 398 amicum
1946 366 2133 397 adulantem.

1368 433 1398 462 1>-
1414 429 1465 461 97-

1411 471 1474 502 Tit.
1500 473 1559 502 πῶς
1582 471 1618 501 ἄν
1641 482 1683 501 τις
1706 469 1857 508 διακρίνειε
1881 469 1932 499 τὸν
1955 469 2064 498 κόλακα
2086 468 2136 497 τοῦ

1390 524 1489 561 φίλου.

1287 579 1336 608 10.
1354 577 1422 616 Qua
1443 576 1510 616 quis
1526 575 1646 606 ratione
1667 574 1799 616 seipsum
1819 574 1898 605 citra
1914 573 2059 604 invidiam
2073 572 2137 603 lau-

1371 628 1444 658 dare
1460 627 1567 668 possit.
1591 638 1620 668 p.
1638 636 1705 668 131.

1413 678 1474 708 Tit.
1490 678 1554 717 περὶ
1569 680 1619 708 τοῦ
1636 677 1738 708 ἑαυτὸν
1754 677 1884 707 ἐπαινεῖν
1899 675 2109 713 ἀνεπιφθόνως.

1288 742 1335 771 11.
1354 741 1400 771 De
1417 751 1478 770 non
1492 739 1661 770 irascendo.
1684 751 1714 780 p.
1731 748 1799 778 142.

1415 791 1477 822 Tit..
1493 792 1557 830 περὶ
1574 791 1739 830 ἆοργησίας.

1291 849 1338 878 12.
1356 847 1403 877 Dc
1419 846 1608 877 curiositate.
1631 857 1661 886 p.
1678 855 1748 886 159.

1415 897 1475 928 Tit.
1492 897 1557 936 περὶ
1572 897 1861 935 πολυπραγμοσύνης.

1289 955 1338 983 13.
1356 953 1402 983 Dc
1418 952 1511 983 animi
1528 951 1764 992 tranquillitate.
1788 961 1816 991 p.
1832 957 1900 989 171.

1417 1002 1478 1033 Tit.
1495 1002 1560 1041 περὶ
1576 1002 1716 1039 εὐθυμίας.

1291 1061 1339 1089 14.
1359 1059 1404 1089 De
1420 1059 1530 1089 vitioso
1546 1058 1671 1099 pudore.
1692 1069 1722 1098 p.
1741 1067 1804 1097 190.

1417 1110 1478 1141 Tit.
1496 1111 1560 1148 περὶ
1576 1110 1728 1140 δυσωπίας.

1292 1170 1343 1198 15.
1360 1168 1460 1198 Bruta
1475 1167 1618 1198 animalia
1633 1167 1752 1197 ratione
1768 1166 1822 1197 uti.
1847 1177 1875 1207 p.
1891 1175 1960 1197 202.

1418 1219 1478 1250 Tit.
1495 1220 1559 1258 περὶ
1574 1222 1624 1249 τοῦ
1639 1220 1674 1248 τὰ
1690 1219 1786 1257 ἄλογα
1800 1218 1879 1258 λόγῳ
1895 1219 2028 1257 χρῆσθαι.

1295 1282 1344 1313 16.
1362 1283 1500 1314 Maxime
1516 1294 1584 1313 cum
1600 1282 1788 1323 principibus
1803 1281 1985 1322 philosopho
2003 1292 2069 1312 esse
2084 1281 2143 1311 dis-

1378 1334 1559 1374 putandum.
1584 1345 1613 1375 p.
1629 1342 1700 1373 209.

1421 1384 1482 1414 Tit.
1500 1385 1542 1414 ὅτι
1557 1386 1685 1422 μάλιστα
1700 1387 1759 1415 τοῖς
1775 1385 1895 1422 ἡγεμόσι
1910 1384 1962 1414 τὸν
1978 1385 2145 1423 φιλόσοφον

1400 1436 1596 1475 διαλέγεσθαι.

1296 1495 1345 1525 17.
1364 1494 1413 1524 Ad
1429 1493 1597 1534 principem
1613 1492 1810 1523 ineruditum.
1834 1503 1862 1533 p.
1877 1502 1946 1530 2¹4-

1424 1545 1487 1575 Tit.
1504 1548 1573 1583 πρὸς
1588 1545 1716 1583 ἡγεμόνα
1731 1544 1912 1574 ἀπαίδευτον.

1297 1609 1347 1638 18.
1365 1605 1413 1638 De
1425 1608 1538 1638 virtute
1553 1607 1681 1642 morali;
1705 1607 1881 1646 (leszmtfrre
1895 1607 2004 1637 omnia.
2021 1618 2049 1648 p.
2065 1607 2133 1636 218.

1418 1658 1483 1689 Tit.
1500 1659 1563 1697 περὶ
1579 1660 1628 1695 τῆς
1642 1659 1739 1696 ἠθικῆς
1754 1659 1864 1696 ἀρετῆς.

1300 1724 1348 1756 19.
1365 1722 1425 1763 [De
1440 1722 1550 1753 vitioso
1566 1721 1700 1762 pudore;
1725 1721 1921 1763 fragmenta]
1945 1732 1974 1762 p.
1989 1730 2059 1760 219.

1427 1773 1522 1814 Incip.
1539 1773 1570 1803 in
1586 1772 1698 1809 verbis,
1715 1771 1914 1814 [παρα]βῆναι
1933 1771 1984 1802 τὸν
2003 1772 2088 1810 ὅρκον
2104 1771 2149 1802 καὶ

1404 1826 1504 1854 πλέον.
1530 1838 1554 1854 κ.
1566 1829 1595 1854 λ.

1301 1881 1350 1910 920.
1369 1879 1416 1909 Dc
1432 1879 1570 1909 fraterno
1585 1889 1698 1909 amore.
1724 1890 1754 1919 p.
1770 1888 1840 1909 221.

1428 1930 1494 1960 Tit.
1511 1930 1575 1969 περὶ
1591 1931 1798 1969 φιλαδελφίας.

1301 1988 1350 2016 21.
1369 1985 1416 2016 De
1431 1985 1623 2026 garrulitate.
1646 1996 1675 2026 p.
1690 1994 1759 2023 242.

1428 2036 1490 2066 Tit.
1506 2037 1570 2075 περὶ
1587 2037 1769 2075 ἀδολεσχίας.

1301 2093 1350 2122 22.
1368 2091 1415 2121 Dc
1430 2091 1521 2121 modo
1536 2091 1692 2121 audiendi.
1715 2101 1745 2131 p.
1761 2091 1828 2121 26¹.

1429 2142 1491 2173 Tit.
1507 2142 1571 2181 περὶ
1587 2145 1635 2172 τοῦ
1652 2143 1776 2172 ἀκούειν.

1303 2199 1352 2228 23.
1370 2198 1417 2228 De
1434 2198 1604 2239 cupiditate
1620 2197 1805 2227 divitiarum.
1831 2207 1859 2237 p.
1874 2203 1942 2235 277.

1430 2249 1491 2280 Tit.
1507 2250 1571 2287 περὶ
1587 2248 1808 2287 φιλοπλουτίας.

1304 2306 1354 2335 24.
1373 2305 1420 2335 De
1436 2305 1568 2334 fortuna.
1592 2315 1620 2344 p.
1637 2304 1704 2344 285.

1359 2347 1366 2353 ⁴
1430 2355 1491 2385 Tit.
1508 2355 1573 2394 περὶ
1587 2355 1684 2394 τύχης.

1305 2412 1354 2441 95.
1372 2410 1488 2441 Utrum
1503 2409 1659 2451 graviores
1675 2408 1736 2438 sint
1756 2407 1850 2438 animi
1870 2405 1967 2437 morbi
1983 2416 2075 2447 quam
2090 2416 2153 2437 cor-

1389 2462 1480 2503 poris.
1504 2472 1532 2502 p.
1548 2462 1617 2501 289.

1433 2512 1494 2542 Tit.
1511 2512 1633 2549 πότερον
1649 2511 1684 2540 τὰ
1698 2511 1746 2548 τῆς
1767 2510 1865 2549 ψυχῆς
1878 2507 1895 2546 ἦ
1911 2509 1946 2538 τὸ.
1960 2509 2010 2538 τοῦ
2025 2508 2154 2545 σώματος

1411 2563 1486 2601 πάθη
1502 2564 1630 2603 χείρονα.

1306 2618 1356 2649 26.
1373 2618 1420 2649 De
1435 2618 1604 2648 amicorum
1620 2615 1826 2647 multitudine.
1851 2626 1881 2655 p.
1896 2623 1965 2655 292.

1433 2669 1494 2699 Tit.
1511 2669 1575 2707 περὶ
1590 2668 1775 2707 πολυφιλίας.

1307 2727 1356 2757 27.
1374 2727 1506 2766 Aquane
1521 2735 1560 2754 an
1577 2723 1654 2764 ignis
1670 2723 1710 2753 sit
1726 2721 1839 2752 utilior.
1863 2732 1890 2762 p.
1906 2729 1974 2761 297.

1433 2775 1494 2805 Tit.
1506 2775 1570 2813 περὶ
1580 2776 1630 2804 τοῦ
1639 2774 1760 2812 πότερον
1769 2773 1842 2811 ὕδωρ
1853 2770 1869 2810 ἢ
1879 2773 1933 2810 πῦρ
1943 2771 2153 2811 χρησμώτερον.
