2254 3117
710 154 947 189 COLLEGH
976 156 1116 191 NOVI.
1757 164 1802 193 33

42 259 70 288 4.
87 256 242 295 Excerpta
263 264 300 284 ex
317 253 371 284 SS.
385 253 576 294 Hieronymo
592 258 624 284 et
640 253 820 294 Augustino
835 253 872 283 (10

101 305 309 347 assumptione
326 305 361 335 B.
379 305 492 335 Mariae
509 305 651 346 Virginis.
676 304 728 335 fol.
742 306 801 342 246
815 305 841 334 b.

145 357 240 398 Incip.
273 362 290 371 ‘⁸
310 356 484 386 Icronimus
514 356 586 387 fecit
624 366 795 386 sermonem
833 356 873 386 ad
902 354 904 389 ἶ

124 408 249 439 Paulam
280 413 312 438 et
343 407 556 443 Eustochium,
588 406 731 448 virgines,
759 406 797 436 dc
826 418 873 437 as-

121 459 296 501 sumpcione
318 459 410 489 beate
434 459 546 493 Mario,
571 459 601 489 in
626 470 685 499 quo
704 458 747 488 ita
762 458 873 489 asserit

122 511 233 546 dicens,
261 510 319 540 Pro
342 514 426 540 certo
449 510 525 540 nihil
551 509 635 540 aliud
662 509 795 550 experiri
822 520 872 550 po·
903 539 904 545 ¹

123 561 212 592 test.”

42 628 69 656 5.
88 622 280 654 Venerabilis
303 622 397 653 Bedae
420 622 546 652 homilia
569 622 599 652 in
622 621 715 655 istud,
740 622 800 651 ‘In
824 622 874 652 illo
903 637 905 648 ι

102 680 239 715 tempore
253 673 356 704 Maria
370 673 557 714 Magdalcne
569 677 600 703 et
615 672 717 703 Maria
732 673 754 702 J
756 673 844 703 acobi
857 674 874 707 ;'

103 730 160 756 etc.
185 724 236 755 sol.
249 734 316 764 247.

146 776 241 817 Incip.
284 781 302 790 ‘¹
320 774 493 806 Comendat
534 774 622 804 nobis
665 774 875 805 sacratissima

123 828 213 858 lectio
229 830 405 857 sanctarum
422 825 615 856 inulierum.”

42 890 71 921 6.
87 890 211 921 Ricardi
241 888 328 919 Rolle
358 888 395 919 de
427 888 583 929 Hampole
610 888 686 918 liber
711 888 741 918 in
766 899 874 918 noveni
904 920 905 925 ¹

103 941 246 972 lectiones
262 944 464 976 mortuorum,
481 940 532 981 qui
549 944 678 970 vocatur
693 939 774 976 alibi,
795 940 872 970 Par-

103 1004 171 1023 vum
187 992 260 1023 Job.
284 992 334 1022 fol.
350 1001 418 1030 249.

145 1043 206 1074 Tit.
224 1049 241 1058 “
255 1043 291 1073 In
304 1042 413 1083 vigiliis
429 1046 622 1072 mortuorum
639 1041 730 1072 lectio
746 1041 874 1082 prima.”
905 1078 906 1085 ἵ

146 1094 240 1136 Incip.
274 1094 404 1124 “Parce
434 1092 507 1123 mihi
539 1092 681 1129 Domine,
706 1096 765 1123 etc.
812 1093 873 1123 Ex·
905 1127 906 1132 ¹

123 1145 266 1186 primitur
284 1149 389 1176 autem
410 1145 440 1175 in
459 1144 518 1174 hiis
538 1143 640 1174 verbis
656 1144 789 1175 humane
803 1155 874 1175 con·
905 1162 906 1179 ;

125 1196 282 1227 dicionis.''

146 1247 249 1278 Desin.
283 1253 301 1262 ‘¹
320 1251 352 1277 et
382 1246 496 1277 incensi
529 1246 608 1288 ignis
638 1246 816 1278 inhabitans
844 1247 874 1277 in
905 1262 906 1285 l

125 1305 284 1336 eternum;
304 1298 414 1329 Amen.
447 1299 476 1329 A
494 1310 554 1340 quo
570 1297 715 1329 Christus
731 1309 787 1329 nos
803 1299 874 1329 libe-

124 1355 183 1387 ret,
195 1351 246 1391 qui
262 1361 331 1380 cum
347 1349 444 1380 Patre
457 1353 488 1380 et
502 1350 619 1380 Sancto
634 1349 752 1391 Spiritu
765 1354 875 1391 regnat
905 1391 907 1395 Α

125 1402 155 1432 in
171 1405 328 1437 eternum3
345 1401 475 1431 Amen?

149 1453 186 1483 In
201 1452 294 1489 calce,
318 1458 337 1467 “
351 1451 489 1493 Explicit
511 1456 667 1483 tractatus
691 1452 816 1482 Ricardi
837 1453 875 1483 de

126 1503 280 1545 Hampole
303 1503 454 1534 heremite
480 1515 573 1544 super
597 1515 704 1534 novem
729 1503 875 1534 lectiones
906 1513 907 1522 ¹

125 1555 343 1585 mortuorum.”

46 1622 72 1653 7.
90 1620 277 1661 Excerptum
298 1630 336 1650 ex
357 1618 387 1649 S.
404 1619 582 1660 Augustino
608 1619 646 1650 de
672 1619 763 1650 laude
790 1619 875 1649 Psal-
905 1599 907 1623 ζ

106 1682 234 1702 morum.
258 1670 309 1701 fol.
324 1678 395 1710 279.

147 1722 341 1758 Inscribitm,
366 1721 591 1762 “Augustinus
615 1721 654 1751 de
677 1720 769 1751 laude
796 1720 874 1761 psal-

126 1784 243 1804 morum
259 1773 302 1803 sic
317 1772 491 1814 prorumpit
505 1772 536 1802 in
551 1772 737 1813 loquelam?

148 1824 243 1866 Incip.
261 1824 448 1855 “Canticum
463 1824 651 1865 psalmorum
667 1835 778 1865 corpus
790 1833 875 1854 sanc-

127 1876 234 1913 tificat,
250 1876 369 1907 animus
384 1875 539 1906 decorat.”

149 1927 186 1957 In
214 1927 315 1958 fronte
346 1927 461 1958 codicis
489 1927 613 1968 legitur,
653 1932 671 1941 “
689 1926 786 1957 Orate
819 1936 876 1967 pro

127 1978 227 2009 anima
253 1978 398 2019 Hugonis
423 2002 429 2008 .
449 2004 454 2008 .
473 2002 479 2008 .
497 1989 548 2019 ym
571 1978 727 2019 quondam
748 2001 874 2007 ......

0 2023 1 2040 ¹
126 2031 163 2061 de
181 2053 283 2061 .....
300 2031 387 2072 cujus
401 2030 503 2061 anime
519 2030 708 2072 propicietur
724 2029 837 2060 Deus.”

0 2045 2 2167 1
372 2122 505 2157 XCIV.

12 2179 125 2213 Codex
144 2180 433 2220 membranaceus,
455 2181 489 2213 in
509 2182 570 2214 4to
588 2180 721 2219 minori,
740 2180 774 2213 ff.
797 2179 876 2220 176,
906 2167 908 2181 ⁴,

33 2247 94 2269 sec.
112 2237 190 2277 ΧΠ,
207 2237 298 2271 haud
317 2250 385 2272 una
401 2250 507 2271 manu
525 2244 694 2271 exaratus.

50 2304 76 2333 1.
93 2304 244 2345 Anonymi
257 2305 415 2347 cujusdam
436 2307 488 2347 [an
505 2306 672 2348 Augustini
686 2307 708 2347 ἒ]
727 2307 766 2336 de
782 2306 878 2345 poeni·
907 2349 908 2353 Ἰ

109 2356 207 2387 tentia
220 2356 353 2388 homiliae
368 2362 487 2399 septem
503 2358 619 2388 breves.
642 2357 693 2387 fol.
713 2368 735 2387 1.

129 2458 213 2498 gravi
229 2459 330 2495 corde,
346 2465 403 2491 etc.
451 2460 578 2491 Fratres
599 2460 765 2497 karissimi,
781 2460 806 2490 si
824 2460 877 2490 filii

131 2559 256 2601 patris?q

151 2611 253 2642 Desin.
279 2613 335 2644 ult.
361 2619 378 2628 ‘¹
393 2618 424 2644 et
447 2613 667 2644 confessionem
691 2613 822 2644 emunda
846 2619 877 2644 et

131 2662 271 2704 deinceps
285 2668 317 2694 te
332 2664 480 2694 mundum
495 2665 669 2694 conservas*

5 2506 17 2676 ἓ
131 2508 256 2540 Domini
271 2511 346 2542 estis
361 2511 467 2543 audite
481 2511 641 2553 pacienter
656 2511 877 2542 correctionem
907 2520 908 2523 ’

116 2777 159 2806 16.

4 2417 6 2431 ¹
152 2408 250 2448 Incip.
281 2409 299 2438 i.
330 2409 432 2440 “Filii
466 2409 625 2440 hominum
659 2420 877 2450 usquequoque
907 2398 909 2409 ¹¹

51 2724 255 2757 anecdota
288 2738 387 2768 pauca
423 2727 461 2757 de
498 2727 621 2758 Sanctis
658 2726 794 2767 aliisque.
826 2727 876 2757 fol.
906 2735 908 2738 ’

1076 255 1211 286 Primum
1240 262 1284 287 cst
1310 258 1348 287 (10
1371 258 1514 298 episcopo
1538 259 1671 299 quodam
1696 259 1800 297 Angli—

1051 318 1127 336 cano
1143 318 1161 337 a
1177 308 1316 338 daemone
1333 313 1465 344 tentam,
1483 313 1514 339 et
1531 309 1619 350 incip.
1638 316 1656 324 ‘¹
1670 309 1800 348 Quidam

1051 358 1210 399 episcopus
1238 359 1428 398 Anglicanus
1458 360 1526 390 Deo
1557 360 1645 390 valde
1675 360 1801 390 dovotus

1051 409 1138 439 fuit.”

967 472 995 500 3.
1014 470 1178 511 Expositio
1193 472 1318 502 canonis
1335 473 1450 503 Missam
1478 474 1526 504 fol.
1544 485 1589 512 17.

1076 521 1171 561 Incip.
1186 529 1202 536 ‘¹
1214 523 1414 554 Intcndcntes
1426 525 1462 554 (10
1473 525 1667 565 exposicione
1678 525 1801 555 canonis

1053 572 1152 607 misse,
1167 573 1322 604 videamus
1335 575 1407 614 quid
1421 575 1460 605 sit
1475 576 1577 611 missa,
1592 576 1663 616 quid
1677 576 1800 606 canon.n

1076 623 1331 654 Desi11.“Osanna
1342 631 1469 666 propter
1479 627 1651 667 dupplicam
1663 626 1801 657 stolam*

970 686 998 715 4.
1015 685 1049 715 B.
1070 686 1179 716 Mariae
1213 687 1348 728 Virginis
1380 688 1576 719 Lamentatio
1601 690 1637 719 (10
1663 690 1802 730 passion(-

1056 736 1125 766 Filii
1144 738 1310 768 secundum
1327 740 1357 769 S
1369 739 1572 770 Bernardum.
1596 740 1645 770 sol.
1661 751 1708 771 ιι.

1076 787 1172 829 Incip.
1194 795 1212 803 ‘¹
1226 789 1301 827 Quis
1324 790 1409 820 (labit
1434 791 1525 831 capiti
1550 802 1618 821 mco
1639 802 1750 831 aquam
1772 799 1799 821 ⁴¹1

1054 839 1149 869 oculis
1165 839 1239 870 meis
1254 841 1420 880 ymbrems'

1077 889 1181 920 Desin.
1210 890 1352 921 “dilecto
1373 891 1435 921 filio
1454 903 1530 926 meo,
1549 893 1597 932 qui
1619 903 1723 922 amore
1742 892 1802 922 lan-

1053 943 1164 983 gue0.''

1076 993 1113 1022 In
1151 993 1242 1027 calce,
1283 999 1300 1008 “
1318 993 1455 1034 Explicit
1494 995 1676 1024 lamentacio
1714 995 1802 1025 beau¹

1055 1043 1190 1084 Virginis
1216 1045 1253 1074 de
1280 1045 1421 1085 passione
1454 1045 1520 1075 Filii
1553 1045 1609 1079 sui,
1637 1046 1801 1075 seeundum

1055 1096 1181 1126 beatum
1198 1096 1420 1127 Bei·nard111n.”

970 1160 998 1188 5.
1016 1158 1156 1189 Homilia
1172 1159 1202 1189 in
1219 1159 1313 1195 istud,
1333 1166 1339 1174 ¹
1354 1159 1433 1198 Quid
1457 1165 1503 1189 est
1528 1159 1608 1199 quod
1628 1170 1675 1189 ine
1692 1171 1804 1199 quaere-

1035 1210 1138 1240 batis?
1164 1210 1214 1240 fol.
1230 1220 1266 1251 23
1280 1211 1310 1241 b.

1078 1262 1175 1303 Incip.
1202 1268 1219 1277 ‘¹
1233 1262 1294 1292 Per
1314 1262 1439 1292 modunl
1460 1273 1520 1302 quo
1537 1262 1676 1302 queritur
1691 1262 1803 1302 aliquid

1056 1312 1086 1342 in
1103 1313 1152 1344 via
1167 1314 1309 1355 pedun].”

971 1380 999 1411 6.
1018 1381 1156 1412 Homilia
1172 1381 1202 1411 in
1218 1381 1292 1412 illud
1310 1388 1317 1396 ¹
1332 1381 1441 1411 Vinum
1458 1392 1517 1411 non
1532 1381 1668 1412 liabent.’
1692 1381 1742 1411 fol.
1758 1391 1804 1421 25.

1079 1433 1175 1473 Incip.
1204 1433 1363 1463 “Fratres
1387 1433 1446 1463 mei
1470 1432 1658 1463 dilectissimi
1682 1433 1806 1463 verbum

1056 1483 1117 1514 Dei
1133 1487 1237 1524 potest
1255 1484 1313 1514 dici
1330 1484 1465 1514 vinum.''

973 1553 999 1583 7.
1018 1551 1143 1581 Ricardi
1174 1551 1211 1581 de
1244 1551 1413 1587 Montibus,
1447 1551 1564 1592 [potius
1595 1551 1738 1581 Gulielini
1770 1552 1806 1581 de

1037 1603 1209 1639 Montibus,
1227 1602 1288 1632 sive
1312 1602 1507 1643 Leicestria,]
1531 1601 1711 1632 Cancellarii
1735 1601 1804 1631 Lin-

1035 1653 1208 1690 colniensis,
1238 1653 1365 1684 Summa
1395 1655 1433 1684 de
1464 1653 1562 1684 officio
1593 1653 1806 1684 Sacerdotum.

1034 1705 1084 1736 fol.
1100 1705 1146 1736 28.

1078 1755 1139 1785 Tit.
1160 1761 1177 1769 “
1191 1755 1252 1785 Hic
1268 1755 1376 1796 incipit
1391 1766 1510 1786 sumnia
1527 1754 1666 1794 magistri
1683 1754 1805 1784 Ricardi

1056 1807 1093 1837 de
1112 1806 1283 1843 Montibus,
1303 1806 1524 1837 Lincolniensis
1539 1805 1750 1836 Cancellarii.''

1079 1858 1175 1899 Incip.
1194 1864 1211 1873 ‘¹
1224 1857 1285 1891 Qui
1302 1858 1380 1888 bene
1396 1863 1533 1899 presunt,
1545 1862 1604 1887 etc.
1650 1856 1807 1886 Presbiter

1055 1920 1153 1950 grece,
1174 1920 1266 1940 senex
1289 1909 1403 1940 dicitur
1426 1908 1546 1942 Latineq
1570 1907 1731 1949 presbiteri
1755 1918 1805 1937 au-

1057 1967 1120 1991 tem
1145 1961 1206 1991 duo
1230 1961 1344 1991 debent
1367 1960 1480 1991 habere
1503 1970 1558 2000 per
1577 1958 1720 2000 gratiam,
1748 1969 1805 1997 que

1057 2023 1144 2042 senes
1167 2012 1284 2043 habent
1310 2023 1364 2053 per
1388 2016 1542 2045 naturam,
1568 2009 1683 2040 scilicet
1711 2008 1805 2038 conti-

1057 2064 1197 2094 nenciam
1213 2069 1244 2094 et
1261 2064 1479 2104 sapienciam.''

1078 2114 1183 2145 Desin.
1209 2114 1265 2145 “si
1293 2115 1365 2155 quid
1392 2119 1497 2145 autem
1522 2114 1676 2143 residuum
1703 2111 1802 2141 fucrit.

1057 2164 1127 2195 filiis
1144 2166 1252 2196 Aaron
1273 2166 1422 2207 relinquo.
1446 2165 1518 2206 quia
1533 2163 1661 2194 faciendi
1683 2161 1803 2202 quidem

1058 2216 1151 2247 libros
1176 2217 1275 2247 nullus
1302 2225 1348 2248 est
1374 2217 1452 2251 finis,
1480 2217 1528 2247 hic
1552 2226 1624 2256 ergo
1647 2214 1709 2244 exit
1736 2223 1803 2243 con-

1058 2270 1259 2299 summatusf'

1081 2319 1117 2349 In
1140 2319 1230 2355 calce,
1257 2319 1427 2360 “Explicit
1450 2329 1568 2349 summa
1590 2315 1728 2357 magistri
1754 2314 1804 2344 Ri-

1058 2370 1142 2400 cardi
1169 2371 1207 2400 de
1232 2370 1403 2406 Montibus,
1429 2367 1656 2410 Lyncolniensis
1682 2364 1804 2396 Cancel-

1058 2421 1135 2458 larii,
1153 2421 1190 2451 de
1206 2421 1304 2451 officio
1321 2420 1544 2452 sacerdotuin.”

1081 2472 1119 2502 In
1150 2471 1228 2501 libro
1258 2471 1318 2501 isto
1348 2471 1413 2512 agit
1443 2474 1551 2500 auctor
1579 2467 1616 2497 de
1648 2464 1804 2506 Symbolo‚

1058 2522 1199 2553 oratione
1222 2522 1393 2555 Dominica,
1418 2519 1582 2550 virtutibus
1605 2521 1634 2547 et
1661 2514 1804 2556 peccatis.

1057 2579 1125 2610 ete„
1138 2585 1206 2614 quae
1218 2573 1321 2603 onmia
1331 2572 1468 2602 versibus
1480 2569 1619 2610 elegiacis
1631 2572 1661 2597 et
1674 2564 1804 2596 heroicis

1058 2624 1169 2666 saepius
1184 2624 1323 2654 adornat.

1081 2675 1117 2705 ln
1130 2676 1195 2706 cod.
1211 2675 1279 2705 MS.
1294 2673 1382 2704 Bodl.
1397 2674 1437 2710 64
1447 2671 1594 2702 tribuitur
1606 2679 1682 2710 opus
1698 2677 1805 2708 supra-

1057 2726 1174 2756 dictum
1198 2725 1331 2755 Ricardo
1352 2724 1389 2754 de
1407 2722 1598 2755 VVetherset,
1624 2716 1804 2750 cancellario

1058 2777 1206 2809 Cantabri
1209 2776 1304 2818 giensi
1311 2799 1316 2805 .

1092 2840 1111 2862 F
