2254 3117
729 144 967 197 contami
996 147 1132 182 Novi.
1822 159 1842 188 3

95 254 124 274 a.
142 242 304 273 Librorum
320 242 428 272 tabula
446 248 462 257 ‘⁴
479 243 530 283 qui
543 243 742 274 continentur
754 244 784 274 in
797 255 912 275 canone

157 298 189 324 et
204 297 276 323 sunt
292 292 321 322 in
338 293 399 323 isto
415 293 597 324 volumine.”
618 294 670 325 fol.
685 305 695 324 1
711 294 740 324 b.

95 349 123 379 b.
142 347 264 382 Modus,
292 358 353 388 quo
379 347 524 388 leguntur
552 348 662 380 Bibliae
690 349 759 379 libri
782 360 837 390 per
856 361 910 380 an-

157 410 239 430 num.
263 399 312 429 fol.
326 412 356 437 4.

95 474 119 494 c.
138 462 248 493 Preces
277 466 306 492 et
338 462 517 503 antiphonae
544 474 599 504 per
625 463 852 495 hebdomadam
880 465 910 495 in

156 513 282 544 ccclesia
297 513 444 544 dicendae.
469 514 520 544 fol.
539 525 568 551 4.

94 569 122 600 d.
140 568 264 599 Notitia
291 579 430 609 sequens,
460 568 585 599 “Liber
611 570 729 611 collegii
760 582 797 601 ex
829 572 910 602 dono

155 619 295 660 magistri
322 619 472 650 willelmi
499 620 683 662 lVestbyry,
708 633 795 652 sacre
824 623 909 653 theo-

155 671 233 712 logie
256 670 424 707 bacallarii,
448 671 539 712 hujus
562 672 680 713 collegii
702 673 775 703 socii
798 678 828 704 et
851 674 910 704 col-

154 722 222 763 legii
260 722 351 753 beate
387 722 488 753 Marie
522 724 560 754 de
598 723 702 754 Etona
732 725 910 766 prepositi.”

154 773 204 803 fol.
220 784 240 811 4
253 773 281 803 b.

135 827 172 858 In
201 827 283 859 calce
313 828 426 859 codicis
461 829 579 870 scripta
613 834 661 860 est
694 830 808 862 notitia
837 832 909 868 ista,

115 885 132 894 ‘¹
145 879 237 910 Liber
266 879 407 920 magistri
425 904 533 911 .....
551 892 642 921 quem
669 882 745 912 emit
772 882 810 913 de
840 893 909 913 exe-

112 934 216 961 cutore
238 930 353 961 domini
374 931 530 962 Johannis
552 931 655 963 Grcen
677 943 733 973 pro
749 933 802 974 iiij.
823 933 908 964 libris

113 981 150 1011 vi.
161 992 185 1012 s.
202 981 260 1011 viii.
274 981 322 1012 d.”

32 1109 147 1144 Codex
176 1110 470 1150 membranaceus,
501 1111 536 1144 in
565 1110 647 1144 folio
677 1113 841 1147 maximo.
874 1113 907 1146 ff.

56 1169 134 1207 249,
148 1179 212 1202 sec.
227 1180 283 1202 xv.
303 1169 466 1208 ineunt-is,
481 1169 570 1203 binis
588 1169 758 1204 columnis
777 1172 908 1216 optime

53 1230 229 1265 exaratus3
248 1227 422 1271 utrimque
440 1227 593 1261 mutilus.

71 1285 238 1317 Bibliorum
268 1286 433 1318 Sacrorum
463 1287 605 1319 volumen
640 1289 782 1330 primum,
813 1290 908 1321 libros

91 1339 249 1369 continens
279 1338 474 1370 Testamenti
506 1340 620 1370 veteris
653 1346 828 1382 sequentes,
864 1353 905 1372 sc.

92 1389 188 1420 Mosis
225 1390 369 1432 quinque,
407 1390 524 1429 Josuae,
557 1391 707 1422 Judioum
742 1396 773 1423 et
810 1392 906 1429 Ruth,

90 1451 194 1472 omnes
214 1452 230 1472 e
250 1442 388 1473 versione
411 1442 539 1484 vulgata
563 1448 594 1474 et
619 1443 739 1475 Nicolai
763 1444 801 1475 de
825 1444 908 1486 Lyra

90 1491 212 1533 postilla
226 1492 404 1524 instructos.

131 1547 262 1583 Desunt,
280 1548 394 1579 Genes.
411 1559 478 1589 cap.
497 1549 559 1579 xxi.
575 1550 688 1590 priora.
716 1551 813 1582 Levit.
839 1562 905 1592 cap.

109 1598 141 1634 i..
159 1599 250 1630 Num.
269 1611 335 1641 cap.
352 1611 444 1630 xxxv.
462 1611 534 1641 pars
550 1605 581 1632 et
598 1602 700 1632 xxxvi.
719 1602 812 1633 Deut.
836 1614 907 1644 pars

110 1660 176 1691 cap.
191 1650 210 1680 i.
233 1650 320 1682 Ruth
341 1662 414 1692 pars
436 1663 502 1693 cap.
524 1652 582 1689 iv.;
606 1653 717 1684 excisa}
741 1658 814 1684 sunt
833 1665 908 1695 quo-

109 1711 167 1742 que
181 1701 279 1733 literae
295 1702 429 1733 initiales
445 1703 549 1744 plures
564 1704 695 1745 picturis
710 1704 876 1746 insignitae.

132 1753 171 1783 In
196 1753 277 1784 calce
303 1753 354 1785 lib.
381 1753 541 1791 Judicum,
573 1760 608 1786 ut
638 1756 742 1793 etiam,
776 1757 907 1787 mutatis

109 1805 273 1840 mutandis,
298 1805 438 1842 aliorum,
468 1807 639 1848 “Explicit
668 1807 792 1849 postilla
815 1819 907 1849 super

108 1854 217 1886 librum
233 1855 379 1887 Judicum
402 1857 488 1888 edita
514 1869 534 1889 a
560 1859 658 1890 fratre
685 1859 841 1890 Nicholao
868 1860 906 1890 de

111 1904 182 1937 Lira
221 1907 259 1938 de
299 1907 407 1938 ordine
448 1908 581 1940 fratrum
623 1910 776 1940 minorum
819 1921 906 1941 sacre

109 1957 260 2000 theologie
275 1960 431 1991 doctore.”

427 2030 493 2064 IX.

29 2082 323 2127 Membranaceus,
341 2089 376 2121 in
396 2088 478 2122 folio
498 2090 661 2130 maximo,
679 2089 712 2122 ff.
733 2092 815 2129 285,
834 2101 902 2124 sec.

51 2153 104 2176 Χν.
119 2143 277 2185 ineuntis,
296 2146 385 2180 binis
399 2146 570 2181 columnis
584 2148 716 2192 optime
730 2154 902 2182 exaratus.

67 2202 235 2235 Bibliorum
256 2205 421 2238 Sacrorum
441 2207 584 2238 volumen
600 2208 778 2245 secundum,
796 2208 826 2238 in
843 2219 903 2249 quo

87 2254 204 2296 Regum
220 2256 289 2287 libri
305 2263 449 2298 quatuor,
466 2258 727 2300 Paralipomenon
744 2259 813 2289 libri
830 2260 901 2296 duo,

88 2305 193 2337 Esdrae
203 2307 254 2338 lib.
267 2308 295 2346 i.,
311 2309 464 2347 Neemias,
483 2310 591 2341 Esdrae
603 2310 654 2340 lib.
667 2310 756 2344 alter,
776 2310 900 2345 Tobias,
934 2314 935 2337 ἰ

85 2357 206 2394 Judith,
221 2359 349 2398 Hester,
365 2361 437 2398 Job,
455 2373 560 2392 omnes
576 2361 712 2403 prologis
728 2367 760 2392 et
778 2362 846 2393 Nic.
864 2363 902 2393 de

89 2407 167 2449 Lyra
181 2411 304 2451 postilla
319 2412 474 2444 instructi.

127 2462 247 2496 Desunt
267 2465 388 2508 Regum
408 2467 461 2497 lib.
483 2467 521 2497 iv.
541 2478 608 2508 cap.
625 2467 655 2503 i.‚
673 2467 809 2508 Paralip.
828 2478 900 2508 pars

106 2524 170 2555 cap.
201 2517 306 2548 xxxiii.
335 2529 432 2559 usque
461 2519 501 2549 ad
531 2518 632 2551 finem,
663 2518 770 2549 Esdrae
801 2518 852 2548 lib.
880 2519 898 2549 i.

106 2576 171 2607 cap.
192 2577 216 2598 1.

125 2616 163 2648 In
172 2619 254 2650 calce
264 2619 315 2650 lib.
326 2619 401 2656 Job,
416 2626 434 2635 “
448 2620 587 2662 Explicit
598 2620 721 2662 postilla
731 2632 824 2662 super
833 2621 898 2652 Job
930 2656 932 2664 Ι

105 2668 188 2700 edita
208 2681 227 2701 a
250 2671 364 2702 Fratre
388 2671 538 2702 Nioholao
562 2672 600 2702 de
626 2671 718 2712 Lyra,
737 2672 774 2702 de
790 2672 898 2703 ordine
930 2671 931 2675 ¹

106 2718 261 2757 Fratrum,
278 2722 440 2759 minorum,
459 2734 545 2754 sacre
560 2723 715 2764 theologie
731 2724 898 2754 venerabili

104 2770 258 2803 doctores*

1376 250 1424 283 X.

943 307 1084 342 'Codex
1114 310 1404 351 membranaceus,
1436 313 1468 345 in
1502 313 1583 346 folio
1614 314 1775 352 maximo,
1808 314 1840 347 ff.

991 369 1071 406 242,
1100 368 1188 401 binis
1211 369 1389 407 columnis,
1415 382 1518 404 manu
1545 383 1583 405 ac
1612 372 1746 406 codices
1775 373 1842 406 duo

989 425 1220 468 praeccdcntcs
1238 427 1370 469 eadem,
1389 430 1519 472 optime
1538 435 1708 464 exaratus.

1008 496 1177 527 Bibliorum
1214 498 1379 530 Sacrorum
1414 501 1555 531 volumen
1586 502 1723 539 tortium,
1756 502 1841 532 Psal—

1029 547 1140 577 terium
1160 549 1329 585 continens,
1354 551 1518 583 Proverbia
1538 553 1720 588 Salomonis,
1739 553 1843 584 Eccle—

1028 597 1153 634 siasten,
1179 598 1304 629 Librum
1321 600 1532 637 Canticoruni,
1550 602 1716 644 Sapientiae
1733 603 1843 634 librum

1027 651 1059 677 et
1078 647 1339 687 Ecclesiasticuni,
1357 662 1462 682 omncs
1482 652 1546 682 Nic.
1565 653 1602 683 dc
1622 653 1702 694 Lyra
1720 654 1844 694 postilla

1029 697 1207 730 instructos.

1071 754 1191 786 Desunt
1208 756 1259 786 Ps.
1276 756 1295 786 i.
1315 756 1343 786 ii.
1368 760 1400 787 et
1422 758 1575 799 prologus,
1601 759 1745 790 Proverb.
1771 771 1842 800 pars

1048 805 1176 847 prologi,
1194 806 1372 837 Ecclesiast.
1396 819 1467 848 pars
1490 820 1555 849 cap.
1572 810 1602 843 i.,
1627 810 1745 840 Cautio.
1771 821 1842 851 pars

1047 857 1155 897 major.
1173 857 1236 888 scil.
1257 859 1298 888 ad
1317 869 1384 899 cap.
1402 858 1460 888 viii.
1493 860 1656 900 Sapientia:
1680 872 1751 902 pars
1774 873 1841 902 pro-

1048 907 1107 949 logi
1124 913 1155 939 et
1171 920 1237 950 cap.
1256 909 1274 939 i.
1292 920 1374 949 parS,
1396 914 1428 940 et
1452 910 1572 941 Ecclus.
1597 922 1668 952 pars
1689 923 1756 953 cap.
1773 912 1790 942 i.
1811 919 1841 942 et

1047 960 1152 1000 capita
1167 960 1271 991 finalia
1287 972 1305 991 a
1322 961 1427 991 xxxix.

1371 1087 1438 1121 XI.

964 1147 1266 1189 Membranaceus,
1303 1150 1337 1183 in
1379 1150 1460 1184 folio
1497 1152 1659 1192 maximo,
1695 1152 1726 1185 ff.
1763 1156 1842 1189 257.

987 1206 1076 1240 binis
1094 1207 1264 1241 columnis
1282 1219 1387 1242 manu
1405 1220 1445 1242 ac
1464 1209 1699 1254 praecedentes
1723 1211 1841 1244 eadem

987 1265 1119 1309 optime
1137 1271 1308 1299 exaratus.

1005 1337 1177 1368 Bibliorum
1204 1338 1370 1370 Sacrorum
1395 1339 1537 1370 volumen
1564 1346 1711 1382 quartum
1744 1341 1841 1374 Isaiae,

1025 1389 1181 1427 Jcremiae,
1198 1389 1335 1428 Baruch,
1352 1390 1522 1422 Ezechielis
1538 1391 1747 1434 Danielisque,
1766 1393 1842 1423 Pro-

1026 1441 1202 1482 phetarum,
1239 1442 1334 1473 libros
1373 1443 1541 1478 includens,
1579 1444 1704 1485 postilla
1738 1445 1844 1475 itidem

1028 1490 1152 1532 Lyrana
1167 1503 1316 1533 perquam
1333 1492 1512 1524 instructos.

1070 1546 1168 1578 Deest
1189 1547 1280 1579 Isaiae
1297 1548 1366 1578 libri
1382 1548 1565 1590 principium
1583 1560 1680 1590 usque
1695 1550 1735 1580 ad
1751 1559 1845 1591 caput

1046 1602 1200 1629 octavum.

1068 1648 1206 1679 Titulum
1229 1650 1298 1681 libri
1323 1650 1446 1681 Baruch
1470 1652 1644 1682 exscribere
1668 1652 1762 1687 lubet,
1789 1653 1844 1683 sci·

1046 1699 1129 1737 licet,
1154 1706 1171 1716 '‘
1186 1701 1301 1743 Incipit
1321 1702 1467 1743 prologus
1489 1703 1573 1734 beati
1592 1703 1614 1733 J
1617 1703 1745 1734 eronimi
1761 1715 1843 1744 pres-

1046 1751 1137 1782 biteri
1154 1751 1185 1782 in
1200 1752 1278 1783 libro
1300 1753 1446 1790 Baruch;
1469 1754 1546 1785 liber
1569 1754 1628 1786 iste
1647 1755 1698 1796 qui
1720 1755 1843 1786 Baruch

1048 1803 1170 1834 nomine
1186 1808 1316 1835 vocatur
1334 1805 1365 1835 in
1387 1805 1516 1836 Hebreo
1536 1817 1652 1837 canone
1673 1818 1734 1837 non
1750 1807 1842 1837 habe—

1046 1858 1098 1884 tur
1114 1855 1167 1885 sed
1181 1856 1400 1886 tantummodo
1413 1856 1443 1886 in
1456 1857 1583 1898 vulgata
1599 1857 1744 1892 edicione,
1762 1859 1841 1888 simi-

1045 1905 1116 1936 liter
1143 1911 1174 1936 et
1203 1906 1335 1947 epistola
1363 1906 1492 1938 Iereinie
1522 1908 1683 1950 prophete,
1715 1917 1842 1950 propter

1044 1957 1191 1987 noticiam
1215 1961 1320 1988 autem
1344 1958 1514 1999 legencium
1542 1959 1591 1990 hic
1617 1960 1733 2001 scripta
1759 1966 1839 1990 sunt.

1043 2008 1117 2048 quia
1133 2008 1232 2039 multa
1247 2009 1481 2051 novissimisque
1494 2011 1715 2052 temporibus*

1066 2058 1103 2089 In
1120 2059 1213 2096 calce,
1238 2066 1256 2075 ‘¹
1270 2060 1408 2102 Explicit
1424 2061 1548 2102 postilla
1564 2073 1655 2103 super
1670 2062 1839 2102 hystoriam

1043 2110 1195 2148 Susanne,
1224 2111 1306 2142 Belis
1333 2116 1364 2143 et
1396 2112 1558 2150 Draconis,
1585 2113 1669 2143 edita
1699 2124 1717 2143 a
1743 2112 1838 2143 fratre

1042 2162 1087 2192 N.
1105 2163 1143 2192 de
1160 2162 1244 2199 Lira,
1260 2163 1299 2193 de
1311 2163 1419 2194 ordine
1431 2163 1562 2194 fratrum
1579 2163 1738 2197 minorum,
1754 2173 1838 2193 sacre

1043 2213 1197 2254 theologie
1212 2214 1380 2245 venerabili
1397 2214 1556 2245 doctore.’'

1352 2330 1440 2364 XII.

958 2390 1258 2432 Membranaceus,
1298 2393 1333 2425 in
1368 2391 1450 2425 folio
1485 2392 1646 2427 maximo,
1685 2390 1718 2424 ff.
1756 2393 1834 2424 241,

933 2441 934 2452 ¹
980 2449 1069 2484 binis
1088 2450 1257 2484 columnis
1275 2449 1397 2484 eadem
1416 2461 1519 2482 manu
1538 2454 1706 2482 exaratus.

999 2514 1170 2545 Bibliorum
1195 2515 1361 2546 Sacrorum
1384 2514 1524 2545 volumen
1548 2514 1700 2554 quintum,
1725 2513 1755 2543 in
1776 2525 1835 2554 quo

1017 2565 1185 2603 habentur,

998 2621 1024 2650 1.
1043 2619 1271 2661 Prophetarum
1307 2619 1393 2649 XII.
1428 2619 1580 2649 minorum
1618 2618 1687 2648 libri
1719 2629 1833 2649 omnes.

1060 2682 1178 2701 necnon
1201 2671 1451 2702 Maccabaeorum
1473 2670 1542 2700 libri
1562 2670 1634 2706 duo,
1650 2670 1775 2711 postilla
1791 2670 1835 2700 in-

1059 2722 1169 2754 structi
1188 2722 1321 2763 Lyrana.
1346 2721 1397 2752 fol.
1414 2731 1437 2751 1.

1102 2776 1201 2808 Deest
1232 2777 1319 2808 Oseae
1355 2776 1512 2817 prophetae
1549 2776 1616 2807 libri
1651 2776 1834 2817 principium

1119 2839 1179 2864 132
