2254 3117
610 124 846 160 COLLEGII
874 123 1274 159 UNIVERSITATIS.
1812 128 1854 157 15

194 225 292 266 Incip.
317 224 428 254 “Post
454 223 590 254 locorum
613 222 850 263 descriptionem
875 222 925 252 dc-

174 277 313 308 berent.''

466 350 507 383 L.

48 422 168 455 Codex
198 421 408 460 chartaceus,
432 421 467 453 in
493 421 564 459 4to,
582 419 616 453 ff.
637 421 715 458 102,
735 430 803 452 sec.
822 418 925 456 xvii.;

73 478 155 512 olim
174 478 319 512 Arthuri
339 477 471 511 Deane.

91 538 354 569 Documentorum
378 536 514 567 sormulae
537 535 690 578 legalium,
707 540 784 576 puta
805 534 926 565 citatio-

111 600 193 625 num,
210 588 389 624 libellorum,
411 587 739 618 excommunicationis
760 586 926 617 sententia-

111 651 189 675 rum,
205 639 406 680 aliorumque,
420 639 460 669 ad
476 639 577 669 curias
595 637 829 674 ecclesiasticas,
851 648 927 678 prae-

111 692 199 732 cipue
229 691 267 721 de
296 691 451 727 Arcubus,
479 694 514 721 ut
540 690 674 727 videtur,
700 689 927 731 spectantium;

110 753 231 773 annexa
247 742 354 773 tabula
370 741 575 783 alphabetica.

153 793 250 834 Incip.
274 794 293 824 i.
316 798 336 811 “
352 793 487 824 Monitio
509 793 550 823 ad
574 792 753 823 solvendum
776 802 927 832 expensas

131 844 310 887 registrario
325 856 381 886 pro
397 844 630 876 transmissione
645 843 833 885 processus.”

457 941 518 975 LI.

49 1014 271 1053 chartaceus,
290 1014 324 1047 in
344 1016 415 1051 4to,
433 1012 467 1046 ff.
483 1015 538 1051 39,
557 1023 622 1045 sec.
636 1012 716 1045 xvii.

91 1076 121 1105 A
137 1075 265 1105 treatise
281 1073 316 1104 of
327 1072 524 1114 magneticall
540 1072 679 1113 physick,
695 1071 726 1102 in
742 1075 802 1102 two
819 1071 927 1108 books,

112 1125 235 1156 written
265 1124 296 1154 in
324 1123 417 1154 Latin
441 1124 480 1164 by
496 1123 637 1154 Wiuiam
657 1122 811 1153 AEmilian
837 1123 928 1153 Max-

112 1176 192 1213 well,
219 1176 300 1206 doct.
328 1175 414 1216 phys.
442 1174 642 1212 Scoto-Brit.,
670 1175 731 1205 and
757 1174 929 1205 translated

114 1228 179 1258 into
195 1227 323 1268 English
339 1227 379 1267 by
397 1250 527 1257 ......
550 1225 601 1255 fol.
618 1236 644 1256 1.

155 1278 230 1319 Bcg.
248 1282 265 1294 ‘⁴
278 1277 461 1309 Conclusion
485 1287 506 1307 1.
551 1277 618 1308 The
639 1277 723 1307 sonle
743 1277 768 1307 is
789 1281 844 1307 not
859 1276 929 1318 only

133 1330 165 1360 in
189 1330 230 1360 its
256 1340 368 1370 proper
389 1329 494 1359 visible
517 1329 599 1370 body
614 1329 672 1359 bnt
692 1328 775 1359 alsoe
800 1328 930 1359 without

133 1382 168 1418 it,
184 1381 305 1411 neither
320 1381 346 1411 is
360 1380 387 1411 it
402 1381 638 1411 circumscribed
660 1381 691 1411 in
712 1391 752 1410 an
774 1380 930 1421 organical

134 1431 244 1472 body.”

155 1482 221 1513 The
245 1482 357 1512 second
381 1481 461 1511 book
486 1481 512 1512 is
532 1482 696 1523 composed
718 1481 752 1512 of
765 1486 782 1498 ‘⁵'
798 1492 838 1512 an
854 1482 929 1512 hun-

135 1534 210 1564 dred
231 1532 422 1574 aphorismes
443 1533 629 1575 conteyning
650 1533 705 1564 the
728 1533 825 1564 whole
848 1533 930 1575 body

135 1585 170 1616 of
192 1584 316 1616 natural
341 1584 474 1625 magick‚
501 1584 594 1626 being
619 1584 673 1616 the
702 1585 762 1626 key
788 1588 821 1615 to
851 1595 929 1625 open

135 1636 205 1667 that
221 1635 320 1666 which
339 1635 435 1677 goeth
450 1635 555 1666 before
578 1636 641 1667 and
656 1635 754 1666 which
774 1636 929 1667 followeth

135 1687 243 1718 aster?

156 1738 229 1779 Beg.
248 1742 266 1754 “
279 1738 344 1768 The
356 1737 453 1769 whole
465 1738 560 1768 world
575 1738 601 1768 is
616 1737 773 1768 animated
786 1737 860 1769 with
875 1738 928 1769 the

134 1789 201 1820 first
217 1800 358 1830 supreme
372 1789 433 1820 and
449 1789 638 1820 intellectual
653 1789 764 1820 soule.”

452 1885 531 1919 LII.

53 1948 349 1987 Membranaceus,
369 1948 491 1982 formae
510 1947 694 1992 quadrat-ce,
712 1947 746 1981 ff.
762 1950 842 1987 ⁴245,
861 1960 927 1982 sec.

77 2006 145 2043 xii..
172 2017 261 2039 anno
292 2005 422 2039 scilicet
455 2005 548 2040 1126
576 2016 681 2039 manu
711 2005 928 2039 Constantini

78 2062 282 2102 Sacerdotis,
314 2062 403 2096 binis
437 2062 606 2096 columnis
636 2068 815 2101 exaratum
847 2063 929 2096 olim

77 2120 216 2153 Thomae
234 2119 340 2164 Cayii,
359 2119 484 2153 deinde
501 2118 523 2153 J
526 2119 669 2153 ohannis
695 2120 833 2160 Brown,
852 2119 929 2153 coll.

78 2177 182 2211 Univ.
210 2177 301 2216 socii,
330 2182 449 2222 postea
479 2177 633 2222 ejusdem
660 2177 736 2211 coll.
768 2190 811 2211 ex
840 2178 930 2211 dono

77 2235 99 2269 J
103 2235 157 2268 oh.
176 2235 351 2269 Bancroft.

97 2295 315 2331 octateuchus,
336 2296 503 2326 secundum
523 2296 692 2327 versionem
710 2296 818 2327 LXX.
837 2297 930 2327 inter-

114 2352 255 2388 p1·etum;
281 2347 469 2377 AVao-Grave.

157 2397 220 2428 Tit.
241 2399 350 2436 βίβλος
373 2398 486 2430 παλέας
507 2399 623 2438 γένεο-ις
642 2400 817 2439 ὀκτατεύχου
841 2399 929 2438 κεφά-

136 2453 208 2479 λεου
223 2451 345 2488 πρῶτον.

159 2500 196 2531 In
211 2500 302 2537 calce,
315 2501 399 2532 τέλος
413 2499 498 2531 ‘Poto
512 2502 634 2539 βίβλου.

159 2552 306 2593 Sequitur
329 2551 453 2588 notitia,
473 2551 559 2584 τέλος
580 2555 703 2592 εἴληφεν
723 2554 740 2591 ἡ
761 2553 932 2593 ὀκτάτευχος

138 2604 246 2641 βίβλος
269 2604 413 2642 ιὀεμβρίω
437 2604 478 2634 εἷς
500 2605 551 2635 τὰς
575 2603 598 2634 κ’
619 2603 711 2643 ἡμέρα
735 2605 800 2642 ἕκτη
824 2604 882 2645 ὥρᾳ
904 2603 931 2643 γ’

138 2656 188 2684 τοῦ
203 2654 292 2691 ἔτους,
309 2653 401 2695 Ᾰςχλδ’
417 2655 468 2684 iub.
486 2653 518 2684 δ’.

201 2705 298 2745 ὥσπερ
314 2705 390 2743 ξένοι
410 2705 531 2745 χέρουσι
551 2706 622 2736 ἰδεῖν
641 2706 774 2745 πατρίδα,

201 2757 272 2786 οὕτω
294 2757 339 2787 καὶ
354 2759 412 2788 τοῖς
428 2757 576 2796 γράφουσι
591 2756 676 2789 τέλος
691 2758 823 2795 βιβλίου.

1085 224 1099 252 ὁ
1123 225 1157 253 τὰ
1180 223 1275 253 πάντα
1298 222 1410 261 πληρὸν
1435 221 1511 253 Θεὸς
1533 222 1611 260 ἡμῶν
1638 222 1706 259 δόξα
1727 234 1786 257 σοι,
1810 224 1857 251 {jin

1064 273 1307 312 ἀναγινόσκοντες
1328 274 1451 313 εὔχεσθε
1469 297 1574 303 .....
1593 273 1644 302 τὸν
1660 274 1775 310 Κύριον,
1790 274 1857 310 μνή-

1065 327 1147 362 σθητι
1172 326 1257 363 Κύριε
1284 325 1505 355 Κωυσταντίυου
1531 324 1639 363 ἱερέως,
1665 324 1751 361 ἀμὴν,
1774 325 1858 362 ἀμὴν,

1065 374 1149 412 ἁμήν.

980 486 1100 520 Codex
1118 487 1328 525 chartaceus.
1346 489 1380 521 in
1400 491 1471 528 4to,
1490 488 1522 521 ff.
1539 491 1621 527 224,
1639 499 1704 521 sec.
1720 500 1774 521 xv.

1002 549 1028 578 1.
1053 547 1173 579 Tabula
1198 548 1345 579 exhibens
1371 549 1580 590 genealogiam
1608 549 1663 580 SS.
1687 549 1860 580 Mariarum

1085 599 1188 635 trium,
1205 611 1273 629 cum
1289 600 1480 640 expositione
1496 601 1633 631 metrica.
1658 613 1685 641 p.
1702 611 1730 641 3.

1106 651 1203 692 Incip.
1222 662 1325 692 expos

1051 706 1069 718 “
1081 702 1175 732 Anna
1191 701 1269 732 solet
1285 701 1344 732 dici
1360 705 1423 732 tres
1439 702 1613 743 concepisse
1629 702 1773 733 Marias?

1001 753 1031 781 Ω.
1048 751 1191 793 Epistola
1214 752 1254 782 ad
1284 752 1460 782 Johannem
1493 751 1624 794 [Kcmp]
1660 753 1857 789 cardinalem,

1063 803 1198 844 archiep.
1218 802 1311 833 Ebor.
1335 803 1373 833 dc
1394 803 1542 834 electione
1561 803 1687 834 Thomae
1709 804 1803 834 Basin
1826 805 1856 834 in

1064 854 1264 894 praesulatum
1282 854 1510 885 Lexoviensem.
1536 866 1564 895 p.
1583 867 1610 893 o.

1001 906 1031 935 8.
1047 904 1221 935 Incidentia
1236 916 1335 946 pauca
1351 916 1389 935 ex
1408 904 1510 945 [Petri
1527 904 1728 946 Conicstoris]
1748 905 1856 936 Histo—

1064 955 1112 986 ria
1128 955 1329 986 Scholastica.
1353 967 1403 997 pp.
1417 965 1448 996 5,
1465 965 1511 985 11.

1003 1007 1031 1036 4.
1048 1005 1238 1047 Excerptum
1259 1017 1297 1037 ex
1318 1006 1449 1036 historia
1459 1005 1481 1036 J
1485 1006 1641 1036 udaeorum
1658 1006 1713 1036 sub
1734 1006 1857 1036 Macca-

1066 1057 1149 1088 baeis.
1172 1069 1202 1099 p.
1218 1067 1264 1098 13.

1108 1109 1206 1150 Incip.
1224 1114 1241 1126 “
1254 1108 1354 1139 Porro
1369 1108 1501 1150 quedam
1526 1108 1725 1149 superaddita
1749 1108 1779 1138 in
1801 1109 1858 1139 hac

1087 1160 1218 1202 epistola
1233 1160 1490 1201 recapitulatione
1506 1160 1714 1190 sunnnati1n.”

1003 1214 1031 1243 5.
1050 1212 1208 1253 Excerpta
1239 1223 1277 1242 ex
1303 1211 1457 1242 Johannis
1484 1211 1522 1241 de
1553 1211 1686 1241 Rosseto
1712 1211 1796 1241 libris
1820 1212 1856 1241 dc

1066 1263 1185 1305 apibus.
1206 1274 1234 1305 p.
1252 1273 1299 1302 17.

1110 1314 1207 1355 Incip.
1227 1319 1244 1331 ‘⁴
1259 1314 1388 1356 Legitur
1403 1314 1435 1344 in
1450 1313 1528 1344 libro
1540 1313 1578 1343 de
1593 1312 1702 1354 apibus
1719 1313 1770 1349 sic,
1789 1313 1859 1354 Opi-

1089 1366 1163 1396 dum
1179 1366 1341 1396 Duacense
1357 1370 1403 1396 est
1420 1365 1501 1396 inter
1515 1364 1746 1395 Cmneracum.”

1004 1417 1032 1448 6.
1051 1417 1211 1459 Excerpta
1226 1429 1264 1448 ex
1280 1417 1424 1448 Historia
1439 1416 1640 1447 Scholastica.
1665 1427 1714 1456 pp.
1730 1425 1777 1452 21,
1795 1416 1860 1455 169,

1072 1479 1083 1499 1
1090 1479 1138 1510 75.

1005 1521 1032 1552 7.
1050 1520 1192 1562 Epistola
1214 1520 1254 1550 ad
1270 1519 1383 1550 fratres
1407 1520 1446 1550 de
1472 1519 1697 1550 contemnenda
1724 1524 1810 1559 peste
1831 1522 1862 1548 et

1067 1575 1177 1602 morte.
1200 1582 1229 1612 p.
1244 1580 1292 1610 27.

1110 1624 1207 1664 Incip.
1225 1628 1243 1640 ⁴⁵
1260 1623 1330 1654 Etsi
1353 1623 1436 1664 apud
1457 1623 1604 1664 plurimos
1629 1626 1778 1657 nostrum,
1804 1622 1862 1652 fra-

1088 1681 1152 1705 tres
1167 1674 1388 1705 dilectissimi.”

1110 1726 1147 1757 In
1170 1726 1260 1762 calce,
1280 1725 1445 1766 “Explicit
1470 1725 1600 1766 epistola
1624 1725 1662 1754 ‹le
1685 1730 1771 1765 peste
1793 1735 1862 1754 con-

1087 1777 1306 1818 tempnenda.”

1003 1832 1031 1860 8.
1049 1829 1221 1860 Alexandri
1245 1829 1282 1859 de
1306 1828 1391 1859 Villa
1418 1828 1487 1866 Dei,
1514 1828 1576 1858 sive
1603 1827 1758 1864 Dolensis,
1784 1827 1864 1857 Doc-

1067 1881 1187 1917 trinale,
1205 1881 1266 1911 sive
1298 1880 1492 1919 Quaestiones
1522 1884 1553 1910 et
1587 1879 1743 1920 Responsa
1774 1889 1864 1918 super

1067 1932 1314 1963 Grammaticam
1330 1932 1375 1962 ita
1393 1931 1518 1962 dictam.
1544 1942 1572 1971 p.
1588 1941 1637 1971 43.

1111 1983 1209 2024 Incip.
1226 1988 1244 2000 ⁴⁶
1258 1983 1346 2022 Quod
1363 1986 1410 2013 est
1427 1981 1626 2012 Doctrinale?
1659 1981 1716 2010 Est
1740 1980 1863 2020 quidam

1089 2035 1166 2064 liber
1180 2034 1257 2065 artis
1276 2033 1478 2075 grammatice
1500 2032 1556 2062 sub
1578 2031 1662 2062 brevi
1684 2030 1864 2071 compendio

1089 2086 1152 2116 fere
1168 2089 1269 2116 totam
1284 2084 1520 2126 grammaticam
1537 2082 1826 2124 comprehendens*

1111 2137 1290 2177 Sequuntur
1305 2140 1453 2176 excerpta
1468 2146 1506 2165 ex
1521 2135 1588 2176 lege
1606 2134 1756 2169 Mosaica,
1769 2133 1862 2163 histo-

1089 2188 1137 2219 ria
1163 2188 1359 2224 scholastica,
1392 2188 1486 2218 Petro
1517 2186 1717 2227 Chrysologo,
1747 2185 1863 2215 Raven-

1090 2243 1174 2276 nate,
1190 2243 1248 2269 etc.

1005 2293 1033 2324 9.
1059 2291 1175 2321 Versus
1190 2291 1228 2320 de
1245 2290 1277 2320 S.
1292 2289 1435 2330 Georgio.
1460 2300 1489 2330 p.
1509 2297 1574 2328 173.

1112 2342 1208 2383 Incip.

1007 2399 1024 2411 ‘⁴
1038 2394 1179 2424 Territus
1195 2404 1265 2424 ecce
1277 2403 1385 2433 magus
1400 2392 1529 2433 genibus
1542 2390 1700 2430 sanctique
1714 2388 1861 2418 volutus.''

986 2447 1034 2475 10.
1051 2445 1229 2486 Descriptio
1245 2443 1349 2474 invidi.
1373 2455 1402 2484 p.
1421 2444 1487 2481 176.

1111 2495 1210 2536 Incip.

1028 2552 1045 2564 ‘⁴
1059 2547 1165 2578 Pallor
1179 2547 1211 2577 in
1227 2557 1280 2577 ore
1296 2546 1394 2581 sedet,
1407 2544 1518 2575 macies
1535 2544 1564 2573 in
1580 2552 1706 2582 corpore
1723 2540 1818 2570 toto.u

986 2600 1034 2629 11.
1051 2598 1182 2630 Carmen
1198 2598 1236 2628 de
1251 2601 1320 2628 arte
1335 2595 1544 2638 grammatica.
1570 2605 1598 2634 p.
1617 2602 1682 2631 ¹77-

1113 2649 1212 2690 Incip.

1026 2704 1045 2718 “
1059 2700 1107 2731 Ut
1121 2700 1177 2731 flos
1192 2699 1362 2741 gramatice
1378 2698 1523 2739 pingatur
1538 2695 1630 2726 corde
1645 2693 1806 2724 minoris.”

985 2757 1034 2786 12.
1052 2755 1250 2797 Objectiones
1274 2759 1306 2786 et
1326 2754 1388 2784 fere
1412 2752 1514 2783 onmia
1538 2750 1642 2787 (lubia,
1659 2760 1725 2790 quae
1749 2749 1864 2779 moveri
