2254 3117
663 161 903 197 COLLEGII
933 164 1304 204 MERTONENSIS.
1848 180 1887 209 81

220 258 319 299 Incip.
338 258 431 300 gloss.
450 258 625 289 “Hominis
649 264 750 291 status
772 260 896 301 triplex,
914 261 957 292 in-

196 309 383 347 choationis,
400 310 566 351 profectus,
584 314 615 340 ct
632 311 862 351 perfectionis.''

217 359 322 390 Desin.
355 365 373 378 ‘⁶
386 372 482 402 usque
519 361 635 392 scilicet
666 362 707 392 ad
739 362 955 403 captivitatem

193 412 309 443 factam
326 424 381 454 per
397 413 586 444 Romanos.”

107 463 138 491 ⁴2.
157 463 398 495 Testamentum
430 465 565 501 Novum,
596 476 666 495 cum
699 465 892 506 argumentis
922 471 954 497 et

173 511 326 553 [ejusdem
359 514 517 556 Hugonis]
549 514 653 556 glossa
683 515 791 546 itidem
818 516 953 548 illustra-

172 568 248 594 tum.
272 564 322 594 fol.
342 574 412 606 230.

215 616 314 656 Incip.
345 616 437 657 gloss.
470 621 489 633 Β·
503 617 645 656 Quatuor
674 617 805 648 circulos
842 629 953 649 aureos

191 677 286 707 pones
303 678 396 708 super
411 672 547 708 quatuor
562 669 655 699 arche
669 669 838 710 anguloss'*

213 717 310 759 Incip.
335 718 428 759 gloss.
446 719 477 749 in
500 723 578 750 text.
597 720 628 750 S.
642 721 742 751 Mate.
760 726 778 737 ⁴*
791 721 829 751 In
853 721 953 762 prima

188 774 279 810 parte
303 769 393 810 hujus
415 769 485 800 libri
502 770 651 801 describit
670 771 820 802 Matheus
844 771 952 803 liuma-

190 831 262 851 uam
277 821 510 862 generationem
527 821 675 852 Christi.’'

211 871 328 903 Deficit
348 872 379 902 in
401 872 496 912 gloss.
514 873 565 903 lib.
583 873 688 904 Revel.
706 884 773 915 cap.
790 885 840 904 xx.
857 879 876 892 “
889 874 952 905 010-

188 933 275 953 reum
306 923 379 964 quia
408 934 588 965 empyreum
618 924 729 962 stabit,
764 925 844 956 sicut
877 926 953 957 dicit

189 973 324 1015 glossa.”

59 1113 179 1147 Codex
198 1113 490 1152 membranaceus,
510 1114 545 1146 in
563 1114 646 1147 folio
665 1115 799 1159 majori,
819 1114 853 1148 ff.
870 1117 950 1154 255,

86 1182 152 1205 sec.
182 1171 265 1211 xiii„
301 1171 390 1205 binis
418 1171 589 1206 columnis
624 1178 807 1213 exaratus3
835 1178 853 1191 “
868 1173 950 1207 olim

88 1229 186 1263 Will.
214 1229 324 1270 Reed,
354 1241 406 1274 ep.
432 1229 576 1264 Cicestr.
606 1242 711 1275 quem
741 1232 826 1265 emit
857 1244 876 1265 a
906 1232 949 1266 D.

84 1288 218 1322 Thema
251 1287 394 1327 Trillek,
431 1300 484 1332 ep.
521 1287 678 1322 Roffen.”
717 1294 838 1334 postea
871 1291 948 1324 coll.

87 1345 240 1380 Merton.
273 1350 294 1364 ‘⁴
309 1347 343 1379 in
379 1347 555 1380 communi
592 1346 729 1381 libraria
764 1348 949 1392 ejusdem,”

85 1410 150 1440 etc.
176 1405 446 1439 “cathenandus
472 1417 516 1439 ex
543 1405 634 1439 dono
659 1417 734 1440 ven.
769 1407 876 1451 patris
904 1407 947 1441 D.

86 1463 184 1497 Will.
203 1464 301 1498 tercii
321 1463 471 1508 episcopi
491 1463 690 1498 Cicestrie.''

102 1524 290 1556 Psalterium
327 1524 470 1562 Davidis,
503 1535 573 1555 cum
610 1525 746 1567 prologis
783 1526 948 1568 glossaque

121 1580 273 1617 perpetua
303 1587 341 1606 ex
365 1576 552 1617 Augustino,
582 1575 793 1614 Cassiodorio,
819 1578 948 1620 aliisque

124 1627 178 1658 SS.
192 1627 341 1658 Patribus
356 1627 496 1658 collecta.

186 1678 437 1715 Praernittuntur,

121 1741 150 1761 a.
168 1730 289 1761 Tabula
313 1730 510 1761 Psalmorum
533 1731 681 1768 omnium,
703 1731 826 1763 initium
846 1733 946 1774 cujus-

185 1792 244 1823 que
261 1786 292 1813 et
308 1786 526 1823 argumentum
543 1782 704 1813 exhibens.
729 1783 780 1814 fol.
799 1794 827 1815 2.

121 1833 150 1864 b.
169 1832 279 1864 Oratio
296 1833 425 1864 Eusebii
442 1833 602 1865 Toletanae
619 1834 701 1865 sedis
717 1835 863 1876 episcopi,
882 1846 946 1866 ver-

183 1883 267 1914 sibus
280 1894 437 1925 cxpressa.
461 1883 512 1914 fol.
531 1893 559 1924 7.

204 1934 302 1976 Incip.

57 1990 77 2003 “
91 1986 158 2017 Rex
174 1986 260 2017 Deus
275 1986 423 2017 immense
440 1997 500 2028 quo
517 1991 641 2018 constat
657 1986 802 2018 machina
818 1987 934 2025 mundi,

86 2038 175 2078 Quod
191 2038 284 2069 miser
299 2038 430 2078 imploro
445 2049 501 2079 per
517 2037 680 2069 Christum
696 2038 808 2079 perfice
821 2039 934 2070 mitis*

118 2101 143 2120 c.
162 2089 257 2131 Origo
273 2089 433 2131 prophetae
450 2089 565 2126 David,
580 2089 703 2130 aliaque
716 2088 748 2120 S.
761 2089 944 2131 Hieronymi

182 2140 411 2182 prolegomena.
435 2140 485 2171 fol.
504 2150 533 2179 7.

118 2192 148 2222 d.
165 2192 294 2223 Damasi
315 2203 421 2223 versus
438 2192 530 2222 xxvii.
552 2192 669 2223 heroici
691 2192 723 2222 in
744 2192 941 2223 Psalterium.

181 2243 233 2274 fol.
250 2254 266 2283 7
284 2244 314 2274 b.

203 2296 302 2337 Incip.

55 2349 73 2361 “
87 2345 222 2376 Psallere
238 2346 289 2387 qui
305 2346 410 2377 docuit
427 2345 507 2377 dulei
523 2346 733 2377 modulamine
748 2347 895 2377 sanctis.’“

116 2407 142 2427 e.
160 2397 232 2428 Alia
247 2397 481 2438 Prolegomena.
506 2397 558 2428 fol.
576 2406 592 2436 7
609 2397 639 2428 b.

201 2447 299 2489 Incip.
315 2452 335 2464 ‘⁴
349 2448 443 2478 Liber
465 2447 657 2489 psalmorum
679 2458 856 2489 quanquam
881 2460 942 2479 uno

179 2499 382 2530 concludatur
397 2499 584 2529 volumine.”

115 2549 135 2578 f.
153 2549 306 2591 Prologus
324 2549 356 2580 in
373 2549 562 2580 Psalterium
586 2561 624 2580 ex
650 2549 798 2580 Patribus
821 2551 940 2582 confec-

177 2605 238 2630 tus.
262 2599 313 2630 sol.
332 2610 380 2630 10.

220 2650 375 2681 Praeeedit
391 2650 557 2685 distichon,

52 2706 72 2720 ‘⁶
81 2701 129 2732 Ex
138 2702 272 2744 punctis,
280 2702 362 2743 quid,
370 2702 605 2743 ubi‚quantum,
615 2702 683 2743 quis
695 2702 809 2733 dixerit
819 2708 938 2742 auctor,

84 2752 198 2784 Lector
213 2754 294 2784 habe
310 2753 393 2794 vigili
410 2753 531 2795 singula
546 2758 650 2783 mente
666 2753 808 2784 notans.”

198 2804 297 2846 Incip.
311 2804 416 2835 “Cum
426 2815 532 2835 omnes
546 2804 716 2846 prophetas
729 2805 760 2836 S.
773 2805 939 2847 Spiritus?

1163 266 1310 307 Sequitur
1331 268 1439 299 titulus
1463 269 1542 307 libri,
1559 275 1576 287 ‘⁶
1589 270 1701 312 incipit
1719 271 1795 302 liber
1810 273 1896 313 hym-

1138 319 1247 340 norum
1293 311 1338 341 vel
1383 312 1613 353 soliloquiorum
1663 315 1813 355 prophete
1857 317 1895 346 (le

1136 360 1289 392 Christo.qq

1161 410 1256 452 incip.
1273 412 1366 453 gloss.
1387 419 1404 430 ‘²
1416 414 1532 446 Bcatus
1548 416 1612 453 vir;
1637 417 1693 447 Cui
1710 418 1813 449 onmia
1829 430 1895 449 suc-

1139 463 1270 499 cedunt;
1302 465 1361 499 vir,
1389 466 1451 495 scil.
1480 471 1590 498 contra
1613 479 1762 509 prospera
1786 474 1818 500 ct
1842 471 1894 501 ad-

1139 524 1226 544 versa
1250 515 1375 551 firmus3
1398 517 1450 556 ‘luc'
1473 528 1529 548 ‘nen
1552 518 1637 555 abiit,
1660 531 1680 551 a
1703 520 1770 551 Deo
1792 521 1821 551 in
1849 533 1894 551 rc-

1135 564 1226 604 gione
1258 565 1525 604 ‹lisshuilitudinia
1558 570 1587 600 id
1618 575 1676 607 cst,
1708 572 1895 613 cogitatione

1136 625 1198 645 non
1215 617 1381 656 peccavit.”

1160 667 1266 698 Dcsin.
1283 673 1301 685 “
1315 673 1347 699 et
1362 669 1513 710 judicium
1530 673 1663 703 cantabo
1679 674 1735 704 tibi
1752 674 1893 706 Domine.

1137 717 1198 748 vite
1221 722 1327 749 eterne
1350 731 1407 751 vox
1427 726 1484 757 est,
1509 722 1617 754 Omnis
1639 724 1766 765 spiritus
1788 726 1893 757 laudet

1136 768 1333 800 Dominum.”

1158 819 1339 860 Sequuntur
1360 820 1477 861 Hymni
1500 827 1532 853 et
1556 823 1733 864 Symbolum
1750 826 1893 857 Athana-

1135 869 1257 901 sianum
1273 882 1343 901 011111
1357 871 1468 912 glossa.

1158 921 1254 963 Incip.
1286 922 1502 954 “Confitebor
1528 924 1604 960 tibi;
1645 926 1892 967 Prophetavcrat

1140 972 1264 1009 YsaiaS,
1283 973 1365 1014 quod
1382 973 1467 1004 Deus
1482 980 1660 1015 percuteret
1675 976 1817 1007 flumen?q

1158 1023 1266 1055 Desin.
1291 1024 1425 1056 “Hecce
1448 1030 1496 1056 est
1520 1026 1596 1057 fides
1619 1028 1789 1064 catholica;
1813 1034 1843 1059 et
1868 1029 1892 1059 si

1136 1075 1181 1106 ita
1197 1087 1258 1106 non
1276 1076 1442 1107 credideris
1459 1077 1561 1108 salvus
1578 1090 1643 1109 esse
1659 1090 1717 1109 non
1736 1081 1881 1120 poteris.'’

1159 1126 1197 1157 In
1218 1127 1267 1157 fol.
1286 1128 1304 1158 i.
1322 1139 1420 1165 verso,
1440 1134 1456 1145 ⁵⁴
1470 1129 1571 1159 Istum
1588 1129 1699 1160 librum
1715 1131 1787 1162 fecit
1803 1142 1890 1172 repa-

1134 1179 1197 1209 rari
1221 1179 1267 1209 M.
1283 1179 1306 1210 J
1308 1180 1359 1210 oh.
1376 1180 1522 1222 Burbagc
1544 1192 1630 1211 sacre
1652 1182 1762 1223 pagine
1778 1184 1891 1224 profes-

1134 1231 1215 1266 sor,''
1231 1235 1263 1261 et
1279 1231 1309 1261 in
1322 1232 1461 1273 margine
1478 1233 1618 1274 sequenti
1635 1234 1792 1274 superiori,
1811 1244 1827 1251 *⁵
1842 1235 1889 1265 Li-

1135 1282 1190 1312 ber
1220 1283 1330 1314 domus
1361 1283 1527 1314 scolarium
1557 1284 1666 1315 domus
1697 1286 1734 1316 de
1763 1287 1889 1316 Merton

1133 1333 1214 1364 halle
1235 1334 1266 1364 in
1290 1335 1382 1365 Oxou
1406 1346 1444 1366 ex
1465 1336 1547 1366 dono
1575 1336 1622 1366 M.
1640 1336 1793 1367 Johannis
1816 1337 1891 1368 Bur-

1134 1385 1232 1416 bache
1248 1386 1330 1417 doct.
1350 1386 1380 1417 in
1396 1386 1581 1429 tlieologia,⁵'
1597 1391 1654 1418 etc.

1385 1477 1516 1511 CCIX.

1004 1541 1125 1575 Codex
1153 1542 1450 1583 membranaceus,
1479 1545 1514 1577 in
1542 1544 1635 1584 folio,
1662 1545 1695 1578 ff.
1716 1548 1797 1585 283,
1824 1558 1890 1580 sec.

1027 1601 1109 1640 xiv.,
1125 1601 1235 1634 nitide
1253 1606 1427 1635 exaratus.

1046 1660 1277 1701 Prophetarum
1301 1666 1436 1702 quatuor
1459 1662 1618 1703 Majorum
1644 1663 1738 1697 Libri.
1761 1664 1793 1694 S.
1812 1664 1889 1695 Hie-

1066 1712 1186 1753 ronymi
1209 1713 1345 1754 prologis
1363 1714 1528 1755 glossaque
1544 1714 1702 1745 ordinaria
1722 1720 1754 1746 ct
1774 1715 1890 1746 interli-

1066 1763 1151 1793 neari
1168 1763 1322 1794 instructi.

1109 1815 1171 1846 Tit.
1185 1815 1203 1845 i.
1222 1820 1239 1832 ⁴⁵
1252 1815 1368 1856 Incipit
1383 1816 1530 1857 prologus
1546 1816 1630 1847 beati
1645 1816 1790 1848 Ieronimi
1807 1828 1888 1858 pres-

1088 1865 1177 1896 biteri
1194 1865 1224 1896 in
1244 1866 1375 1897 Ysaiam
1392 1867 1606 1908 proplietam.”

1109 1916 1258 1947 Ordinem
1271 1917 1389 1949 habent
1405 1924 1597 1959 sequentem,
1613 1919 1702 1949 Isaiae
1715 1919 1885 1960 prophetia.

1087 1968 1237 2004 Danielis,
1265 1969 1418 2006 Jeremiae,
1447 1970 1593 2003 Jeremiae
1625 1972 1886 2004 Lamentationes.

1087 2019 1266 2051 Ezechielis.

1108 2071 1148 2101 In
1180 2071 1271 2109 calce,
1304 2076 1322 2089 “
1334 2072 1471 2114 Explicit
1503 2073 1580 2104 liber
1614 2073 1782 2104 Ezechielis
1819 2084 1886 2114 pro-

1085 2122 1208 2163 phete.u

1107 2173 1287 2215 Sequuntur
1318 2175 1489 2206 Cautiones
1515 2176 1582 2206 dum
1611 2176 1657 2206 Μ.
1677 2176 1752 2206 Τ110.
1771 2175 1885 2215 Gawge

1085 2225 1235 2266 expositae
1258 2225 1289 2256 in
1310 2226 1396 2257 cistis
1412 2226 1585 2268 Chychclcy
1607 2231 1636 2257 ct
1661 2227 1771 2261 Reede.
1797 2227 1884 2256 annis

1089 2287 1165 2317 1445
1184 2281 1216 2308 et
1239 2287 1325 2318 ¹449·

1392 2360 1500 2394 CCX.

1000 2425 1302 2464 Membranaceus,
1322 2426 1357 2459 in
1376 2425 1470 2463 folio,
1490 2425 1523 2458 ff.
1543 2428 1600 2463 92.
1618 2437 1683 2458 sec.
1700 2426 1767 2463 xiv,
1796 2425 1882 2457 bene

1022 2488 1193 2523 exaratus,
1212 2495 1256 2517 ex
1276 2484 1366 2517 douo
1388 2484 1462 2517 Ric.
1487 2482 1709 2519 Fitz-Jamcs,
1729 2494 1782 2526 ep.
1809 2482 1881 2515 Dn-

1021 2542 1126 2576 nelm.
1146 2547 1181 2576 et
1200 2542 1278 2576 coll.
1298 2541 1406 2576 Mert.
1426 2541 1587 2575 custodis.

1041 2602 1209 2643 Prophetze
1226 2601 1387 2632 duodecim
1405 2601 1549 2636 minores,
1570 2600 1599 2630 S.
1613 2599 1794 2639 Hieronymi
1813 2610 1880 2639 pro-

1060 2653 1138 2694 logis
1167 2657 1199 2683 et
1235 2653 1339 2694 glossa
1369 2651 1525 2682 ordinaria
1554 2656 1585 2680 et
1615 2649 1803 2680 interlineari
1834 2650 1878 2679 in-

1059 2704 1181 2736 structi.

1124 2755 1162 2785 In
1187 2755 1282 2792 calce,
1309 2754 1432 2784 “Liber
1458 2752 1505 2783 M.
1523 2752 1647 2782 Ricardi
1681 2751 1750 2782 Fitz
1772 2752 1880 2783 James

1102 2817 1189 2837 sacre
1205 2805 1359 2847 theologie
1382 2803 1572 2846 professoris,
1589 2808 1711 2844 emptus
1733 2814 1786 2843 pcr
1809 2816 1880 2835 eun-

1141 2860 1170 2883 M
