<?xml version="1.0" encoding="UTF-8"?>
<!DOCTYPE html PUBLIC "-//W3C//DTD XHTML 1.0 Transitional//EN"
    "http://www.w3.org/TR/xhtml1/DTD/xhtml1-transitional.dtd">
<html xmlns="http://www.w3.org/1999/xhtml" xml:lang="en" lang="en">
 <head>
  <title>
</title>
<meta http-equiv="Content-Type" content="text/html;charset=utf-8" />
  <meta name='ocr-system' content='tesseract 3.04.00' />
  <meta name='ocr-capabilities' content='ocr_page ocr_carea ocr_par ocr_line ocrx_word'/>
</head>
<body>
  <div class='ocr_page' id='page_1' title='image "./cataloguscodicum01coxeuoft_0561.png"; bbox 0 0 2254 3117; ppageno 0'>
   <div class='ocr_carea' id='block_1_1' title="bbox 771 163 1868 201">
    <p class='ocr_par' dir='ltr' id='par_1_1' title="bbox 771 163 1868 201">
     <span class='ocr_line' id='line_1_1' title="bbox 771 163 1868 201; baseline -0.005 -4"><span class='ocrx_word' id='word_1_1' title='bbox 771 163 1007 197; x_wconf 74' lang='lat' dir='ltr'>COLLEGH</span> <span class='ocrx_word' id='word_1_2' title='bbox 1032 163 1166 197; x_wconf 78' lang='lat' dir='ltr'>NOVI.</span> <span class='ocrx_word' id='word_1_3' title='bbox 1824 168 1868 201; x_wconf 75' lang='lat'>:39</span> 
     </span>
    </p>
   </div>
   <div class='ocr_carea' id='block_1_2' title="bbox 113 259 944 392">
    <p class='ocr_par' dir='ltr' id='par_1_2' title="bbox 113 259 944 392">
     <span class='ocr_line' id='line_1_2' title="bbox 113 259 944 301; baseline 0 -11"><span class='ocrx_word' id='word_1_4' title='bbox 113 259 198 290; x_wconf 87' lang='lat' dir='ltr'>Petri</span> <span class='ocrx_word' id='word_1_5' title='bbox 229 259 396 291; x_wconf 87' lang='lat' dir='ltr'>Lombardi</span> <span class='ocrx_word' id='word_1_6' title='bbox 434 260 665 291; x_wconf 77' lang='lat' dir='ltr'>Sententiarum</span> <span class='ocrx_word' id='word_1_7' title='bbox 702 260 770 290; x_wconf 88' lang='lat' dir='ltr'>libri</span> <span class='ocrx_word' id='word_1_8' title='bbox 801 265 944 301; x_wconf 81' lang='lat' dir='ltr'>quatuor,</span> 
     </span>
     <span class='ocr_line' id='line_1_3' title="bbox 132 310 944 352; baseline 0 -12"><span class='ocrx_word' id='word_1_9' title='bbox 132 311 291 351; x_wconf 75' lang='lat' dir='ltr'>prooemio,</span> <span class='ocrx_word' id='word_1_10' title='bbox 319 317 350 342; x_wconf 85' lang='lat' dir='ltr'>ot</span> <span class='ocrx_word' id='word_1_11' title='bbox 380 311 522 352; x_wconf 74' lang='lat' dir='ltr'>glossulis</span> <span class='ocrx_word' id='word_1_12' title='bbox 552 310 772 351; x_wconf 78' lang='lat' dir='ltr'>marginalibus</span> <span class='ocrx_word' id='word_1_13' title='bbox 796 321 944 351; x_wconf 83' lang='lat' dir='ltr'>perquam</span> 
     </span>
     <span class='ocr_line' id='line_1_4' title="bbox 132 361 286 392; baseline 0.006 -1"><span class='ocrx_word' id='word_1_14' title='bbox 132 361 286 392; x_wconf 87' lang='lat' dir='ltr'>illustrati.</span> 
     </span>
    </p>
   </div>
   <div class='ocr_carea' id='block_1_3' title="bbox 176 405 975 453">
    <p class='ocr_par' dir='ltr' id='par_1_3' title="bbox 176 405 975 453">
     <span class='ocr_line' id='line_1_5' title="bbox 176 405 975 453; baseline 0 -11"><span class='ocrx_word' id='word_1_15' title='bbox 176 412 211 442; x_wconf 89' lang='lat' dir='ltr'>In</span> <span class='ocrx_word' id='word_1_16' title='bbox 229 413 321 449; x_wconf 86' lang='lat' dir='ltr'>calce,</span> <span class='ocrx_word' id='word_1_17' title='bbox 342 419 358 427; x_wconf 88' lang='lat'><strong>“</strong></span> <span class='ocrx_word' id='word_1_18' title='bbox 374 413 510 453; x_wconf 83' lang='lat' dir='ltr'>Explicit</span> <span class='ocrx_word' id='word_1_19' title='bbox 529 412 605 443; x_wconf 87' lang='lat' dir='ltr'>liber</span> <span class='ocrx_word' id='word_1_20' title='bbox 627 413 859 443; x_wconf 84' lang='lat' dir='ltr'>Sentenciarum</span> <span class='ocrx_word' id='word_1_21' title='bbox 878 424 941 443; x_wconf 85' lang='lat' dir='ltr'>ma-</span> <span class='ocrx_word' id='word_1_22' title='bbox 974 405 975 412; x_wconf 15' lang='grc' dir='ltr'>ἵ</span> 
     </span>
    </p>
   </div>
   <div class='ocr_carea' id='block_1_4' title="bbox 110 464 944 967">
    <p class='ocr_par' dir='ltr' id='par_1_4' title="bbox 150 464 606 556">
     <span class='ocr_line' id='line_1_6' title="bbox 150 464 606 506; baseline 0 -12"><span class='ocrx_word' id='word_1_23' title='bbox 150 465 238 506; x_wconf 78' lang='lat' dir='ltr'>gistri</span> <span class='ocrx_word' id='word_1_24' title='bbox 259 465 342 495; x_wconf 80' lang='lat' dir='ltr'>l&#39;etri</span> <span class='ocrx_word' id='word_1_25' title='bbox 359 464 606 495; x_wconf 66' lang='lat' dir='ltr'>Coniniestoris.”</span> 
     </span>
     <span class='ocr_line' id='line_1_7' title="bbox 173 516 361 556; baseline -0.005 -10"><span class='ocrx_word' id='word_1_26' title='bbox 173 516 361 556; x_wconf 80' lang='lat' dir='ltr'>Sequuntur,</span> 
     </span>
    </p>

    <p class='ocr_par' dir='ltr' id='par_1_5' title="bbox 110 565 944 864">
     <span class='ocr_line' id='line_1_8' title="bbox 110 565 943 607; baseline -0.004 -10"><span class='ocrx_word' id='word_1_27' title='bbox 110 578 136 598; x_wconf 88' lang='lat' dir='ltr'>a.</span> <span class='ocrx_word' id='word_1_28' title='bbox 154 566 316 597; x_wconf 83' lang='lat' dir='ltr'>Sententia</span> <span class='ocrx_word' id='word_1_29' title='bbox 331 566 481 607; x_wconf 84' lang='lat' dir='ltr'>generalis</span> <span class='ocrx_word' id='word_1_30' title='bbox 493 565 820 597; x_wconf 76' lang='lat' dir='ltr'>excommunicationis</span> <span class='ocrx_word' id='word_1_31' title='bbox 834 565 898 595; x_wconf 86' lang='lat' dir='ltr'>lata</span> <span class='ocrx_word' id='word_1_32' title='bbox 915 565 943 594; x_wconf 92' lang='lat' dir='ltr'>in</span> 
     </span>
     <span class='ocr_line' id='line_1_9' title="bbox 173 616 943 658; baseline -0.003 -10"><span class='ocrx_word' id='word_1_33' title='bbox 173 618 300 648; x_wconf 86' lang='lat' dir='ltr'>concilio</span> <span class='ocrx_word' id='word_1_34' title='bbox 331 617 508 654; x_wconf 76' lang='lat' dir='ltr'>Oxoniensi,</span> <span class='ocrx_word' id='word_1_35' title='bbox 548 624 565 632; x_wconf 89' lang='lat'><em>“</em></span> <span class='ocrx_word' id='word_1_36' title='bbox 580 628 638 658; x_wconf 90' lang='lat' dir='ltr'>que</span> <span class='ocrx_word' id='word_1_37' title='bbox 676 617 768 647; x_wconf 86' lang='lat' dir='ltr'>debet</span> <span class='ocrx_word' id='word_1_38' title='bbox 806 616 943 646; x_wconf 79' lang='lat' dir='ltr'>innovari</span> 
     </span>
     <span class='ocr_line' id='line_1_10' title="bbox 173 667 941 710; baseline -0.003 -11"><span class='ocrx_word' id='word_1_39' title='bbox 173 669 298 710; x_wconf 87' lang='lat' dir='ltr'>singulis</span> <span class='ocrx_word' id='word_1_40' title='bbox 325 669 413 699; x_wconf 83' lang='lat' dir='ltr'>annis</span> <span class='ocrx_word' id='word_1_41' title='bbox 440 669 470 699; x_wconf 92' lang='lat' dir='ltr'>in</span> <span class='ocrx_word' id='word_1_42' title='bbox 496 669 622 710; x_wconf 86' lang='lat' dir='ltr'>singulis</span> <span class='ocrx_word' id='word_1_43' title='bbox 645 668 779 699; x_wconf 80' lang='lat' dir='ltr'>ecclesiis</span> <span class='ocrx_word' id='word_1_44' title='bbox 802 667 941 708; x_wconf 86' lang='lat' dir='ltr'>parochi-</span> 
     </span>
     <span class='ocr_line' id='line_1_11' title="bbox 173 718 944 762; baseline -0.004 -11"><span class='ocrx_word' id='word_1_45' title='bbox 173 721 272 752; x_wconf 86' lang='lat' dir='ltr'>alibus</span> <span class='ocrx_word' id='word_1_46' title='bbox 282 725 393 762; x_wconf 88' lang='lat' dir='ltr'>quater</span> <span class='ocrx_word' id='word_1_47' title='bbox 405 731 473 751; x_wconf 88' lang='lat' dir='ltr'>cum</span> <span class='ocrx_word' id='word_1_48' title='bbox 485 720 712 761; x_wconf 77' lang='lat' dir='ltr'>solempnitate,</span> <span class='ocrx_word' id='word_1_49' title='bbox 725 719 874 755; x_wconf 67' lang='lat' dir='ltr'>videlicet,</span> <span class='ocrx_word' id='word_1_50' title='bbox 884 718 944 748; x_wconf 82' lang='lat' dir='ltr'>Dic</span> 
     </span>
     <span class='ocr_line' id='line_1_12' title="bbox 174 770 943 809; baseline -0.003 -7"><span class='ocrx_word' id='word_1_51' title='bbox 174 772 318 802; x_wconf 87' lang='lat' dir='ltr'>Omnium</span> <span class='ocrx_word' id='word_1_52' title='bbox 339 772 535 809; x_wconf 86' lang='lat' dir='ltr'>Sanctorum,</span> <span class='ocrx_word' id='word_1_53' title='bbox 552 771 703 802; x_wconf 88' lang='lat' dir='ltr'>Dominic.</span> <span class='ocrx_word' id='word_1_54' title='bbox 721 770 740 800; x_wconf 90' lang='lat' dir='ltr'>i.</span> <span class='ocrx_word' id='word_1_55' title='bbox 759 771 788 800; x_wconf 93' lang='lat' dir='ltr'>in</span> <span class='ocrx_word' id='word_1_56' title='bbox 806 770 943 809; x_wconf 73' lang='lat' dir='ltr'>Quadra-</span> 
     </span>
     <span class='ocr_line' id='line_1_13' title="bbox 173 822 943 864; baseline -0.003 -11"><span class='ocrx_word' id='word_1_57' title='bbox 173 824 301 864; x_wconf 80' lang='lat' dir='ltr'>gesima,</span> <span class='ocrx_word' id='word_1_58' title='bbox 330 824 379 854; x_wconf 85' lang='lat' dir='ltr'>die</span> <span class='ocrx_word' id='word_1_59' title='bbox 414 824 443 853; x_wconf 89' lang='lat' dir='ltr'>S.</span> <span class='ocrx_word' id='word_1_60' title='bbox 462 823 635 858; x_wconf 70' lang='lat' dir='ltr'>Trinitatis,</span> <span class='ocrx_word' id='word_1_61' title='bbox 668 822 818 852; x_wconf 88' lang='lat' dir='ltr'>Dominic.</span> <span class='ocrx_word' id='word_1_62' title='bbox 857 832 943 862; x_wconf 81' lang='lat' dir='ltr'>prox.</span> 
     </span>
    </p>

    <p class='ocr_par' dir='ltr' id='par_1_6' title="bbox 110 873 943 967">
     <span class='ocr_line' id='line_1_14' title="bbox 157 873 833 915; baseline -0.001 -11"><span class='ocrx_word' id='word_1_63' title='bbox 157 886 159 888; x_wconf 74' lang='grc'>’</span> <span class='ocrx_word' id='word_1_64' title='bbox 172 880 245 905; x_wconf 79' lang='lat' dir='ltr'>ante</span> <span class='ocrx_word' id='word_1_65' title='bbox 260 875 299 905; x_wconf 78' lang='lat' dir='ltr'>ad</span> <span class='ocrx_word' id='word_1_66' title='bbox 318 875 451 905; x_wconf 71' lang='lat' dir='ltr'>Vincula</span> <span class='ocrx_word' id='word_1_67' title='bbox 466 875 549 905; x_wconf 89' lang='lat' dir='ltr'>beati</span> <span class='ocrx_word' id='word_1_68' title='bbox 568 874 652 905; x_wconf 85' lang='lat' dir='ltr'>Petri</span> <span class='ocrx_word' id='word_1_69' title='bbox 669 873 833 915; x_wconf 86' lang='lat' dir='ltr'>apostoli.”</span> 
     </span>
     <span class='ocr_line' id='line_1_15' title="bbox 110 929 943 967; baseline -0.001 -7"><span class='ocrx_word' id='word_1_70' title='bbox 110 930 140 960; x_wconf 88' lang='lat' dir='ltr'>b.</span> <span class='ocrx_word' id='word_1_71' title='bbox 159 930 326 961; x_wconf 91' lang='lat' dir='ltr'>“Materia</span> <span class='ocrx_word' id='word_1_72' title='bbox 349 930 583 967; x_wconf 51' lang='lat' dir='ltr'>pentateuchi?</span> <span class='ocrx_word' id='word_1_73' title='bbox 603 930 740 960; x_wconf 88' lang='lat' dir='ltr'>versibus</span> <span class='ocrx_word' id='word_1_74' title='bbox 761 929 870 960; x_wconf 85' lang='lat' dir='ltr'>tribus.</span> <span class='ocrx_word' id='word_1_75' title='bbox 894 929 943 959; x_wconf 85' lang='lat' dir='ltr'>fol.</span> 
     </span>
    </p>
   </div>
   <div class='ocr_carea' id='block_1_5' title="bbox 153 982 945 1166">
    <p class='ocr_par' dir='ltr' id='par_1_7' title="bbox 153 982 945 1166">
     <span class='ocr_line' id='line_1_16' title="bbox 177 982 278 1022; baseline 0.01 -11"><span class='ocrx_word' id='word_1_76' title='bbox 177 991 231 1022; x_wconf 76' lang='lat'>123</span> <span class='ocrx_word' id='word_1_77' title='bbox 250 982 278 1012; x_wconf 91' lang='lat' dir='ltr'>b.</span> 
     </span>
     <span class='ocr_line' id='line_1_17' title="bbox 215 1033 311 1074; baseline 0.01 -11"><span class='ocrx_word' id='word_1_78' title='bbox 215 1033 311 1074; x_wconf 88' lang='lat' dir='ltr'>Incip.</span> 
     </span>
     <span class='ocr_line' id='line_1_18' title="bbox 153 1083 945 1126; baseline -0.001 -12"><span class='ocrx_word' id='word_1_79' title='bbox 153 1085 289 1115; x_wconf 81' lang='lat' dir='ltr'>“Intrat</span> <span class='ocrx_word' id='word_1_80' title='bbox 313 1085 343 1114; x_wconf 90' lang='lat' dir='ltr'>in</span> <span class='ocrx_word' id='word_1_81' title='bbox 372 1085 529 1126; x_wconf 80' lang='lat' dir='ltr'>Egyptnm</span> <span class='ocrx_word' id='word_1_82' title='bbox 553 1084 683 1115; x_wconf 89' lang='lat' dir='ltr'>Genesis</span> <span class='ocrx_word' id='word_1_83' title='bbox 706 1083 792 1117; x_wconf 82' lang='lat' dir='ltr'>liber,</span> <span class='ocrx_word' id='word_1_84' title='bbox 820 1083 945 1113; x_wconf 80' lang='lat' dir='ltr'>Exodus</span> 
     </span>
     <span class='ocr_line' id='line_1_19' title="bbox 236 1136 329 1166; baseline 0.011 -1"><span class='ocrx_word' id='word_1_85' title='bbox 236 1136 329 1166; x_wconf 72' lang='lat' dir='ltr'>exit.”</span> 
     </span>
    </p>
   </div>
   <div class='ocr_carea' id='block_1_6' title="bbox 110 1190 944 1632">
    <p class='ocr_par' dir='ltr' id='par_1_8' title="bbox 110 1190 944 1632">
     <span class='ocr_line' id='line_1_20' title="bbox 110 1190 944 1233; baseline 0 -12"><span class='ocrx_word' id='word_1_86' title='bbox 110 1202 135 1221; x_wconf 92' lang='lat' dir='ltr'>c.</span> <span class='ocrx_word' id='word_1_87' title='bbox 153 1190 271 1222; x_wconf 87' lang='lat' dir='ltr'>Eadem</span> <span class='ocrx_word' id='word_1_88' title='bbox 294 1191 454 1222; x_wconf 83' lang='lat' dir='ltr'>moraliter</span> <span class='ocrx_word' id='word_1_89' title='bbox 474 1203 631 1233; x_wconf 77' lang='lat' dir='ltr'>expressa,</span> <span class='ocrx_word' id='word_1_90' title='bbox 649 1192 780 1223; x_wconf 83' lang='lat' dir='ltr'>totidem</span> <span class='ocrx_word' id='word_1_91' title='bbox 797 1191 944 1221; x_wconf 80' lang='lat' dir='ltr'>versibus.</span> 
     </span>
     <span class='ocr_line' id='line_1_21' title="bbox 172 1243 336 1284; baseline 0.006 -12"><span class='ocrx_word' id='word_1_92' title='bbox 172 1243 222 1273; x_wconf 81' lang='lat' dir='ltr'>fol.</span> <span class='ocrx_word' id='word_1_93' title='bbox 240 1253 274 1274; x_wconf 88' lang='lat'>12</span> <span class='ocrx_word' id='word_1_94' title='bbox 278 1254 295 1284; x_wconf 82' lang='lat'>3</span> <span class='ocrx_word' id='word_1_95' title='bbox 308 1243 336 1273; x_wconf 88' lang='lat' dir='ltr'>b.</span> 
     </span>
     <span class='ocr_line' id='line_1_22' title="bbox 217 1295 313 1336; baseline -0.01 -11"><span class='ocrx_word' id='word_1_96' title='bbox 217 1295 313 1336; x_wconf 87' lang='lat' dir='ltr'>Incip.</span> 
     </span>
     <span class='ocr_line' id='line_1_23' title="bbox 153 1345 943 1387; baseline -0.001 -11"><span class='ocrx_word' id='word_1_97' title='bbox 153 1347 291 1376; x_wconf 90' lang='lat' dir='ltr'>“Intrat</span> <span class='ocrx_word' id='word_1_98' title='bbox 313 1346 343 1376; x_wconf 90' lang='lat' dir='ltr'>in</span> <span class='ocrx_word' id='word_1_99' title='bbox 367 1345 525 1387; x_wconf 82' lang='lat' dir='ltr'>Egyptum</span> <span class='ocrx_word' id='word_1_100' title='bbox 549 1357 617 1376; x_wconf 90' lang='lat' dir='ltr'>cum</span> <span class='ocrx_word' id='word_1_101' title='bbox 636 1352 744 1386; x_wconf 83' lang='lat' dir='ltr'>peccat</span> <span class='ocrx_word' id='word_1_102' title='bbox 766 1346 843 1386; x_wconf 64' lang='lat' dir='ltr'>quis3</span> <span class='ocrx_word' id='word_1_103' title='bbox 861 1345 943 1386; x_wconf 87' lang='lat' dir='ltr'>peni-</span> 
     </span>
     <span class='ocr_line' id='line_1_24' title="bbox 235 1397 357 1428; baseline -0.008 0"><span class='ocrx_word' id='word_1_104' title='bbox 235 1397 357 1428; x_wconf 76' lang='lat' dir='ltr'>tendo.”</span> 
     </span>
     <span class='ocr_line' id='line_1_25' title="bbox 215 1449 549 1489; baseline 0 -10"><span class='ocrx_word' id='word_1_105' title='bbox 215 1449 394 1489; x_wconf 85' lang='lat' dir='ltr'>Sequuntur</span> <span class='ocrx_word' id='word_1_106' title='bbox 409 1449 439 1478; x_wconf 92' lang='lat' dir='ltr'>in</span> <span class='ocrx_word' id='word_1_107' title='bbox 455 1449 549 1485; x_wconf 79' lang='lat' dir='ltr'>calce,</span> 
     </span>
     <span class='ocr_line' id='line_1_26' title="bbox 152 1499 942 1541; baseline -0.001 -11"><span class='ocrx_word' id='word_1_108' title='bbox 152 1506 171 1516; x_wconf 66' lang='lat'>⁴⁸</span> <span class='ocrx_word' id='word_1_109' title='bbox 184 1500 376 1541; x_wconf 76' lang='lat' dir='ltr'>Quingentos</span> <span class='ocrx_word' id='word_1_110' title='bbox 389 1500 490 1530; x_wconf 85' lang='lat' dir='ltr'>decies</span> <span class='ocrx_word' id='word_1_111' title='bbox 503 1500 549 1530; x_wconf 88' lang='lat' dir='ltr'>bis</span> <span class='ocrx_word' id='word_1_112' title='bbox 561 1504 685 1530; x_wconf 85' lang='lat' dir='ltr'>centum</span> <span class='ocrx_word' id='word_1_113' title='bbox 699 1499 745 1529; x_wconf 86' lang='lat' dir='ltr'>bis</span> <span class='ocrx_word' id='word_1_114' title='bbox 761 1500 861 1530; x_wconf 90' lang='lat' dir='ltr'>minus</span> <span class='ocrx_word' id='word_1_115' title='bbox 873 1510 942 1535; x_wconf 78' lang='lat' dir='ltr'>uno,</span> 
     </span>
     <span class='ocr_line' id='line_1_27' title="bbox 182 1550 943 1582; baseline -0.001 -1"><span class='ocrx_word' id='word_1_116' title='bbox 182 1551 291 1581; x_wconf 90' lang='lat' dir='ltr'>Annos</span> <span class='ocrx_word' id='word_1_117' title='bbox 317 1551 366 1581; x_wconf 89' lang='lat' dir='ltr'>die</span> <span class='ocrx_word' id='word_1_118' title='bbox 392 1551 431 1582; x_wconf 86' lang='lat' dir='ltr'>ab</span> <span class='ocrx_word' id='word_1_119' title='bbox 458 1551 562 1582; x_wconf 80' lang='lat' dir='ltr'>Adam</span> <span class='ocrx_word' id='word_1_120' title='bbox 586 1551 683 1581; x_wconf 85' lang='lat' dir='ltr'>donec</span> <span class='ocrx_word' id='word_1_121' title='bbox 708 1550 846 1581; x_wconf 83' lang='lat' dir='ltr'>Verbum</span> <span class='ocrx_word' id='word_1_122' title='bbox 872 1562 943 1581; x_wconf 83' lang='lat' dir='ltr'>earo</span> 
     </span>
     <span class='ocr_line' id='line_1_28' title="bbox 235 1602 380 1632; baseline -0.007 0"><span class='ocrx_word' id='word_1_123' title='bbox 235 1602 380 1632; x_wconf 52' lang='lat' dir='ltr'>factumff&#39;</span> 
     </span>
    </p>
   </div>
   <div class='ocr_carea' id='block_1_7' title="bbox 153 1653 941 1889">
    <p class='ocr_par' dir='ltr' id='par_1_9' title="bbox 153 1653 941 1889">
     <span class='ocr_line' id='line_1_29' title="bbox 215 1653 339 1689; baseline 0.008 -6"><span class='ocrx_word' id='word_1_124' title='bbox 215 1653 339 1689; x_wconf 78' lang='lat' dir='ltr'>Postea,</span> 
     </span>
     <span class='ocr_line' id='line_1_30' title="bbox 153 1703 941 1745; baseline -0.001 -11"><span class='ocrx_word' id='word_1_125' title='bbox 153 1710 169 1719; x_wconf 81' lang='lat'>‘⁴</span> <span class='ocrx_word' id='word_1_126' title='bbox 186 1704 302 1741; x_wconf 85' lang='lat' dir='ltr'>Luxus,</span> <span class='ocrx_word' id='word_1_127' title='bbox 318 1715 401 1745; x_wconf 89' lang='lat' dir='ltr'>opes,</span> <span class='ocrx_word' id='word_1_128' title='bbox 423 1704 568 1739; x_wconf 83' lang='lat' dir='ltr'>animam,</span> <span class='ocrx_word' id='word_1_129' title='bbox 591 1715 710 1745; x_wconf 84' lang='lat' dir='ltr'>corpus,</span> <span class='ocrx_word' id='word_1_130' title='bbox 729 1704 798 1739; x_wconf 87' lang='lat' dir='ltr'>vim,</span> <span class='ocrx_word' id='word_1_131' title='bbox 817 1703 941 1737; x_wconf 85' lang='lat' dir='ltr'>lumina,</span> 
     </span>
     <span class='ocr_line' id='line_1_31' title="bbox 234 1766 350 1792; baseline 0 -7"><span class='ocrx_word' id='word_1_132' title='bbox 234 1766 350 1792; x_wconf 87' lang='lat' dir='ltr'>vocem,</span> 
     </span>
     <span class='ocr_line' id='line_1_32' title="bbox 184 1805 941 1847; baseline -0.003 -9"><span class='ocrx_word' id='word_1_133' title='bbox 184 1807 334 1842; x_wconf 83' lang='lat' dir='ltr'>Destruit,</span> <span class='ocrx_word' id='word_1_134' title='bbox 363 1806 551 1847; x_wconf 83' lang='lat' dir='ltr'>adnychilat,</span> <span class='ocrx_word' id='word_1_135' title='bbox 580 1810 680 1841; x_wconf 84' lang='lat' dir='ltr'>necat,</span> <span class='ocrx_word' id='word_1_136' title='bbox 711 1805 812 1846; x_wconf 87' lang='lat' dir='ltr'>eripit,</span> <span class='ocrx_word' id='word_1_137' title='bbox 841 1806 941 1840; x_wconf 87' lang='lat' dir='ltr'>orbat,</span> 
     </span>
     <span class='ocr_line' id='line_1_33' title="bbox 234 1858 392 1889; baseline -0.006 0"><span class='ocrx_word' id='word_1_138' title='bbox 234 1858 392 1889; x_wconf 82' lang='lat' dir='ltr'>acerbat.”</span> 
     </span>
    </p>
   </div>
   <div class='ocr_carea' id='block_1_8' title="bbox 108 1912 973 1959">
    <p class='ocr_par' dir='ltr' id='par_1_10' title="bbox 108 1912 973 1959">
     <span class='ocr_line' id='line_1_34' title="bbox 108 1912 973 1959; baseline -0.003 -15"><span class='ocrx_word' id='word_1_139' title='bbox 108 1914 136 1944; x_wconf 84' lang='lat' dir='ltr'>d.</span> <span class='ocrx_word' id='word_1_140' title='bbox 155 1914 260 1944; x_wconf 79' lang='lat' dir='ltr'>Arbor</span> <span class='ocrx_word' id='word_1_141' title='bbox 270 1913 548 1954; x_wconf 80' lang='lat' dir='ltr'>consanguinitatis</span> <span class='ocrx_word' id='word_1_142' title='bbox 558 1918 589 1943; x_wconf 90' lang='lat' dir='ltr'>et</span> <span class='ocrx_word' id='word_1_143' title='bbox 599 1912 769 1943; x_wconf 86' lang='lat' dir='ltr'>affinitatis.</span> <span class='ocrx_word' id='word_1_144' title='bbox 786 1913 835 1942; x_wconf 81' lang='lat' dir='ltr'>fol.</span> <span class='ocrx_word' id='word_1_145' title='bbox 849 1913 939 1950; x_wconf 77' lang='lat' dir='ltr'>124b.</span> <span class='ocrx_word' id='word_1_146' title='bbox 972 1955 973 1959; x_wconf 15' lang='grc' dir='ltr'><strong>Ἰ</strong></span> 
     </span>
    </p>
   </div>
   <div class='ocr_carea' id='block_1_9' title="bbox 436 2007 574 2042">
    <p class='ocr_par' dir='ltr' id='par_1_11' title="bbox 436 2007 574 2042">
     <span class='ocr_line' id='line_1_35' title="bbox 436 2007 574 2042; baseline -0.007 0"><span class='ocrx_word' id='word_1_147' title='bbox 436 2007 574 2042; x_wconf 83' lang='lat' dir='ltr'>CVIII.</span> 
     </span>
    </p>
   </div>
   <div class='ocr_carea' id='block_1_10' title="bbox 69 2065 973 2164">
    <p class='ocr_par' dir='ltr' id='par_1_12' title="bbox 69 2065 973 2164">
     <span class='ocr_line' id='line_1_36' title="bbox 69 2065 973 2110; baseline -0.002 -10"><span class='ocrx_word' id='word_1_148' title='bbox 69 2066 187 2101; x_wconf 84' lang='lat' dir='ltr'>Codex</span> <span class='ocrx_word' id='word_1_149' title='bbox 226 2066 518 2103; x_wconf 82' lang='lat' dir='ltr'>membranaceus,</span> <span class='ocrx_word' id='word_1_150' title='bbox 558 2067 592 2099; x_wconf 89' lang='lat' dir='ltr'>in</span> <span class='ocrx_word' id='word_1_151' title='bbox 628 2065 709 2099; x_wconf 90' lang='lat' dir='ltr'>folio</span> <span class='ocrx_word' id='word_1_152' title='bbox 744 2066 874 2110; x_wconf 83' lang='lat' dir='ltr'>majori,</span> <span class='ocrx_word' id='word_1_153' title='bbox 911 2065 943 2098; x_wconf 81' lang='lat' dir='ltr'>ff.</span> <span class='ocrx_word' id='word_1_154' title='bbox 972 2083 973 2104; x_wconf 67' lang='grc' dir='ltr'>ς</span> 
     </span>
     <span class='ocr_line' id='line_1_37' title="bbox 91 2117 973 2164; baseline -0.002 -5"><span class='ocrx_word' id='word_1_155' title='bbox 91 2128 169 2164; x_wconf 81' lang='lat'>335,</span> <span class='ocrx_word' id='word_1_156' title='bbox 188 2136 254 2158; x_wconf 85' lang='lat' dir='ltr'>sec.</span> <span class='ocrx_word' id='word_1_157' title='bbox 272 2125 362 2164; x_wconf 87' lang='lat' dir='ltr'>xiv.;</span> <span class='ocrx_word' id='word_1_158' title='bbox 382 2125 469 2158; x_wconf 92' lang='lat' dir='ltr'>binis</span> <span class='ocrx_word' id='word_1_159' title='bbox 488 2124 657 2158; x_wconf 87' lang='lat' dir='ltr'>columnis</span> <span class='ocrx_word' id='word_1_160' title='bbox 676 2124 764 2157; x_wconf 91' lang='lat' dir='ltr'>bene</span> <span class='ocrx_word' id='word_1_161' title='bbox 784 2130 944 2157; x_wconf 85' lang='lat' dir='ltr'>exaratus</span> <span class='ocrx_word' id='word_1_162' title='bbox 972 2117 973 2130; x_wconf 65' lang='lat'><em>³</em></span> 
     </span>
    </p>
   </div>
   <div class='ocr_carea' id='block_1_11' title="bbox 93 2188 308 2217">
    <p class='ocr_par' dir='ltr' id='par_1_13' title="bbox 93 2188 308 2217">
     <span class='ocr_line' id='line_1_38' title="bbox 93 2188 308 2217; baseline -0.005 0"><span class='ocrx_word' id='word_1_163' title='bbox 93 2189 127 2217; x_wconf 86' lang='lat' dir='ltr'>et</span> <span class='ocrx_word' id='word_1_164' title='bbox 145 2188 308 2217; x_wconf 80' lang='lat' dir='ltr'>servatus.</span> 
     </span>
    </p>
   </div>
   <div class='ocr_carea' id='block_1_12' title="bbox 110 2243 972 2336">
    <p class='ocr_par' dir='ltr' id='par_1_14' title="bbox 110 2243 972 2336">
     <span class='ocr_line' id='line_1_39' title="bbox 110 2243 972 2284; baseline -0.001 -10"><span class='ocrx_word' id='word_1_165' title='bbox 110 2244 196 2275; x_wconf 88' lang='lat' dir='ltr'>Petri</span> <span class='ocrx_word' id='word_1_166' title='bbox 234 2243 400 2274; x_wconf 88' lang='lat' dir='ltr'>Lombardi</span> <span class='ocrx_word' id='word_1_167' title='bbox 436 2243 667 2274; x_wconf 87' lang='lat' dir='ltr'>Sententiarum</span> <span class='ocrx_word' id='word_1_168' title='bbox 698 2243 765 2273; x_wconf 87' lang='lat' dir='ltr'>libri</span> <span class='ocrx_word' id='word_1_169' title='bbox 797 2248 941 2284; x_wconf 84' lang='lat' dir='ltr'>quatuor,</span> <span class='ocrx_word' id='word_1_170' title='bbox 970 2260 972 2280; x_wconf 56' lang='grc' dir='ltr'><strong>ς</strong></span> 
     </span>
     <span class='ocr_line' id='line_1_40' title="bbox 130 2294 972 2336; baseline -0.001 -10"><span class='ocrx_word' id='word_1_171' title='bbox 130 2307 198 2326; x_wconf 90' lang='lat' dir='ltr'>cum</span> <span class='ocrx_word' id='word_1_172' title='bbox 228 2295 356 2336; x_wconf 82' lang='lat' dir='ltr'>prologo</span> <span class='ocrx_word' id='word_1_173' title='bbox 386 2299 418 2326; x_wconf 89' lang='lat' dir='ltr'>et</span> <span class='ocrx_word' id='word_1_174' title='bbox 448 2295 611 2336; x_wconf 83' lang='lat' dir='ltr'>capitulis;</span> <span class='ocrx_word' id='word_1_175' title='bbox 651 2294 792 2336; x_wconf 77' lang='lat' dir='ltr'>glossulis</span> <span class='ocrx_word' id='word_1_176' title='bbox 822 2305 942 2335; x_wconf 86' lang='lat' dir='ltr'>quoque</span> <span class='ocrx_word' id='word_1_177' title='bbox 971 2304 972 2325; x_wconf 67' lang='lat' dir='ltr'>i</span> 
     </span>
    </p>
   </div>
   <div class='ocr_carea' id='block_1_13' title="bbox 130 2346 941 2489">
    <p class='ocr_par' dir='ltr' id='par_1_15' title="bbox 130 2346 941 2489">
     <span class='ocr_line' id='line_1_41' title="bbox 130 2346 520 2388; baseline 0 -12"><span class='ocrx_word' id='word_1_178' title='bbox 130 2346 350 2388; x_wconf 83' lang='lat' dir='ltr'>marginalibus</span> <span class='ocrx_word' id='word_1_179' title='bbox 366 2346 520 2376; x_wconf 78' lang='lat' dir='ltr'>instructi.</span> 
     </span>
     <span class='ocr_line' id='line_1_42' title="bbox 171 2396 941 2438; baseline -0.003 -11"><span class='ocrx_word' id='word_1_180' title='bbox 171 2397 209 2427; x_wconf 90' lang='lat' dir='ltr'>In</span> <span class='ocrx_word' id='word_1_181' title='bbox 246 2397 339 2434; x_wconf 86' lang='lat' dir='ltr'>calce,</span> <span class='ocrx_word' id='word_1_182' title='bbox 381 2397 553 2438; x_wconf 83' lang='lat' dir='ltr'>“Explicit</span> <span class='ocrx_word' id='word_1_183' title='bbox 595 2397 672 2427; x_wconf 91' lang='lat' dir='ltr'>liber</span> <span class='ocrx_word' id='word_1_184' title='bbox 709 2396 941 2426; x_wconf 85' lang='lat' dir='ltr'>Sentenciarum</span> 
     </span>
     <span class='ocr_line' id='line_1_43' title="bbox 151 2448 309 2489; baseline 0 -11"><span class='ocrx_word' id='word_1_185' title='bbox 151 2448 309 2489; x_wconf 70' lang='lat' dir='ltr'>quartus.&#39;“</span> 
     </span>
    </p>
   </div>
   <div class='ocr_carea' id='block_1_14' title="bbox 72 2565 943 2664">
    <p class='ocr_par' dir='ltr' id='par_1_16' title="bbox 72 2565 943 2664">
     <span class='ocr_line' id='line_1_44' title="bbox 72 2565 943 2605; baseline -0.002 -5"><span class='ocrx_word' id='word_1_186' title='bbox 72 2566 365 2605; x_wconf 78' lang='lat' dir='ltr'>Membranaceus,</span> <span class='ocrx_word' id='word_1_187' title='bbox 385 2568 419 2600; x_wconf 88' lang='lat' dir='ltr'>in</span> <span class='ocrx_word' id='word_1_188' title='bbox 438 2567 529 2605; x_wconf 86' lang='lat' dir='ltr'>folio,</span> <span class='ocrx_word' id='word_1_189' title='bbox 548 2566 582 2600; x_wconf 83' lang='lat' dir='ltr'>ff.</span> <span class='ocrx_word' id='word_1_190' title='bbox 603 2569 682 2603; x_wconf 77' lang='lat'>128,</span> <span class='ocrx_word' id='word_1_191' title='bbox 701 2577 766 2599; x_wconf 85' lang='lat' dir='ltr'>sec.</span> <span class='ocrx_word' id='word_1_192' title='bbox 783 2565 852 2599; x_wconf 91' lang='lat' dir='ltr'>xiii.</span> <span class='ocrx_word' id='word_1_193' title='bbox 873 2566 943 2598; x_wconf 87' lang='lat' dir='ltr'>ine-</span> 
     </span>
     <span class='ocr_line' id='line_1_45' title="bbox 94 2625 687 2664; baseline -0.003 -7"><span class='ocrx_word' id='word_1_194' title='bbox 94 2626 205 2664; x_wconf 86' lang='lat' dir='ltr'>untis;</span> <span class='ocrx_word' id='word_1_195' title='bbox 224 2626 311 2659; x_wconf 88' lang='lat' dir='ltr'>binis</span> <span class='ocrx_word' id='word_1_196' title='bbox 330 2625 498 2659; x_wconf 87' lang='lat' dir='ltr'>columnis</span> <span class='ocrx_word' id='word_1_197' title='bbox 517 2628 687 2658; x_wconf 83' lang='lat' dir='ltr'>exaratus.</span> 
     </span>
    </p>
   </div>
   <div class='ocr_carea' id='block_1_15' title="bbox 111 2678 971 2723">
    <p class='ocr_par' dir='ltr' id='par_1_17' title="bbox 111 2678 971 2727">
     <span class='ocr_line' id='line_1_46' title="bbox 111 2678 971 2723; baseline -0.005 -7"><span class='ocrx_word' id='word_1_198' title='bbox 111 2684 195 2716; x_wconf 80' lang='lat' dir='ltr'>Petri</span> <span class='ocrx_word' id='word_1_199' title='bbox 227 2685 393 2716; x_wconf 87' lang='lat' dir='ltr'>Lombardi</span> <span class='ocrx_word' id='word_1_200' title='bbox 430 2684 661 2715; x_wconf 86' lang='lat' dir='ltr'>Sententiarum</span> <span class='ocrx_word' id='word_1_201' title='bbox 696 2683 764 2713; x_wconf 91' lang='lat' dir='ltr'>libri</span> <span class='ocrx_word' id='word_1_202' title='bbox 799 2687 941 2723; x_wconf 75' lang='lat' dir='ltr'>quatuor,</span> <span class='ocrx_word' id='word_1_203' title='bbox 970 2678 971 2689; x_wconf 58' lang='lat'>¹</span> 
     </span>
    </p>
   </div>
   <div class='ocr_carea' id='block_1_16' title="bbox 130 2734 941 2828">
    <p class='ocr_par' dir='ltr' id='par_1_18' title="bbox 130 2734 941 2828">
     <span class='ocr_line' id='line_1_47' title="bbox 131 2734 941 2777; baseline -0.005 -10"><span class='ocrx_word' id='word_1_204' title='bbox 131 2746 199 2766; x_wconf 87' lang='lat' dir='ltr'>eum</span> <span class='ocrx_word' id='word_1_205' title='bbox 223 2736 304 2767; x_wconf 91' lang='lat' dir='ltr'>notis</span> <span class='ocrx_word' id='word_1_206' title='bbox 326 2736 528 2777; x_wconf 85' lang='lat' dir='ltr'>glossulisque</span> <span class='ocrx_word' id='word_1_207' title='bbox 544 2735 583 2765; x_wconf 79' lang='lat' dir='ltr'>ad</span> <span class='ocrx_word' id='word_1_208' title='bbox 607 2734 776 2775; x_wconf 80' lang='lat' dir='ltr'>marginem</span> <span class='ocrx_word' id='word_1_209' title='bbox 794 2744 941 2774; x_wconf 89' lang='lat' dir='ltr'>perquam</span> 
     </span>
     <span class='ocr_line' id='line_1_48' title="bbox 130 2787 288 2828; baseline -0.006 -10"><span class='ocrx_word' id='word_1_210' title='bbox 130 2787 288 2828; x_wconf 80' lang='lat' dir='ltr'>adpositis.</span> 
     </span>
    </p>
   </div>
   <div class='ocr_carea' id='block_1_17' title="bbox 1080 261 1871 507">
    <p class='ocr_par' dir='ltr' id='par_1_19' title="bbox 1080 261 1871 456">
     <span class='ocr_line' id='line_1_49' title="bbox 1105 261 1871 301; baseline 0 -11"><span class='ocrx_word' id='word_1_211' title='bbox 1105 261 1141 290; x_wconf 91' lang='lat' dir='ltr'>In</span> <span class='ocrx_word' id='word_1_212' title='bbox 1160 261 1307 301; x_wconf 86' lang='lat' dir='ltr'>principio</span> <span class='ocrx_word' id='word_1_213' title='bbox 1326 261 1448 298; x_wconf 75' lang='lat' dir='ltr'>codicis,</span> <span class='ocrx_word' id='word_1_214' title='bbox 1464 272 1554 291; x_wconf 50' lang='lat' dir='ltr'>*amau</span> <span class='ocrx_word' id='word_1_215' title='bbox 1575 261 1736 297; x_wconf 60' lang='lat' dir='ltr'>recentiori,</span> <span class='ocrx_word' id='word_1_216' title='bbox 1755 267 1771 275; x_wconf 79' lang='lat'>‘¹</span> <span class='ocrx_word' id='word_1_217' title='bbox 1786 261 1871 291; x_wconf 70' lang='lat' dir='ltr'>Arti-</span> 
     </span>
     <span class='ocr_line' id='line_1_50' title="bbox 1080 311 1870 354; baseline 0.001 -14"><span class='ocrx_word' id='word_1_218' title='bbox 1080 311 1136 341; x_wconf 85' lang='lat' dir='ltr'>culi</span> <span class='ocrx_word' id='word_1_219' title='bbox 1155 312 1259 342; x_wconf 72' lang='lat' dir='ltr'>(leceni</span> <span class='ocrx_word' id='word_1_220' title='bbox 1284 313 1408 342; x_wconf 79' lang='lat' dir='ltr'>Parisiis</span> <span class='ocrx_word' id='word_1_221' title='bbox 1432 313 1587 354; x_wconf 83' lang='lat' dir='ltr'>reprobati</span> <span class='ocrx_word' id='word_1_222' title='bbox 1612 312 1668 343; x_wconf 84' lang='lat' dir='ltr'>sub</span> <span class='ocrx_word' id='word_1_223' title='bbox 1689 312 1870 343; x_wconf 82' lang='lat' dir='ltr'>cancellario</span> 
     </span>
     <span class='ocr_line' id='line_1_51' title="bbox 1081 363 1869 403; baseline 0.001 -12"><span class='ocrx_word' id='word_1_224' title='bbox 1081 363 1228 403; x_wconf 81' lang='lat' dir='ltr'>magistro</span> <span class='ocrx_word' id='word_1_225' title='bbox 1262 363 1369 394; x_wconf 84' lang='lat' dir='ltr'>Odonc</span> <span class='ocrx_word' id='word_1_226' title='bbox 1402 365 1439 394; x_wconf 77' lang='lat' dir='ltr'>(lc</span> <span class='ocrx_word' id='word_1_227' title='bbox 1469 365 1579 395; x_wconf 73' lang='lat' dir='ltr'>Castro</span> <span class='ocrx_word' id='word_1_228' title='bbox 1617 363 1752 401; x_wconf 78' lang='lat' dir='ltr'>Radnlti,</span> <span class='ocrx_word' id='word_1_229' title='bbox 1789 375 1869 394; x_wconf 79' lang='lat' dir='ltr'>anno</span> 
     </span>
     <span class='ocr_line' id='line_1_52' title="bbox 1083 413 1808 456; baseline 0.006 -15"><span class='ocrx_word' id='word_1_230' title='bbox 1083 413 1206 443; x_wconf 88' lang='lat' dir='ltr'>Domini</span> <span class='ocrx_word' id='word_1_231' title='bbox 1224 422 1346 445; x_wconf 76' lang='lat' dir='ltr'>m.⁰cc.⁰</span> <span class='ocrx_word' id='word_1_232' title='bbox 1358 415 1412 445; x_wconf 80' lang='lat' dir='ltr'>xl.*&#39;</span> <span class='ocrx_word' id='word_1_233' title='bbox 1429 415 1458 445; x_wconf 91' lang='lat' dir='ltr'>in</span> <span class='ocrx_word' id='word_1_234' title='bbox 1475 415 1592 446; x_wconf 82' lang='lat' dir='ltr'>octavis</span> <span class='ocrx_word' id='word_1_235' title='bbox 1613 415 1808 456; x_wconf 55' lang='lat' dir='ltr'>lsspiplianief&#39;</span> 
     </span>
    </p>

    <p class='ocr_par' dir='ltr' id='par_1_20' title="bbox 1104 464 1809 507">
     <span class='ocr_line' id='line_1_53' title="bbox 1104 464 1809 507; baseline 0.003 -14"><span class='ocrx_word' id='word_1_236' title='bbox 1104 464 1138 493; x_wconf 94' lang='lat' dir='ltr'>ln</span> <span class='ocrx_word' id='word_1_237' title='bbox 1154 465 1246 498; x_wconf 76' lang='lat' dir='ltr'>calce,</span> <span class='ocrx_word' id='word_1_238' title='bbox 1264 465 1390 496; x_wconf 85' lang='lat' dir='ltr'>Summa</span> <span class='ocrx_word' id='word_1_239' title='bbox 1406 467 1443 496; x_wconf 84' lang='lat' dir='ltr'>de</span> <span class='ocrx_word' id='word_1_240' title='bbox 1459 472 1575 507; x_wconf 84' lang='lat' dir='ltr'>septem</span> <span class='ocrx_word' id='word_1_241' title='bbox 1594 466 1809 497; x_wconf 79' lang='lat' dir='ltr'>Sacramentis.</span> 
     </span>
    </p>
   </div>
   <div class='ocr_carea' id='block_1_18' title="bbox 1399 561 1476 594">
    <p class='ocr_par' dir='ltr' id='par_1_21' title="bbox 1399 561 1476 594">
     <span class='ocr_line' id='line_1_54' title="bbox 1399 561 1476 594; baseline -0.013 0"><span class='ocrx_word' id='word_1_242' title='bbox 1399 561 1476 594; x_wconf 65' lang='lat' dir='ltr'>CX.</span> 
     </span>
    </p>
   </div>
   <div class='ocr_carea' id='block_1_19' title="bbox 997 615 1869 878">
    <p class='ocr_par' dir='ltr' id='par_1_22' title="bbox 997 615 1869 766">
     <span class='ocr_line' id='line_1_55' title="bbox 997 615 1869 660; baseline 0.007 -12"><span class='ocrx_word' id='word_1_243' title='bbox 997 615 1116 649; x_wconf 78' lang='lat' dir='ltr'>Codex</span> <span class='ocrx_word' id='word_1_244' title='bbox 1139 618 1430 658; x_wconf 70' lang='lat' dir='ltr'>melllbranaceuS,</span> <span class='ocrx_word' id='word_1_245' title='bbox 1458 620 1491 652; x_wconf 89' lang='lat' dir='ltr'>in</span> <span class='ocrx_word' id='word_1_246' title='bbox 1520 620 1612 660; x_wconf 78' lang='lat' dir='ltr'>folio,</span> <span class='ocrx_word' id='word_1_247' title='bbox 1636 621 1667 653; x_wconf 82' lang='lat' dir='ltr'>ff.</span> <span class='ocrx_word' id='word_1_248' title='bbox 1696 623 1777 660; x_wconf 71' lang='lat'>201,</span> <span class='ocrx_word' id='word_1_249' title='bbox 1804 634 1869 654; x_wconf 80' lang='lat' dir='ltr'>sec.</span> 
     </span>
     <span class='ocr_line' id='line_1_56' title="bbox 1022 674 1869 714; baseline 0.007 -8"><span class='ocrx_word' id='word_1_250' title='bbox 1022 674 1088 707; x_wconf 83' lang='lat' dir='ltr'>xiv.</span> <span class='ocrx_word' id='word_1_251' title='bbox 1105 675 1272 714; x_wconf 83' lang='lat' dir='ltr'>ineuntis;</span> <span class='ocrx_word' id='word_1_252' title='bbox 1292 676 1380 709; x_wconf 87' lang='lat' dir='ltr'>binis</span> <span class='ocrx_word' id='word_1_253' title='bbox 1398 677 1566 710; x_wconf 78' lang='lat' dir='ltr'>columnis</span> <span class='ocrx_word' id='word_1_254' title='bbox 1580 678 1670 712; x_wconf 86' lang='lat' dir='ltr'>haud</span> <span class='ocrx_word' id='word_1_255' title='bbox 1687 690 1753 712; x_wconf 85' lang='lat' dir='ltr'>una</span> <span class='ocrx_word' id='word_1_256' title='bbox 1766 691 1869 712; x_wconf 84' lang='lat' dir='ltr'>mann</span> 
     </span>
     <span class='ocr_line' id='line_1_57' title="bbox 1021 738 1190 766; baseline 0.006 -1"><span class='ocrx_word' id='word_1_257' title='bbox 1021 738 1190 766; x_wconf 67' lang='lat' dir='ltr'>exaratus</span> 
     </span>
    </p>

    <p class='ocr_par' dir='ltr' id='par_1_23' title="bbox 1040 791 1869 878">
     <span class='ocr_line' id='line_1_58' title="bbox 1040 791 1869 837; baseline 0.006 -16"><span class='ocrx_word' id='word_1_258' title='bbox 1040 791 1182 833; x_wconf 82' lang='lat' dir='ltr'>Gregorii</span> <span class='ocrx_word' id='word_1_259' title='bbox 1207 794 1420 830; x_wconf 81' lang='lat' dir='ltr'>Ariminensis,</span> <span class='ocrx_word' id='word_1_260' title='bbox 1441 795 1502 825; x_wconf 87' lang='lat' dir='ltr'>sive</span> <span class='ocrx_word' id='word_1_261' title='bbox 1523 796 1560 825; x_wconf 84' lang='lat' dir='ltr'>‹lc</span> <span class='ocrx_word' id='word_1_262' title='bbox 1582 796 1734 832; x_wconf 76' lang='lat' dir='ltr'>Arimino,</span> <span class='ocrx_word' id='word_1_263' title='bbox 1758 796 1787 825; x_wconf 93' lang='lat' dir='ltr'>in</span> <span class='ocrx_word' id='word_1_264' title='bbox 1809 798 1869 837; x_wconf 92' lang='lat' dir='ltr'>pri-</span> 
     </span>
     <span class='ocr_line' id='line_1_59' title="bbox 1061 844 1751 878; baseline 0.007 -6"><span class='ocrx_word' id='word_1_265' title='bbox 1061 854 1143 873; x_wconf 91' lang='lat' dir='ltr'>mum</span> <span class='ocrx_word' id='word_1_266' title='bbox 1158 844 1268 874; x_wconf 89' lang='lat' dir='ltr'>librum</span> <span class='ocrx_word' id='word_1_267' title='bbox 1285 845 1514 876; x_wconf 80' lang='lat' dir='ltr'>Sententiarum</span> <span class='ocrx_word' id='word_1_268' title='bbox 1531 847 1751 878; x_wconf 83' lang='lat' dir='ltr'>commentarii.</span> 
     </span>
    </p>
   </div>
   <div class='ocr_carea' id='block_1_20' title="bbox 1080 895 1873 1501">
    <p class='ocr_par' dir='ltr' id='par_1_24' title="bbox 1082 895 1871 988">
     <span class='ocr_line' id='line_1_60' title="bbox 1104 895 1871 937; baseline 0.005 -12"><span class='ocrx_word' id='word_1_269' title='bbox 1104 895 1240 927; x_wconf 82' lang='lat' dir='ltr'>Exstant</span> <span class='ocrx_word' id='word_1_270' title='bbox 1265 897 1375 937; x_wconf 60' lang='lat' dir='ltr'>saepius</span> <span class='ocrx_word' id='word_1_271' title='bbox 1398 897 1471 927; x_wconf 83' lang='lat' dir='ltr'>editi</span> <span class='ocrx_word' id='word_1_272' title='bbox 1498 897 1632 930; x_wconf 80' lang='lat' dir='ltr'>Parisiis.</span> <span class='ocrx_word' id='word_1_273' title='bbox 1654 898 1796 929; x_wconf 74' lang='lat' dir='ltr'>Venetiis</span> <span class='ocrx_word' id='word_1_274' title='bbox 1819 900 1871 929; x_wconf 90' lang='lat' dir='ltr'>ali-</span> 
     </span>
     <span class='ocr_line' id='line_1_61' title="bbox 1082 947 1183 988; baseline 0 -11"><span class='ocrx_word' id='word_1_275' title='bbox 1082 947 1183 988; x_wconf 82' lang='lat' dir='ltr'>bique.</span> 
     </span>
    </p>

    <p class='ocr_par' dir='ltr' id='par_1_25' title="bbox 1081 998 1871 1193">
     <span class='ocr_line' id='line_1_62' title="bbox 1106 998 1870 1041; baseline 0.003 -13"><span class='ocrx_word' id='word_1_276' title='bbox 1106 999 1143 1028; x_wconf 86' lang='lat' dir='ltr'>In</span> <span class='ocrx_word' id='word_1_277' title='bbox 1167 998 1258 1033; x_wconf 86' lang='lat' dir='ltr'>calce,</span> <span class='ocrx_word' id='word_1_278' title='bbox 1289 1005 1306 1013; x_wconf 90' lang='grc'>“’</span> <span class='ocrx_word' id='word_1_279' title='bbox 1322 998 1457 1040; x_wconf 81' lang='lat' dir='ltr'>Explicit</span> <span class='ocrx_word' id='word_1_280' title='bbox 1483 999 1601 1029; x_wconf 86' lang='lat' dir='ltr'>lectura</span> <span class='ocrx_word' id='word_1_281' title='bbox 1626 1011 1717 1040; x_wconf 80' lang='lat' dir='ltr'>super</span> <span class='ocrx_word' id='word_1_282' title='bbox 1741 1001 1870 1041; x_wconf 84' lang='lat' dir='ltr'>primum</span> 
     </span>
     <span class='ocr_line' id='line_1_63' title="bbox 1083 1050 1871 1091; baseline 0.003 -11"><span class='ocrx_word' id='word_1_283' title='bbox 1083 1050 1314 1081; x_wconf 86' lang='lat' dir='ltr'>Sententiarum</span> <span class='ocrx_word' id='word_1_284' title='bbox 1337 1051 1422 1081; x_wconf 86' lang='lat' dir='ltr'>edita</span> <span class='ocrx_word' id='word_1_285' title='bbox 1444 1062 1462 1080; x_wconf 89' lang='lat' dir='ltr'>a</span> <span class='ocrx_word' id='word_1_286' title='bbox 1486 1050 1637 1091; x_wconf 83' lang='lat' dir='ltr'>Gregorio</span> <span class='ocrx_word' id='word_1_287' title='bbox 1661 1052 1698 1081; x_wconf 81' lang='lat' dir='ltr'>(le</span> <span class='ocrx_word' id='word_1_288' title='bbox 1722 1052 1871 1089; x_wconf 78' lang='lat' dir='ltr'>Arimino,</span> 
     </span>
     <span class='ocr_line' id='line_1_64' title="bbox 1083 1102 1871 1132; baseline 0.001 -1"><span class='ocrx_word' id='word_1_289' title='bbox 1083 1102 1198 1131; x_wconf 80' lang='lat' dir='ltr'>ordinis</span> <span class='ocrx_word' id='word_1_290' title='bbox 1235 1102 1366 1132; x_wconf 83' lang='lat' dir='ltr'>fratrum</span> <span class='ocrx_word' id='word_1_291' title='bbox 1409 1102 1627 1132; x_wconf 85' lang='lat' dir='ltr'>heremitarum</span> <span class='ocrx_word' id='word_1_292' title='bbox 1667 1102 1771 1132; x_wconf 78' lang='lat' dir='ltr'>Sancti</span> <span class='ocrx_word' id='word_1_293' title='bbox 1809 1103 1871 1132; x_wconf 69' lang='lat' dir='ltr'>An-</span> 
     </span>
     <span class='ocr_line' id='line_1_65' title="bbox 1081 1151 1871 1193; baseline 0.003 -12"><span class='ocrx_word' id='word_1_294' title='bbox 1081 1151 1206 1192; x_wconf 87' lang='lat' dir='ltr'>gustini,</span> <span class='ocrx_word' id='word_1_295' title='bbox 1222 1152 1273 1192; x_wconf 89' lang='lat' dir='ltr'>qui</span> <span class='ocrx_word' id='word_1_296' title='bbox 1289 1152 1363 1193; x_wconf 86' lang='lat' dir='ltr'>legit</span> <span class='ocrx_word' id='word_1_297' title='bbox 1378 1152 1515 1182; x_wconf 84' lang='lat' dir='ltr'>Parisius</span> <span class='ocrx_word' id='word_1_298' title='bbox 1530 1163 1610 1182; x_wconf 86' lang='lat' dir='ltr'>anno</span> <span class='ocrx_word' id='word_1_299' title='bbox 1628 1152 1750 1182; x_wconf 89' lang='lat' dir='ltr'>Domini</span> <span class='ocrx_word' id='word_1_300' title='bbox 1768 1154 1871 1192; x_wconf 56' lang='lat'>[344⁰</span> 
     </span>
    </p>

    <p class='ocr_par' dir='ltr' id='par_1_26' title="bbox 1080 1202 1872 1398">
     <span class='ocr_line' id='line_1_66' title="bbox 1104 1202 1870 1244; baseline 0.001 -11"><span class='ocrx_word' id='word_1_301' title='bbox 1104 1202 1250 1243; x_wconf 78' lang='lat' dir='ltr'>Sequitur</span> <span class='ocrx_word' id='word_1_302' title='bbox 1271 1203 1377 1233; x_wconf 80' lang='lat' dir='ltr'>tabula</span> <span class='ocrx_word' id='word_1_303' title='bbox 1397 1203 1498 1244; x_wconf 89' lang='lat' dir='ltr'>operis</span> <span class='ocrx_word' id='word_1_304' title='bbox 1514 1203 1691 1244; x_wconf 80' lang='lat' dir='ltr'>supradicti,</span> <span class='ocrx_word' id='word_1_305' title='bbox 1710 1209 1739 1234; x_wconf 82' lang='lat' dir='ltr'>et</span> <span class='ocrx_word' id='word_1_306' title='bbox 1757 1204 1786 1233; x_wconf 91' lang='lat' dir='ltr'>in</span> <span class='ocrx_word' id='word_1_307' title='bbox 1803 1204 1870 1237; x_wconf 83' lang='lat' dir='ltr'>fine,</span> 
     </span>
     <span class='ocr_line' id='line_1_67' title="bbox 1084 1254 1871 1296; baseline 0.001 -12"><span class='ocrx_word' id='word_1_308' title='bbox 1084 1261 1101 1269; x_wconf 82' lang='lat'>‘¹</span> <span class='ocrx_word' id='word_1_309' title='bbox 1115 1254 1251 1295; x_wconf 84' lang='lat' dir='ltr'>Explicit</span> <span class='ocrx_word' id='word_1_310' title='bbox 1263 1254 1370 1285; x_wconf 85' lang='lat' dir='ltr'>tabula</span> <span class='ocrx_word' id='word_1_311' title='bbox 1385 1266 1476 1296; x_wconf 83' lang='lat' dir='ltr'>super</span> <span class='ocrx_word' id='word_1_312' title='bbox 1492 1255 1623 1296; x_wconf 90' lang='lat' dir='ltr'>primum</span> <span class='ocrx_word' id='word_1_313' title='bbox 1641 1255 1871 1286; x_wconf 81' lang='lat' dir='ltr'>Scutenciaruni</span> 
     </span>
     <span class='ocr_line' id='line_1_68' title="bbox 1082 1306 1872 1347; baseline 0 -11"><span class='ocrx_word' id='word_1_314' title='bbox 1082 1306 1222 1347; x_wconf 82' lang='lat' dir='ltr'>magistri</span> <span class='ocrx_word' id='word_1_315' title='bbox 1254 1306 1397 1347; x_wconf 84' lang='lat' dir='ltr'>Gregorii</span> <span class='ocrx_word' id='word_1_316' title='bbox 1431 1307 1469 1337; x_wconf 86' lang='lat' dir='ltr'>de</span> <span class='ocrx_word' id='word_1_317' title='bbox 1504 1307 1647 1337; x_wconf 81' lang='lat' dir='ltr'>Arimino</span> <span class='ocrx_word' id='word_1_318' title='bbox 1676 1307 1781 1337; x_wconf 81' lang='lat' dir='ltr'>fratris</span> <span class='ocrx_word' id='word_1_319' title='bbox 1810 1308 1872 1337; x_wconf 79' lang='lat' dir='ltr'>Au-</span> 
     </span>
     <span class='ocr_line' id='line_1_69' title="bbox 1080 1357 1225 1398; baseline 0.007 -11"><span class='ocrx_word' id='word_1_320' title='bbox 1080 1357 1225 1398; x_wconf 71' lang='lat' dir='ltr'>gustini.”</span> 
     </span>
    </p>

    <p class='ocr_par' dir='ltr' id='par_1_27' title="bbox 1082 1409 1873 1501">
     <span class='ocr_line' id='line_1_70' title="bbox 1106 1409 1873 1444; baseline -0.001 -5"><span class='ocrx_word' id='word_1_321' title='bbox 1106 1409 1230 1444; x_wconf 79' lang='lat' dir='ltr'>Postea,</span> <span class='ocrx_word' id='word_1_322' title='bbox 1264 1419 1351 1439; x_wconf 72' lang='lat' dir='ltr'>manu</span> <span class='ocrx_word' id='word_1_323' title='bbox 1384 1409 1543 1442; x_wconf 67' lang='lat' dir='ltr'>recentiori,</span> <span class='ocrx_word' id='word_1_324' title='bbox 1575 1409 1693 1439; x_wconf 64' lang='lat' dir='ltr'>notitia*</span> <span class='ocrx_word' id='word_1_325' title='bbox 1730 1409 1797 1439; x_wconf 68' lang='lat' dir='ltr'>duze</span> <span class='ocrx_word' id='word_1_326' title='bbox 1831 1421 1873 1439; x_wconf 68' lang='lat' dir='ltr'>se-</span> 
     </span>
     <span class='ocr_line' id='line_1_71' title="bbox 1082 1465 1220 1501; baseline 0.014 -13"><span class='ocrx_word' id='word_1_327' title='bbox 1082 1465 1220 1501; x_wconf 75' lang='lat' dir='ltr'>quentes,</span> 
     </span>
    </p>
   </div>
   <div class='ocr_carea' id='block_1_21' title="bbox 1038 1511 1873 1542">
    <p class='ocr_par' dir='ltr' id='par_1_28' title="bbox 1038 1511 1873 1542">
     <span class='ocr_line' id='line_1_72' title="bbox 1038 1511 1873 1542; baseline 0 0"><span class='ocrx_word' id='word_1_328' title='bbox 1038 1523 1065 1542; x_wconf 85' lang='lat' dir='ltr'>a.</span> <span class='ocrx_word' id='word_1_329' title='bbox 1084 1518 1101 1526; x_wconf 78' lang='lat'>¹¹</span> <span class='ocrx_word' id='word_1_330' title='bbox 1119 1512 1211 1542; x_wconf 90' lang='lat' dir='ltr'>Liber</span> <span class='ocrx_word' id='word_1_331' title='bbox 1233 1511 1362 1542; x_wconf 80' lang='lat' dir='ltr'>collatus</span> <span class='ocrx_word' id='word_1_332' title='bbox 1388 1512 1432 1541; x_wconf 88' lang='lat' dir='ltr'>M.</span> <span class='ocrx_word' id='word_1_333' title='bbox 1445 1511 1580 1541; x_wconf 82' lang='lat' dir='ltr'>Jolianni</span> <span class='ocrx_word' id='word_1_334' title='bbox 1603 1511 1695 1541; x_wconf 78' lang='lat' dir='ltr'>Clerk</span> <span class='ocrx_word' id='word_1_335' title='bbox 1715 1512 1753 1542; x_wconf 87' lang='lat' dir='ltr'>ad</span> <span class='ocrx_word' id='word_1_336' title='bbox 1771 1513 1873 1542; x_wconf 83' lang='lat' dir='ltr'>termi—</span> 
     </span>
    </p>
   </div>
   <div class='ocr_carea' id='block_1_22' title="bbox 1086 1563 1874 2466">
    <p class='ocr_par' dir='ltr' id='par_1_29' title="bbox 1101 1563 1874 2064">
     <span class='ocr_line' id='line_1_73' title="bbox 1102 1563 1874 1604; baseline 0.001 -12"><span class='ocrx_word' id='word_1_337' title='bbox 1102 1574 1173 1592; x_wconf 91' lang='lat' dir='ltr'>num</span> <span class='ocrx_word' id='word_1_338' title='bbox 1191 1563 1251 1593; x_wconf 79' lang='lat' dir='ltr'>vite</span> <span class='ocrx_word' id='word_1_339' title='bbox 1274 1563 1298 1592; x_wconf 90' lang='lat' dir='ltr'>si</span> <span class='ocrx_word' id='word_1_340' title='bbox 1315 1563 1445 1593; x_wconf 88' lang='lat' dir='ltr'>voluerit</span> <span class='ocrx_word' id='word_1_341' title='bbox 1466 1563 1505 1593; x_wconf 85' lang='lat' dir='ltr'>ad</span> <span class='ocrx_word' id='word_1_342' title='bbox 1528 1563 1678 1592; x_wconf 80' lang='lat' dir='ltr'>orandum</span> <span class='ocrx_word' id='word_1_343' title='bbox 1701 1574 1756 1604; x_wconf 85' lang='lat' dir='ltr'>pro</span> <span class='ocrx_word' id='word_1_344' title='bbox 1771 1563 1874 1593; x_wconf 84' lang='lat' dir='ltr'>anima</span> 
     </span>
     <span class='ocr_line' id='line_1_74' title="bbox 1104 1613 1873 1654; baseline 0 -11"><span class='ocrx_word' id='word_1_345' title='bbox 1104 1613 1147 1643; x_wconf 87' lang='lat' dir='ltr'>M.</span> <span class='ocrx_word' id='word_1_346' title='bbox 1160 1613 1275 1643; x_wconf 87' lang='lat' dir='ltr'>Thome</span> <span class='ocrx_word' id='word_1_347' title='bbox 1298 1613 1398 1654; x_wconf 84' lang='lat' dir='ltr'>Leynt</span> <span class='ocrx_word' id='word_1_348' title='bbox 1414 1613 1566 1653; x_wconf 55' lang='lat' dir='ltr'>IVardyni</span> <span class='ocrx_word' id='word_1_349' title='bbox 1589 1618 1620 1643; x_wconf 89' lang='lat' dir='ltr'>et</span> <span class='ocrx_word' id='word_1_350' title='bbox 1641 1624 1696 1654; x_wconf 86' lang='lat' dir='ltr'>pro</span> <span class='ocrx_word' id='word_1_351' title='bbox 1712 1613 1873 1643; x_wconf 80' lang='lat' dir='ltr'>animabus</span> 
     </span>
     <span class='ocr_line' id='line_1_75' title="bbox 1102 1664 1872 1705; baseline -0.001 -10"><span class='ocrx_word' id='word_1_352' title='bbox 1102 1671 1264 1705; x_wconf 87' lang='lat' dir='ltr'>parentum</span> <span class='ocrx_word' id='word_1_353' title='bbox 1281 1675 1404 1694; x_wconf 81' lang='lat' dir='ltr'>suorum</span> <span class='ocrx_word' id='word_1_354' title='bbox 1418 1669 1449 1694; x_wconf 86' lang='lat' dir='ltr'>et</span> <span class='ocrx_word' id='word_1_355' title='bbox 1466 1664 1580 1694; x_wconf 80' lang='lat' dir='ltr'>‹lomini</span> <span class='ocrx_word' id='word_1_356' title='bbox 1596 1664 1723 1694; x_wconf 79' lang='lat' dir='ltr'>Roberti</span> <span class='ocrx_word' id='word_1_357' title='bbox 1740 1664 1872 1705; x_wconf 83' lang='lat' dir='ltr'>episcopi</span> 
     </span>
     <span class='ocr_line' id='line_1_76' title="bbox 1101 1715 1872 1756; baseline 0 -11"><span class='ocrx_word' id='word_1_358' title='bbox 1101 1720 1131 1746; x_wconf 85' lang='lat' dir='ltr'>ct</span> <span class='ocrx_word' id='word_1_359' title='bbox 1153 1727 1208 1756; x_wconf 86' lang='lat' dir='ltr'>pro</span> <span class='ocrx_word' id='word_1_360' title='bbox 1226 1716 1336 1756; x_wconf 86' lang='lat' dir='ltr'>quibus</span> <span class='ocrx_word' id='word_1_361' title='bbox 1352 1715 1508 1756; x_wconf 86' lang='lat' dir='ltr'>obligatur</span> <span class='ocrx_word' id='word_1_362' title='bbox 1530 1716 1609 1745; x_wconf 82' lang='lat' dir='ltr'>idem</span> <span class='ocrx_word' id='word_1_363' title='bbox 1628 1716 1674 1745; x_wconf 82' lang='lat' dir='ltr'>M.</span> <span class='ocrx_word' id='word_1_364' title='bbox 1692 1715 1824 1745; x_wconf 82' lang='lat' dir='ltr'>Thomas</span> <span class='ocrx_word' id='word_1_365' title='bbox 1841 1723 1872 1745; x_wconf 83' lang='lat' dir='ltr'>ct</span> 
     </span>
     <span class='ocr_line' id='line_1_77' title="bbox 1102 1767 1872 1808; baseline 0.004 -14"><span class='ocrx_word' id='word_1_366' title='bbox 1102 1778 1157 1807; x_wconf 84' lang='lat' dir='ltr'>pro</span> <span class='ocrx_word' id='word_1_367' title='bbox 1179 1767 1319 1797; x_wconf 87' lang='lat' dir='ltr'>omnibus</span> <span class='ocrx_word' id='word_1_368' title='bbox 1340 1767 1479 1797; x_wconf 84' lang='lat' dir='ltr'>fidelibus</span> <span class='ocrx_word' id='word_1_369' title='bbox 1502 1767 1665 1803; x_wconf 82' lang='lat' dir='ltr'>defunctis,</span> <span class='ocrx_word' id='word_1_370' title='bbox 1682 1773 1712 1797; x_wconf 87' lang='lat' dir='ltr'>et</span> <span class='ocrx_word' id='word_1_371' title='bbox 1732 1774 1802 1808; x_wconf 84' lang='lat' dir='ltr'>post</span> <span class='ocrx_word' id='word_1_372' title='bbox 1822 1767 1872 1797; x_wconf 83' lang='lat' dir='ltr'>de-</span> 
     </span>
     <span class='ocr_line' id='line_1_78' title="bbox 1101 1819 1871 1860; baseline -0.003 -11"><span class='ocrx_word' id='word_1_373' title='bbox 1101 1830 1219 1849; x_wconf 77' lang='lat' dir='ltr'>cessum</span> <span class='ocrx_word' id='word_1_374' title='bbox 1243 1819 1394 1859; x_wconf 80' lang='lat' dir='ltr'>relinquet</span> <span class='ocrx_word' id='word_1_375' title='bbox 1415 1819 1479 1860; x_wconf 86' lang='lat' dir='ltr'>ipse</span> <span class='ocrx_word' id='word_1_376' title='bbox 1504 1819 1547 1848; x_wconf 82' lang='lat' dir='ltr'>M.</span> <span class='ocrx_word' id='word_1_377' title='bbox 1566 1819 1598 1848; x_wconf 78' lang='lat' dir='ltr'>J.</span> <span class='ocrx_word' id='word_1_378' title='bbox 1616 1819 1745 1849; x_wconf 83' lang='lat' dir='ltr'>eundem</span> <span class='ocrx_word' id='word_1_379' title='bbox 1762 1819 1871 1848; x_wconf 87' lang='lat' dir='ltr'>librum</span> 
     </span>
     <span class='ocr_line' id='line_1_79' title="bbox 1102 1869 1870 1901; baseline -0.003 -1"><span class='ocrx_word' id='word_1_380' title='bbox 1102 1871 1190 1901; x_wconf 83' lang='lat' dir='ltr'>alteri</span> <span class='ocrx_word' id='word_1_381' title='bbox 1221 1870 1374 1900; x_wconf 77' lang='lat' dir='ltr'>sacerdoti</span> <span class='ocrx_word' id='word_1_382' title='bbox 1402 1870 1563 1900; x_wconf 82' lang='lat' dir='ltr'>materiam</span> <span class='ocrx_word' id='word_1_383' title='bbox 1591 1869 1783 1900; x_wconf 78' lang='lat' dir='ltr'>scolasticam</span> <span class='ocrx_word' id='word_1_384' title='bbox 1808 1880 1870 1899; x_wconf 87' lang='lat' dir='ltr'>am-</span> 
     </span>
     <span class='ocr_line' id='line_1_80' title="bbox 1102 1921 1872 1962; baseline -0.004 -10"><span class='ocrx_word' id='word_1_385' title='bbox 1102 1922 1247 1962; x_wconf 84' lang='lat' dir='ltr'>plectenti</span> <span class='ocrx_word' id='word_1_386' title='bbox 1279 1925 1310 1951; x_wconf 90' lang='lat' dir='ltr'>et</span> <span class='ocrx_word' id='word_1_387' title='bbox 1342 1921 1406 1962; x_wconf 87' lang='lat' dir='ltr'>ipse</span> <span class='ocrx_word' id='word_1_388' title='bbox 1437 1921 1538 1957; x_wconf 87' lang='lat' dir='ltr'>alteri,</span> <span class='ocrx_word' id='word_1_389' title='bbox 1569 1926 1599 1951; x_wconf 85' lang='lat' dir='ltr'>et</span> <span class='ocrx_word' id='word_1_390' title='bbox 1630 1921 1674 1951; x_wconf 78' lang='lat' dir='ltr'>ita</span> <span class='ocrx_word' id='word_1_391' title='bbox 1704 1921 1872 1951; x_wconf 76' lang='lat' dir='ltr'>successive</span> 
     </span>
     <span class='ocr_line' id='line_1_81' title="bbox 1102 1972 1870 2013; baseline -0.001 -11"><span class='ocrx_word' id='word_1_392' title='bbox 1102 1973 1242 2002; x_wconf 83' lang='lat' dir='ltr'>omnibus</span> <span class='ocrx_word' id='word_1_393' title='bbox 1259 1972 1444 2013; x_wconf 83' lang='lat' dir='ltr'>possessuris</span> <span class='ocrx_word' id='word_1_394' title='bbox 1457 1972 1587 2002; x_wconf 86' lang='lat' dir='ltr'>eundem</span> <span class='ocrx_word' id='word_1_395' title='bbox 1605 1972 1714 2002; x_wconf 89' lang='lat' dir='ltr'>librum</span> <span class='ocrx_word' id='word_1_396' title='bbox 1731 1983 1826 2012; x_wconf 82' lang='lat' dir='ltr'>usque</span> <span class='ocrx_word' id='word_1_397' title='bbox 1842 1972 1870 2001; x_wconf 92' lang='lat' dir='ltr'>in</span> 
     </span>
     <span class='ocr_line' id='line_1_82' title="bbox 1104 2023 1355 2064; baseline -0.004 -11"><span class='ocrx_word' id='word_1_398' title='bbox 1104 2023 1355 2064; x_wconf 72' lang='lat' dir='ltr'>sempiternum.”</span> 
     </span>
    </p>

    <p class='ocr_par' dir='ltr' id='par_1_30' title="bbox 1086 2077 1870 2222">
     <span class='ocr_line' id='line_1_83' title="bbox 1086 2077 1870 2119; baseline -0.003 -11"><span class='ocrx_word' id='word_1_399' title='bbox 1086 2084 1103 2093; x_wconf 80' lang='lat'>‘¹</span> <span class='ocrx_word' id='word_1_400' title='bbox 1117 2078 1209 2108; x_wconf 88' lang='lat' dir='ltr'>Hunc</span> <span class='ocrx_word' id='word_1_401' title='bbox 1246 2078 1357 2109; x_wconf 89' lang='lat' dir='ltr'>librum</span> <span class='ocrx_word' id='word_1_402' title='bbox 1395 2078 1525 2108; x_wconf 89' lang='lat' dir='ltr'>contulit</span> <span class='ocrx_word' id='word_1_403' title='bbox 1562 2078 1719 2119; x_wconf 82' lang='lat' dir='ltr'>predictus</span> <span class='ocrx_word' id='word_1_404' title='bbox 1758 2078 1801 2108; x_wconf 83' lang='lat' dir='ltr'>M.</span> <span class='ocrx_word' id='word_1_405' title='bbox 1815 2077 1870 2107; x_wconf 73' lang='grc' dir='ltr'>,Ιο-</span> 
     </span>
     <span class='ocr_line' id='line_1_84' title="bbox 1102 2129 1870 2171; baseline -0.001 -12"><span class='ocrx_word' id='word_1_406' title='bbox 1102 2130 1218 2160; x_wconf 84' lang='lat' dir='ltr'>hannes</span> <span class='ocrx_word' id='word_1_407' title='bbox 1244 2129 1335 2160; x_wconf 84' lang='lat' dir='ltr'>Clerk</span> <span class='ocrx_word' id='word_1_408' title='bbox 1366 2129 1412 2159; x_wconf 90' lang='lat' dir='ltr'>M.</span> <span class='ocrx_word' id='word_1_409' title='bbox 1432 2129 1569 2160; x_wconf 86' lang='lat' dir='ltr'>Johanni</span> <span class='ocrx_word' id='word_1_410' title='bbox 1600 2130 1692 2171; x_wconf 62' lang='lat' dir='ltr'>Suar)</span> <span class='ocrx_word' id='word_1_411' title='bbox 1702 2135 1789 2160; x_wconf 86' lang='lat' dir='ltr'>stone</span> <span class='ocrx_word' id='word_1_412' title='bbox 1815 2130 1870 2159; x_wconf 87' lang='lat' dir='ltr'>sub</span> 
     </span>
     <span class='ocr_line' id='line_1_85' title="bbox 1101 2181 1688 2222; baseline 0 -11"><span class='ocrx_word' id='word_1_413' title='bbox 1101 2181 1330 2211; x_wconf 82' lang='lat' dir='ltr'>condicionibus</span> <span class='ocrx_word' id='word_1_414' title='bbox 1347 2181 1486 2222; x_wconf 85' lang='lat' dir='ltr'>superius</span> <span class='ocrx_word' id='word_1_415' title='bbox 1501 2181 1688 2212; x_wconf 72' lang='lat' dir='ltr'>aini‹›tatis.”</span> 
     </span>
    </p>

    <p class='ocr_par' dir='ltr' id='par_1_31' title="bbox 1145 2232 1634 2274">
     <span class='ocr_line' id='line_1_86' title="bbox 1145 2232 1634 2274; baseline -0.002 -11"><span class='ocrx_word' id='word_1_416' title='bbox 1145 2233 1324 2274; x_wconf 85' lang='lat' dir='ltr'>Sequuntur</span> <span class='ocrx_word' id='word_1_417' title='bbox 1342 2232 1454 2263; x_wconf 82' lang='lat' dir='ltr'>tabulae</span> <span class='ocrx_word' id='word_1_418' title='bbox 1472 2233 1540 2263; x_wconf 82' lang='lat' dir='ltr'>dnae</span> <span class='ocrx_word' id='word_1_419' title='bbox 1557 2232 1634 2262; x_wconf 61' lang='lat' dir='ltr'>alim.</span> 
     </span>
    </p>

    <p class='ocr_par' dir='ltr' id='par_1_32' title="bbox 1122 2282 1869 2466">
     <span class='ocr_line' id='line_1_87' title="bbox 1145 2282 1869 2324; baseline -0.004 -10"><span class='ocrx_word' id='word_1_420' title='bbox 1145 2284 1281 2314; x_wconf 88' lang='lat' dir='ltr'>Inseruit</span> <span class='ocrx_word' id='word_1_421' title='bbox 1306 2284 1497 2324; x_wconf 83' lang='lat' dir='ltr'>bibliopegus</span> <span class='ocrx_word' id='word_1_422' title='bbox 1521 2284 1549 2313; x_wconf 90' lang='lat' dir='ltr'>in</span> <span class='ocrx_word' id='word_1_423' title='bbox 1575 2283 1660 2313; x_wconf 83' lang='lat' dir='ltr'>initio</span> <span class='ocrx_word' id='word_1_424' title='bbox 1685 2288 1716 2312; x_wconf 86' lang='lat' dir='ltr'>et</span> <span class='ocrx_word' id='word_1_425' title='bbox 1740 2282 1798 2312; x_wconf 79' lang='lat' dir='ltr'>fine</span> <span class='ocrx_word' id='word_1_426' title='bbox 1822 2294 1869 2312; x_wconf 83' lang='lat' dir='ltr'>eo-</span> 
     </span>
     <span class='ocr_line' id='line_1_88' title="bbox 1122 2333 1869 2375; baseline -0.004 -11"><span class='ocrx_word' id='word_1_427' title='bbox 1122 2334 1197 2365; x_wconf 81' lang='lat' dir='ltr'>(licis</span> <span class='ocrx_word' id='word_1_428' title='bbox 1228 2334 1422 2364; x_wconf 82' lang='lat' dir='ltr'>membranas</span> <span class='ocrx_word' id='word_1_429' title='bbox 1449 2339 1582 2375; x_wconf 82' lang='lat' dir='ltr'>quatuor</span> <span class='ocrx_word' id='word_1_430' title='bbox 1612 2333 1869 2363; x_wconf 81' lang='lat' dir='ltr'>introductionem</span> 
     </span>
     <span class='ocr_line' id='line_1_89' title="bbox 1122 2383 1869 2416; baseline -0.004 -1"><span class='ocrx_word' id='word_1_431' title='bbox 1122 2385 1150 2415; x_wconf 93' lang='lat' dir='ltr'>in</span> <span class='ocrx_word' id='word_1_432' title='bbox 1171 2385 1228 2415; x_wconf 86' lang='lat' dir='ltr'>Jus</span> <span class='ocrx_word' id='word_1_433' title='bbox 1250 2385 1344 2416; x_wconf 83' lang='lat' dir='ltr'>Civile</span> <span class='ocrx_word' id='word_1_434' title='bbox 1367 2396 1404 2415; x_wconf 81' lang='lat' dir='ltr'>ex</span> <span class='ocrx_word' id='word_1_435' title='bbox 1429 2385 1570 2415; x_wconf 82' lang='lat' dir='ltr'>Decretis</span> <span class='ocrx_word' id='word_1_436' title='bbox 1593 2383 1751 2414; x_wconf 83' lang='lat' dir='ltr'>collectam</span> <span class='ocrx_word' id='word_1_437' title='bbox 1774 2383 1869 2413; x_wconf 85' lang='lat' dir='ltr'>conti-</span> 
     </span>
     <span class='ocr_line' id='line_1_90' title="bbox 1122 2440 1239 2466; baseline 0 -1"><span class='ocrx_word' id='word_1_438' title='bbox 1122 2440 1239 2466; x_wconf 83' lang='lat' dir='ltr'>nentes.</span> 
     </span>
    </p>
   </div>
   <div class='ocr_carea' id='block_1_23' title="bbox 1387 2503 1483 2537">
    <p class='ocr_par' dir='ltr' id='par_1_33' title="bbox 1387 2503 1483 2537">
     <span class='ocr_line' id='line_1_91' title="bbox 1387 2503 1483 2537; baseline -0.031 0"><span class='ocrx_word' id='word_1_439' title='bbox 1387 2503 1483 2537; x_wconf 82' lang='lat' dir='ltr'>CXI.</span> 
     </span>
    </p>
   </div>
   <div class='ocr_carea' id='block_1_24' title="bbox 970 2564 1868 2816">
    <p class='ocr_par' dir='ltr' id='par_1_34' title="bbox 970 2564 1868 2664">
     <span class='ocr_line' id='line_1_92' title="bbox 996 2564 1868 2608; baseline -0.006 -8"><span class='ocrx_word' id='word_1_440' title='bbox 996 2567 1294 2603; x_wconf 81' lang='lat' dir='ltr'>Membranaceus,</span> <span class='ocrx_word' id='word_1_441' title='bbox 1320 2568 1353 2599; x_wconf 86' lang='lat' dir='ltr'>in</span> <span class='ocrx_word' id='word_1_442' title='bbox 1376 2565 1457 2598; x_wconf 87' lang='lat' dir='ltr'>folio</span> <span class='ocrx_word' id='word_1_443' title='bbox 1484 2565 1612 2608; x_wconf 82' lang='lat' dir='ltr'>majori.</span> <span class='ocrx_word' id='word_1_444' title='bbox 1636 2564 1667 2596; x_wconf 73' lang='lat' dir='ltr'>ff.</span> <span class='ocrx_word' id='word_1_445' title='bbox 1696 2565 1775 2597; x_wconf 65' lang='lat'>2⁶24.</span> <span class='ocrx_word' id='word_1_446' title='bbox 1803 2575 1868 2596; x_wconf 73' lang='lat' dir='ltr'>sec.</span> 
     </span>
     <span class='ocr_line' id='line_1_93' title="bbox 970 2625 1582 2664; baseline -0.011 -3"><span class='ocrx_word' id='word_1_447' title='bbox 970 2655 971 2661; x_wconf 68' lang='grc'>,</span> <span class='ocrx_word' id='word_1_448' title='bbox 1018 2626 1100 2664; x_wconf 67' lang='lat' dir='ltr'>xiv„</span> <span class='ocrx_word' id='word_1_449' title='bbox 1120 2626 1208 2659; x_wconf 84' lang='lat' dir='ltr'>binis</span> <span class='ocrx_word' id='word_1_450' title='bbox 1228 2625 1395 2658; x_wconf 85' lang='lat' dir='ltr'>columnis</span> <span class='ocrx_word' id='word_1_451' title='bbox 1413 2629 1582 2656; x_wconf 87' lang='lat' dir='ltr'>exaratus.</span> 
     </span>
    </p>

    <p class='ocr_par' dir='ltr' id='par_1_35' title="bbox 1036 2681 1867 2816">
     <span class='ocr_line' id='line_1_94' title="bbox 1036 2681 1867 2725; baseline -0.005 -11"><span class='ocrx_word' id='word_1_452' title='bbox 1036 2684 1156 2725; x_wconf 79' lang='lat' dir='ltr'>AEgidii</span> <span class='ocrx_word' id='word_1_453' title='bbox 1181 2684 1218 2714; x_wconf 77' lang='lat' dir='ltr'>sle</span> <span class='ocrx_word' id='word_1_454' title='bbox 1242 2683 1402 2718; x_wconf 79' lang='lat' dir='ltr'>Columna,</span> <span class='ocrx_word' id='word_1_455' title='bbox 1426 2682 1565 2717; x_wconf 63' lang='lat' dir='ltr'>Romani,</span> <span class='ocrx_word' id='word_1_456' title='bbox 1593 2681 1726 2722; x_wconf 80' lang='lat' dir='ltr'>episcopi</span> <span class='ocrx_word' id='word_1_457' title='bbox 1755 2681 1867 2710; x_wconf 87' lang='lat' dir='ltr'>Bituri-</span> 
     </span>
     <span class='ocr_line' id='line_1_95' title="bbox 1057 2732 1867 2773; baseline -0.006 -8"><span class='ocrx_word' id='word_1_458' title='bbox 1057 2735 1164 2769; x_wconf 61' lang='lat' dir='ltr'>censis‚</span> <span class='ocrx_word' id='word_1_459' title='bbox 1196 2734 1433 2765; x_wconf 86' lang='lat' dir='ltr'>commentarius</span> <span class='ocrx_word' id='word_1_460' title='bbox 1469 2744 1558 2773; x_wconf 83' lang='lat' dir='ltr'>super</span> <span class='ocrx_word' id='word_1_461' title='bbox 1592 2732 1702 2762; x_wconf 86' lang='lat' dir='ltr'>librum</span> <span class='ocrx_word' id='word_1_462' title='bbox 1737 2732 1867 2773; x_wconf 86' lang='lat' dir='ltr'>primum</span> 
     </span>
     <span class='ocr_line' id='line_1_96' title="bbox 1058 2786 1297 2816; baseline -0.008 0"><span class='ocrx_word' id='word_1_463' title='bbox 1058 2786 1297 2816; x_wconf 84' lang='lat' dir='ltr'>Sententiarum.</span> 
     </span>
    </p>
   </div>
  </div>
 </body>
</html>
