2254 3117
343 173 387 204 24

371 270 398 298 2.
416 268 578 298 Semnones
593 265 643 296 alii
659 265 697 295 de
712 264 799 295 festis
812 263 1008 300 Sanctorum,
1019 273 1147 294 numero
1163 274 1228 294 cxv.

439 320 578 359 [auctore
603 317 749 347 Johanne
774 315 898 351 Felton,
923 315 958 345 B.
981 314 1028 345 M.
1051 314 1228 356 Magdalen.

437 370 535 400 Oxon.
554 367 716 407 Viam-102]
743 365 794 396 fol.
811 375 879 404 141.

482 419 577 460 Incip.
595 419 614 448 i.
632 422 649 434 ‘⁵
667 417 781 448 Venite
801 419 872 458 post
888 427 954 452 me3
980 416 1017 446 In
1040 416 1140 447 verbis
1162 416 1230 447 istis

458 471 519 500 duo
534 473 606 500 sunt
622 468 874 499 conside1·anda.”

481 522 519 550 In
540 520 678 560 margine
699 519 849 560 superiori
870 522 1013 549 notatum
1036 522 1092 555 est,
1111 523 1118 535 ⁴
1138 518 1231 548 Liber

458 571 561 602 vicarii
579 571 702 602 Sanctae
719 570 832 607 Maric,
848 570 879 600 in
895 570 1006 600 Oxon.’

480 622 586 653 Desin.
603 622 658 653 ult.
675 626 694 639 ‘⁴
707 622 789 663 quod
812 621 988 662 preparavit
1005 620 1089 651 Deus
1104 621 1229 662 diligen·
1259 618 1261 624 ⁴

458 673 541 703 tibus
556 684 606 708 se;
631 672 705 702 illud
721 671 870 713 gaudium
885 671 1034 701 concedat
1046 670 1074 705 ;”
1097 675 1155 701 etc.

375 726 402 755 53.
420 724 519 754 Index
534 723 746 765 alphabeticus
761 727 793 753 et
808 722 942 763 locuples
954 722 993 752 ad
1007 722 1148 763 Gregorii
1163 721 1230 752 Mo-

440 776 549 806 ralium
565 775 659 806 libros
675 785 767 815 super
782 773 852 804 Job.
876 773 926 803 sol.
942 774 1011 803 218.

482 827 570 869 Incip
582 832 610 858 .“
620 826 823 862 Abstraccio;
843 825 922 856 Cum
934 825 1037 855 anima
1048 835 1067 855 a
1077 834 1168 854 carne
1179 823 1231 853 ab·
1260 820 1262 827 '

459 878 640 909 strahitu1·.”

484 930 522 960 In
545 929 638 965 calce,
664 932 681 945 “
706 928 842 969 Explicit
871 927 978 958 tabula
1004 938 1096 968 super
1122 926 1232 956 librum

461 980 661 1011 Moralium.”

717 1074 875 1109 LXVII.

357 1137 477 1170 Codex
504 1136 798 1175 membranaceus,
827 1138 860 1169 in
886 1136 978 1173 folio,
1006 1135 1040 1168 ff.
1062 1137 1141 1173 184,
1166 1146 1232 1168 sec.

382 1195 452 1228 xiii.
474 1194 644 1233 exeuntis,
671 1194 759 1227 binis
786 1194 954 1227 columnis
985 1193 1093 1226 nitido
1118 1204 1234 1225 exara-

382 1258 457 1292 tus;
484 1263 527 1285 ex
545 1251 660 1297 legato
680 1252 733 1284 M.
747 1251 916 1285 Joliannis
936 1250 1155 1296 Ingolnicles.

402 1315 561 1356 [Gulielmi
592 1316 716 1346 Pei-aldi
752 1315 980 1356 Lugdunensis,
1014 1316 1089 1346 Ord.
1113 1315 1231 1355 Proca]

420 1366 547 1397 Summa
563 1367 601 1397 (le
618 1367 793 1403 virtutibus,
815 1367 936 1408 praeviis
952 1366 1093 1408 capitulis
1108 1370 1139 1397 et
1155 1377 1233 1406 prze-

421 1418 547 1448 satione.

464 1468 561 1509 Incip.
579 1468 665 1508 praef.
683 1472 700 1485 “
718 1469 848 1499 Presens
871 1479 947 1509 opus
972 1468 1065 1498 habet
1086 1479 1114 1498 v.
1130 1471 1235 1508 partes

442 1519 665 1561 principales;”
687 1526 722 1550 ut
738 1520 770 1549 in
785 1520 858 1550 edit.
877 1520 975 1561 Lugd.
994 1529 1080 1559 ¹497-

463 1570 525 1601 Tit.
544 1581 592 1611 op.
609 1574 629 1587 ‘⁴
644 1570 750 1600 Prima
770 1582 842 1611 pars
867 1571 966 1612 operis
989 1571 1027 1600 (10
1051 1570 1182 1601 caritate
1204 1570 1235 1600 in

443 1621 596 1651 communi
606 1621 632 1658 3³*
656 1621 746 1662 incip.
764 1626 781 1638 ⁴⁴
795 1621 827 1651 Si
843 1622 1059 1662 separavesssf

467 1672 505 1701 In
520 1672 611 1708 calce,
629 1676 647 1688 “
662 1672 829 1703 Tractatus
851 1673 1000 1703 virtutum
1021 1672 1155 1714 explicit,
1179 1673 1235 1703 Be-

443 1722 583 1752 nedictus
616 1723 766 1753 Dominus
796 1723 955 1760 virtutum,
983 1724 1041 1762 Qui
1066 1724 1180 1764 incepit
1204 1727 1235 1754 et

442 1773 581 1814 perfecit,
595 1774 697 1804 Amen
709 1776 738 1810 ;”
761 1778 792 1805 et
806 1775 836 1804 iu
849 1775 986 1816 margine
998 1775 1145 1812 inferiori,
1160 1780 1177 1792 *‘
1189 1775 1235 1805 M.

443 1825 605 1856 Johannes
622 1826 807 1866 Ingolnieles
831 1826 943 1867 legavit
968 1827 1049 1857 hunc
1066 1827 1176 1857 librum
1194 1828 1237 1868 [et

443 1886 523 1906 mem.
538 1876 606 1917 sec]
628 1877 750 1907 domine
772 1877 863 1908 beate
880 1878 992 1915 Mario,
1010 1878 1131 1915 Oxon.;
1155 1889 1236 1919 pree.

445 1938 474 1956 x.
491 1927 534 1957 εἶ’

468 1977 505 2008 In
516 1977 566 2007 fol.
579 1978 696 2019 penult.
708 1990 795 2009 verso
808 1979 945 2019 legimus,
960 1985 976 1996 ⁸⁵
988 1979 1082 2010 Liber
1093 1981 1131 2011 (le
1144 1980 1238 2011 Oriell

446 2029 484 2059 de
499 2029 647 2059 electione
664 2029 710 2059 M.
723 2029 755 2060 J.
771 2030 979 2061 Bedniest1·e.”

364 2191 663 2230 Membranaceus,
691 2191 725 2224 in
754 2191 836 2225 folio
863 2193 992 2235 majori,
1020 2193 1148 2233 ffi433,
1173 2206 1239 2228 sec.

387 2261 454 2289 xv.,
473 2249 561 2283 binis
589 2249 758 2282 columnis
785 2254 963 2289 exaratus3
993 2251 1073 2285 olim
1102 2251 1240 2285 Ricardi

388 2307 431 2340 de
451 2306 710 2351 Kylvyngtone.

407 2367 563 2408 Anonymi
572 2368 730 2408 cujusdam
741 2367 847 2397 fratris
858 2367 977 2398 Itoni.
991 2368 1153 2399 l'raedicat.
1166 2370 1242 2400 liber

427 2419 465 2449 de
490 2418 616 2449 diversis
641 2419 779 2449 materiis
803 2419 1062 2459 praedicabilibus‚
1092 2421 1242 2451 ordinatis

427 2474 459 2500 ct
474 2469 629 2500 distinctis
650 2470 680 2499 in
704 2474 822 2510 septem
848 2474 952 2510 partes
973 2471 1138 2501 secundum
1162 2472 1243 2502 dona

428 2521 562 2562 Spiritus
595 2521 701 2551 Sancti
729 2525 760 2551 ct
787 2532 892 2551 eorum
918 2521 1054 2557 effeetus,
1082 2522 1243 2553 continens

428 2572 641 2603 distinctiones
653 2572 854 2605 materiarum
865 2583 920 2612 per
935 2582 1043 2602 causas
1059 2577 1090 2603 et
1106 2573 1241 2610 effectus,

429 2624 559 2654 refertus
582 2623 832 2661 auctoritatibus,
851 2623 1024 2653 rationibus
1044 2628 1075 2654 et
1096 2625 1242 2666 exemplis

427 2674 554 2705 diversis
582 2675 621 2705 ad
650 2673 888 2705 {edificationem
924 2674 1150 2715 pertinentibus
1178 2676 1242 2705 ani-

428 2735 557 2755 marum.

471 2775 568 2816 Incip.
586 2780 603 2792 ⁴⁶
616 2775 768 2815 Quoniam
789 2775 878 2806 multi
903 2775 1123 2816 multipliciter,
1146 2776 1240 2807 subti-

906 165 1206 200 CATALOGUS
1232 164 1466 200 CODICUM
1494 163 1602 198 MSS.

1364 263 1434 294 liter
1467 267 1499 293 et
1531 261 1650 292 utiliter
1683 260 1921 291 elaboraverunt
1953 261 2156 292 auctoritates

1449 313 1517 343 ideo
1538 322 1595 353 ego
1616 312 1714 342 frater
1729 311 1766 340 R.
1854 311 1960 352 collegi
1975 312 2013 342 de
2031 311 2158 342 diversis

1364 364 1449 394 libris
1472 362 1636 399 historicis,
1653 366 1689 392 ut
1705 361 1743 392 do
1759 361 1871 398 Biblia,
1887 362 1925 392 de
1943 362 2073 392 historia
2093 373 2158 392 sco-

1364 415 1472 445 lastica
1493 413 1580 444 Petri
1606 411 1853 449 Manducatoris,
1877 412 1916 442 de
1938 411 2068 443 historia
2093 412 2160 443 Bri-

1365 470 1473 496 tonum
1499 465 1585 505 cujus
1615 466 1773 494 auctorem
1799 463 1937 503 ignoravi
2023 463 2097 494 item
2123 464 2161 494 de

1365 517 1444 547 libro
1474 516 1525 556 qui
1549 515 1715 545 Pantheon
1747 514 1861 545 dicitur
1886 514 2046 545 Godefridi
2074 514 2160 545 Pari-

1366 567 1473 597 siensis
1560 567 1599 596 de
1627 565 1780 596 chronicis
1812 566 1919 596 fratris
1944 566 2098 596 Johannis
2123 566 2162 596 de

1368 618 1522 653 Malliaco,
1536 617 1573 647 (10
1590 617 1663 647 Οι·(1.
1683 616 1783 646 Praed.
1871 620 1903 647 et
1918 617 1956 647 de
1971 616 2057 647 libris
2071 616 2162 647 mira-

1367 669 1503 699 culorum
1520 668 1555 698 B.
1567 667 1717 708 Virginis,
1730 678 1860 708 quorum
1872 667 2072 708 plurimorum
2089 667 2163 697 dici-

1368 726 1420 750 tur
1446 719 1579 760 scriptor
1604 718 1696 749 fuisse
1722 719 1752 749 S.
1778 719 1890 749 Petrus
1917 718 2163 749 Tarentasiensis

1366 770 1500 810 archiep.
1514 773 1545 800 ct
1561 769 1591 799 S.
1606 769 1701 810 Hugo
1716 769 1925 800 Cluniaeensis
1940 769 2067 806 abbas‚''
2083 773 2142 800 etc.

1389 821 1426 850 In
1442 821 1524 851 calce
1546 820 1676 861 prologi,
1699 821 1785 862 cujus
1810 832 1883 862 pars
1905 820 2014 852 ultima
2036 821 2103 862 agit
2124 821 2162 851 dc

1368 872 1564 902 conversione
1575 871 1745 912 Anglorum
1758 872 1891 902 occurrit
1903 871 2085 913 prooemium
2099 883 2163 903 ver-

1368 932 1455 951 suum
1472 932 1564 962 super
1579 932 1664 962 opus,
1682 921 1774 962 incip.

1328 978 1344 989 “
1359 972 1483 1003 Summe
1500 973 1585 1002 Deus
1601 973 1682 1003 dona
1697 973 1771 1003 mihi
1787 977 1905 1014 septem
1921 973 2014 1004 celica
2029 973 2138 1005 dona.’'

1391 1024 1488 1063 Incip.
1514 1035 1587 1064 pars
1601 1023 1620 1054 i.
1642 1024 1680 1054 de
1703 1024 1825 1062 timore,
1848 1029 1866 1041 ‘⁴
1883 1024 2034 1064 Quoniam
2058 1029 2163 1056 autem

1369 1074 1492 1105 inicium
1509 1074 1689 1115 sapientie'*

1391 1125 1516 1156 Desinit
1537 1126 1594 1156 hoc
1618 1126 1758 1156 volumen
1783 1126 1813 1156 in
1837 1126 1929 1157 titulo
1949 1126 2042 1157 tertio
2065 1126 2164 1168 partis

1370 1176 1497 1217 quintae,
1521 1188 1614 1217 opere
1644 1177 1747 1207 forsan
1777 1188 1934 1218 nunquam
1958 1177 2109 1214 absoluto,
2133 1178 2164 1208 in

1371 1227 1482 1263 verbis,
1506 1232 1523 1244 “
1540 1228 1587 1258 De
1611 1227 1771 1268 multiplici
1793 1228 2002 1258 tribulationis
2027 1228 2165 1259 utilitate

1372 1290 1430 1319 que
1454 1282 1526 1309 sunt
1549 1278 1655 1319 lxiiij.”
1689 1279 1799 1310 deinde
1829 1279 1961 1315 rubrica,
1993 1284 2011 1296 ‘⁶
2034 1279 2165 1320 Tytulus

1373 1334 1502 1371 quartus
1518 1330 1624 1370 quinte
1644 1330 1743 1371 partis
1767 1331 1805 1360 ‹le
1824 1330 1952 1371 justicia
1976 1341 2045 1361 cum
2068 1330 2164 1371 perti-

1372 1380 1543 1411 uentibus.”

1658 1461 1799 1495 LXIX.

1287 1531 1407 1565 Codex
1426 1532 1718 1569 membranaceus.
1736 1532 1771 1565 in
1786 1532 1868 1565 folio
1886 1532 2020 1572 minori,
2038 1532 2071 1565 ff.
2086 1531 2164 1572 126,

1311 1600 1377 1622 sec.
1391 1601 1447 1624 xv.

1340 1650 1426 1680 Petri
1449 1650 1487 1680 de
1510 1649 1632 1680 Alliaeo
1652 1650 1884 1681 Cameracensis
1908 1649 2055 1691 opuscula
2069 1650 2165 1687 varia,

1360 1701 1486 1737 scilicet,

1309 1753 1338 1782 1.
1356 1752 1405 1782 De
1420 1752 1584 1782 concordia
1600 1751 1763 1793 theologiae
1779 1757 1811 1783 et
1831 1751 2028 1782 astronomiae
2050 1755 2166 1783 tracta-

1373 1807 1423 1833 tus
1440 1806 1513 1839 tres,
1531 1814 1600 1833 cum
1616 1802 1751 1844 prologis
1767 1807 1798 1834 et
1814 1803 2019 1845 capitulorum
2041 1803 2165 1834 tabulis.

1373 1854 1423 1884 fol.
1443 1863 1469 1884 2.

1415 1905 1478 1935 Tit.
1496 1909 1513 1921 “
1527 1905 1694 1935 Tractatus
1710 1916 1841 1946 sequens
1852 1906 1890 1936 de
1902 1905 2066 1936 eoncordia
2080 1905 2166 1936 theo-

1395 1956 1476 1997 logie
1502 1960 1533 1986 ct
1556 1956 1745 1987 astronomie
1764 1957 2022 1998 Vigintiloquium
2043 1957 2166 1993 dicitur,

1396 2007 1468 2047 quia
1485 2007 1591 2048 viginti
1607 2007 1700 2038 verba
1716 2008 1804 2038 utilia
1819 2008 1984 2039 continet.”

1417 2059 1533 2089 Exstat
1548 2059 1688 2100 impl-ess.
1705 2059 1736 2089 in
1751 2060 1833 2090 calce
1850 2060 1979 2090 Gersoni
1995 2070 2131 2100 operum.

1419 2110 1455 2139 In
1471 2110 1553 2140 calce
1569 2114 1660 2141 tract.
1674 2110 1703 2140 ii.
1720 2115 1859 2147 notatur,
1875 2116 1892 2127 ⁴²
1903 2111 2038 2152 Explicit
2053 2113 2168 2142 tracta-

1396 2165 1447 2191 tus
1471 2162 1623 2191 secundus
1642 2165 1674 2192 et
1698 2166 1745 2192 est
1766 2162 1804 2192 de
1826 2162 2048 2192 coneordancia
2069 2165 2168 2192 astro-

1397 2212 1514 2242 nomice
1541 2212 1682 2243 veritatis
1709 2219 1741 2243 et
1767 2213 1953 2244 narrationis
1980 2212 2124 2244 historice
2150 2223 2169 2243 a

1398 2263 1522 2293 domino
1549 2263 1644 2293 Petro
1669 2263 1826 2294 Cardinali
1850 2264 2065 2295 Camaracensi
2089 2273 2169 2294 com-

1398 2313 1517 2354 positus
1543 2320 1573 2344 et
1598 2315 1768 2355 completus
1794 2315 1825 2345 in
1851 2315 1976 2346 civitate
2009 2313 2170 2345 Basiliensi

1379 2354 1385 2361 ⁵
1397 2375 1478 2394 anno
1495 2365 1610 2395 Christi
1630 2366 1738 2404 1414.”

1314 2437 1341 2445 Ν.
1360 2414 1562 2445 Defensiones
1578 2416 1646 2446 duze
1667 2416 1866 2457 apologeticae
1881 2416 2079 2447 astronomiae
2095 2415 2169 2446 veri-

1376 2466 1460 2496 tatis.
1484 2466 1534 2496 fol.
1553 2467 1602 2497 80.

1420 2516 1558 2547 Exstant
1573 2517 1604 2547 in
1620 2517 1692 2548 folio
1707 2519 1772 2549 siue
1787 2529 1869 2549 anno
1884 2519 1930 2549 vel
1946 2519 2022 2549 loco.

1419 2567 1597 2608 Sequuntur
1613 2569 1727 2600 tabulae
1743 2580 1812 2600 cum
1828 2569 2080 2610 expositionibus.

1313 2622 1342 2651 8.
1361 2621 1530 2653 Tractatus
1556 2623 1594 2654 de
1619 2624 1783 2655 concordia
1808 2624 2050 2655 discordantium
2072 2627 2170 2655 astro-

1330 2680 1332 2684 ’
1379 2684 1551 2703 nemorum.
1575 2674 1626 2704 fol.
1643 2685 1681 2715 95
1699 2675 1727 2705 b.

1419 2725 1556 2756 Exstant
1571 2725 1710 2766 impress.
1726 2726 1798 2757 ibid.

1314 2780 1342 2809 4.
1368 2779 1535 2811 Tractatus
1562 2781 1600 2812 de
1629 2781 1818 2812 correctione
1847 2780 2027 2818 kalendarii,
2059 2781 2171 2822 praevia
