2254 3117
277 163 322 193 10
838 154 1138 192 CATALOGUS
1167 154 1400 190 CODICUM
1429 154 1537 189 MSS.

407 258 445 289 In
468 257 558 293 ealce,
580 261 599 273 “
618 255 755 297 Explicit
780 254 889 286 tabula
909 265 1000 295 super
1026 253 1161 285 secunda

386 317 475 350 parte
488 307 655 348 Septupli.”

301 362 330 390 2⁷.
348 360 507 401 Hysteriae
519 359 714 389 decretorum
730 368 785 398 per
798 357 1061 388 Bartholomaeum
1074 356 1162 387 Brix-

366 410 490 446 iensem,
506 420 574 438 cum
590 407 726 449 prologO.
751 407 801 438 fol.
820 417 865 438 12.

409 460 505 500 Incip.
523 459 599 500 prol.
618 464 635 475 “
650 458 737 489 Licet
753 459 866 489 merita
881 458 1036 490 scientie.”

408 512 506 551 Incip.
518 522 605 552 opus,
615 515 634 528 ‘⁶
646 511 882 542 Testamentum
892 511 972 541 hunc
983 510 1163 552 pollutum?

302 564 330 593 13.
348 563 488 593 Canones
512 561 749 603 evangeliorum,
767 562 805 593 de
827 563 939 603 quibus
958 566 990 592 et
1015 573 1072 603 pro
1097 561 1162 602 qui-

367 614 423 644 bus
438 617 513 644 nota
531 613 701 643 Ysidorum
717 618 806 644 sexto
820 613 1014 654 Ethymolog.
1033 623 1101 653 cap.
1120 621 1162 652 15.

410 665 459 695 fol.
480 675 515 695 22
533 665 563 694 b.

410 715 507 757 Incip.
525 720 544 733 “
559 716 608 746 De
624 716 786 746 divinitate
804 715 930 746 Verbi.''

304 770 331 797 4.
350 767 483 797 Nomina
512 778 618 798 eorum
649 766 699 809 qui
731 767 786 797 SS.
812 767 914 798 Biblia
941 769 1162 808 exposuerunt.

367 819 417 849 fol.
438 828 474 859 23
493 818 523 849 b.

329 893 333 898 .
352 869 472 900 Tabula
487 879 579 909 super
595 868 775 899 Aristotelis
793 869 1018 909 Metaphysica.
1046 868 1095 898 fol.
1116 878 1164 906 24.

411 919 507 961 Incip.
525 924 543 936 “
562 919 732 954 Accidens;
759 919 847 958 Quod
863 919 1005 950 accidens
1021 930 1082 949 non
1098 930 1164 960 pre-

391 971 542 1002 dieatu1·.”

305 1024 333 1053 (i.
353 1021 473 1053 Tabula
488 1032 580 1062 super
597 1020 739 1062 Physica.
764 1021 815 1051 fol.
833 1030 874 1062 30
890 1021 918 1051 b.

411 1073 508 1114 Incip.
527 1078 545 1089 ⁴⁴
561 1073 755 1103 Abstrahere
770 1072 847 1102 libro
864 1072 1067 1113 Physicorum
1085 1072 1129 1102 ΖΓ

304 872 322 899 ϋι

313 1144 333 1159 a.
351 1127 471 1158 Tabula
487 1126 691 1162 Martiniana,
707 1136 799 1166 super
811 1124 958 1155 Decreta.
982 1124 1033 1154 fol.
1049 1134 1101 1163 49.

411 1176 508 1217 Incip.
523 1180 540 1192 ‘²
553 1176 675 1209 ,λᾶι-01η
695 1175 810 1205 Rerum
821 1175 957 1205 charitas
972 1175 995 1204 Α
1003 1186 1077 1205 aron
1089 1173 1165 1203 mul—

390 1227 538 1268 tipliciter
553 1227 759 1257 insinuatur.”

432 1278 470 1308 In
486 1278 576 1313 calce,

327 1336 344 1346 *⁵
360 1330 461 1370 Opere
477 1329 640 1369 completo,
658 1329 698 1358 sit
713 1328 780 1358 laus
795 1332 827 1358 et
842 1327 940 1368 gloria
956 1327 1091 1362 Christo,

359 1380 418 1419 Qui
435 1380 521 1410 dedit
537 1379 662 1420 expleri,
678 1379 823 1409 laudetur
838 1382 942 1409 mente
958 1378 1072 1408 fideli.’'

411 1430 591 1470 Sequuntur
606 1440 710 1460 versus
726 1440 779 1459 sex
793 1429 830 1459 de
847 1429 1008 1459 nobilitate
1025 1427 1167 1464 hominis,

392 1482 482 1522 incip.

331 1542 348 1550 0
362 1532 515 1563 Nobilitas
531 1531 661 1562 hominis
674 1536 722 1562 est
734 1543 819 1562 mens
835 1536 866 1562 et
882 1531 1008 1562 deitatis
1023 1531 1167 1572 ymago.'’

308 1591 337 1618 8.
354 1587 577 1619 Bartholomaei
608 1586 778 1617 Brixiensis
809 1587 996 1628 quaestiones
1027 1586 1167 1616 Domini-

372 1638 464 1675 cales,
481 1648 608 1668 numero
628 1646 695 1676 174,
716 1637 837 1678 praeviis
862 1637 1068 1678 quaestionum
1093 1637 1167 1667 titu-

374 1689 419 1719 lis.
444 1688 494 1719 sol.
512 1699 580 1729 191.

415 1739 512 1780 Incip.
532 1739 617 1780 praef.
636 1744 653 1756 ⁴⁵
666 1739 717 1769 Ad
734 1739 879 1769 honorem
896 1739 1154 1780 Omnipotentis.”

414 1790 513 1831 Incip.
530 1790 581 1821 lib.
600 1794 617 1806 ‘⁴
630 1789 761 1828 Quidam
778 1789 894 1819 habens
910 1791 1069 1819 uxorem.''

414 1841 520 1871 Desin.
537 1845 557 1858 “
571 1841 602 1871 in
618 1841 718 1882 prima
733 1845 822 1881 parte
837 1840 1004 1881 allegata.''

417 1891 455 1921 In
479 1891 570 1926 calce.
594 1895 614 1908 “
632 1890 812 1931 Expliciunt
829 1891 1014 1931 quaestiones
1035 1890 1169 1920 Bartho-

394 1942 513 1973 lomei.''

668 2035 793 2068 XXX.

292 2109 411 2144 Codex
430 2108 721 2141 membranaceus.
740 2108 774 2140 in
793 2107 874 2141 folio
892 2109 1022 2152 majori,
1042 2107 1075 2141 ff.
1090 2110 1170 2147 279,

317 2179 383 2201 sec.
398 2167 465 2200 xiv.
480 2166 639 2205 ineuntis,
666 2166 755 2198 binis
780 2165 948 2199 columnis
974 2167 1063 2200 bene
1091 2177 1172 2199 exa·
1201 2205 1202 2213 ἵ

317 2231 430 2264 ratus3
457 2224 539 2257 olim
567 2223 741 2268 Radulphi
761 2224 802 2256 (le
821 2223 971 2264 Baudae,
990 2225 1171 2258 archidiac.
1200 2218 1202 2223 ’

319 2280 540 2319 Μὶά(110501(.,
559 2285 678 2325 postea
702 2279 778 2314 coll.
794 2280 898 2313 Oriel.
923 2292 967 2313 ex
985 2281 1075 2314 dono
1094 2281 1174 2314 (100-

319 2340 403 2373 toris
424 2338 564 2372 Thomae
589 2337 802 2383 Gascoygne‚
821 2339 864 2371 de
887 2339 1054 2372 comitatu
1082 2338 1174 2372 Ebo-

319 2398 386 2431 raci
410 2396 582 2441 quondam
607 2395 846 2429 commensalis
872 2396 905 2429 111
934 2397 1000 2430 isto
1027 2396 1173 2441 collegio

321 2457 364 2489 de
383 2454 512 2500 Oryell.

338 2515 509 2547 Alexandri
525 2515 562 2545 de
578 2514 689 2551 Hales,
702 2514 764 2544 sive
781 2513 911 2550 milesii,
925 2514 1059 2544 Summae
1076 2514 1174 2545 Theo-

360 2567 465 2608 logicae
482 2574 554 2607 pars
570 2565 674 2606 tertia.

404 2618 500 2659 Incip.
515 2621 533 2634 “
545 2617 626 2647 Tota
644 2615 820 2647 Christiane
833 2615 902 2645 fidei
917 2615 1077 2655 disciplina
1088 2616 1117 2649 ;”
1140 2620 1175 2646 ut

382 2670 413 2699 111
429 2669 518 2700 editt.
535 2669 673 2709 impress.

405 2720 632 2751 Desiderantur
663 2718 781 2759 aliquot
816 2717 1035 2759 quaterniones
1061 2718 1091 2748 in
1117 2718 1177 2748 fine

384 2771 482 2811 partis
504 2770 618 2807 tertiae,
642 2769 688 2800 uti
709 2780 728 2800 a
744 2768 822 2799 Tho.
840 2768 1015 2809 Gascoigne
1034 2772 1177 2799 notatum

1299 258 1347 284 est
1371 253 1402 283 in
1425 252 1576 293 margine,
1602 251 1690 292 cujus
1718 255 1750 283 et
1779 252 1838 284 hoc
1864 253 2019 284 distichon
2047 257 2094 283 to-

1298 308 1365 335 tum
1381 303 1506 339 claudit,

1259 359 1276 371 ⁴⁶
1290 354 1383 385 Hune
1399 353 1502 384 domui
1519 353 1631 383 librum
1646 353 1802 394 professor
1816 354 1979 396 theologie,
2084 388 2088 391 ,

1291 404 1420 435 Assecla
1436 403 1552 434 Messie
1569 404 1690 433 Gascon
1706 404 1800 434 studii
1817 404 1873 435 dat
1888 405 1927 435 ad
1945 407 2065 435 usum.”

1322 456 1359 485 In
1375 456 1474 485 fronte
1490 453 1604 484 codicis
1629 458 1779 485 notantur
1794 455 1855 486 alia
1871 456 1979 485 eadem
1995 467 2098 487 manu.

1301 506 1363 536 scil.
1387 510 1403 522 “
1421 505 1514 535 Liber
1538 505 1679 546 magistri
1703 505 1831 536 Thomae
1855 506 2036 547 Gascoygne
2060 507 2098 536 (le

1301 557 1451 588 comitatu
1468 557 1564 586 Ebor.
1581 557 1795 588 commensalis
1811 558 1967 599 quondam
1987 558 2017 587 in
2039 558 2098 588 col-

1301 609 1379 649 legio
1405 609 1442 639 (le
1464 608 1568 649 Orycll
1593 609 1721 645 Oxonie,
1740 610 1791 650 qui
1816 609 1930 650 incepit
1952 610 2052 640 Oxon.
2069 610 2099 639 in

1301 671 1389 690 saera
1404 659 1562 700 theologia
1581 671 1663 690 anno
1685 660 1848 691 Dominice
1873 661 2101 691 Incarnationis

1306 721 1395 751 1434,
1407 711 1437 740 in
1451 710 1500 741 die
1514 711 1544 741 S.
1556 711 1661 741 Basilii
1675 711 1820 751 1111101115Ἱ
1836 713 1908 743 etin
1922 712 1973 742 fol.
1989 722 2014 742 1.
2040 712 2101 742 No-

1302 766 1388 792 tatur
1408 762 1446 791 de
1467 762 1608 802 partibus
1631 763 1767 803 ejusdem
1785 763 1920 794 Summae
1936 768 2009 793 tunc
2024 768 2100 793 tem-

1302 812 1385 853 poris
1400 813 1483 853 apud
1498 813 1611 843 fratres
1628 814 1854 845 Praedicatores
1870 814 2083 845 existentibus.

1588 902 1732 936 XXXI.

1218 965 1337 998 Codex
1357 964 1650 1003 membranaceus,
1670 965 1703 997 111
1723 964 1805 997 folio
1823 965 1955 1009 majori,
1975 965 2008 998 ff.
2022 967 2102 999 315.

1242 1034 1309 1056 see.
1325 1023 1403 1061 xiv.‚
1422 1022 1512 1056 binis
1529 1022 1699 1055 columnis
1717 1022 1808 1055 haud
1833 1034 1901 1055 una
1920 1034 2024 1056 manu
2044 1035 2103 1055 ex-

1242 1085 1376 1116 aratus:
1413 1091 1456 1112 ex
1496 1079 1594 1118 (10110,
1630 1079 1742 1123 quoad
1778 1084 1911 1123 partem
1944 1081 2102 1124 priorem,

1242 1137 1381 1170 Thomae
1409 1136 1614 1181 Gaseoigne,
1644 1147 1731 1169 00111.
1764 1136 1866 1169 Ebor.
1896 1138 1966 1170 nati
1998 1139 2102 1173 1403.

1243 1194 1355 1238 quoad
1408 1193 1605 1231 secundam,
1667 1191 1836 1226 Johannis
1884 1193 2103 1238 Ingolnieles,

1245 1258 1263 1269 “
1282 1263 1372 1296 pree.
1392 1251 1461 1295 viij.
1480 1251 1526 1284 s.⁷'

1263 1315 1292 1343 1.
1310 1312 1438 1343 Henrici
1461 1312 1499 1342 de
1522 1312 1684 1348 Gandavo,
1705 1311 1767 1341 sive
1791 1311 1962 1348 Goethalis,
1980 1312 2104 1351 Quodli-

1326 1364 1468 1394 betorum
1484 1363 1579 1397 liber;
1606 1362 1726 1403 imperf.
1751 1362 1792 1392 fol
1812 1372 1820 1391 1
1840 1362 1867 1392 b.

1369 1414 1466 1455 Incip.
1494 1413 1525 1443 in
1552 1413 1728 1452 Quodlibet.
1758 1422 1785 1452 7.
1817 1423 1883 1454 cap.
1908 1423 1959 1454 34,
1991 1413 2102 1449 verbis,

1349 1470 1366 1482 ⁴⁶
1381 1483 1424 1488 —
1435 1465 1530 1495 cionis
1545 1464 1620 1494 dicit
1636 1464 1718 1505 quod
1734 1464 1840 1504 opus.”

1370 1517 1408 1547 In
1428 1516 1510 1547 calce
1527 1515 1670 1555 Quodlib.
1688 1526 1718 1555 9,
1736 1520 1753 1531 “
1771 1515 1907 1556 Explicit
1931 1515 2105 1557 disputacio

1349 1568 1386 1598 de
1402 1567 1539 1608 quolibet
1555 1565 1696 1606 magistri
1714 1565 1844 1596 Henrici
1861 1567 1898 1596 de
1915 1567 2028 1598 Gant.”

1264 1656 1291 1683 Ω.
1309 1653 1464 1684 Johannis
1487 1653 1622 1683 Andreae
1653 1651 1857 1682 Bononiensis
1881 1651 1968 1693 Opus
1993 1652 2105 1683 Hiero-

1328 1705 1515 1746 nymianum.
1539 1704 1588 1735 fol.
1608 1713 1678 1743 227.

1371 1756 1468 1796 Incip.
1493 1755 1578 1796 praes.
1609 1760 1626 1771 ‘⁴
1650 1754 1920 1786 Hieronimianum
1945 1755 2003 1786 hoc
2029 1767 2106 1797 opus

1350 1817 1404 1847 per
1419 1806 1440 1836 J
1443 1806 1596 1836 ohannem
1613 1806 1751 1842 Andree,
1766 1810 1897 1847 urgente
1913 1807 2105 1838 devotiones*

1370 1856 1468 1897 Incip.
1493 1867 1581 1897 opus,
1606 1859 1625 1874 “
1645 1855 1870 1897 Hieronymum
1894 1856 2013 1898 jugiter
2034 1857 2106 1888 alle·

1348 1909 1486 1949 gainus.”

1265 1962 1293 1991 13.
1311 1960 1419 1990 Brevis
1435 1958 1612 2000 compilatio
1635 1958 1720 1989 edita
1742 1969 1761 1988 a
1784 1957 1899 1989 Sancto
1924 1958 2044 1989 Thonia
2067 1960 2105 1990 de

1329 2012 1454 2053 Aquino
1475 2011 1540 2041 ord.
1558 2010 1660 2040 Praed.
1677 2010 1715 2040 de
1728 2009 1789 2040 fide
1805 2010 1866 2040 sive
1879 2010 1917 2040 de
1929 2011 2105 2042 Christiana

1330 2062 1486 2103 religione.
1510 2061 1561 2092 fol.
1580 2062 1649 2091 266.

1372 2105 1470 2146 Incip.
1488 2110 1505 2121 ⁴⁵
1519 2104 1643 2134 AEterni
1660 2103 1766 2134 Patris
1782 2103 1908 2134 verbum
1918 2104 1945 2140 3⁵⁵
1968 2108 2003 2135 ut
2026 2105 2107 2136 inter

1351 2156 1509 2198 opuscula,
1527 2155 1641 2186 Venet.
1661 2156 1749 2195 1587,
1765 2166 1794 2196 p.
1809 2163 1857 2185 20.

1374 2207 1410 2237 ln
1426 2206 1518 2243 calce,
1534 2206 1658 2236 rubrica
1674 2210 1731 2242 est,

1353 2262 1370 2275 ⁴⁶
1385 2257 1458 2288 Vox
1474 2257 1590 2287 Rachel
1607 2257 1766 2298 planctum
1782 2256 1912 2298 plangit,

1426 2309 1586 2339 Tristatur
1601 2313 1633 2339 et
1649 2308 1794 2344 eeclesia;

1383 2359 1474 2390 Mors
1489 2359 1620 2390 crudelis
1637 2359 1789 2389 Thomam
1806 2358 1933 2399 frangit,

1428 2411 1517 2441 Gerit
1533 2410 1587 2441 celi
1604 2410 1696 2440 curia.

1386 2462 1449 2493 Hic
1465 2466 1500 2493 ut
1516 2462 1607 2493 stella
1622 2461 1778 2492 matutina

1428 2514 1476 2544 Ut
1492 2513 1601 2544 solaris
1617 2512 1731 2549 radius,

1387 2564 1493 2595 Verbo
1510 2565 1574 2595 vita
1589 2569 1620 2595 et
1637 2564 1787 2599 doctrina,

1430 2615 1577 2646 Perfulsit
1594 2615 1765 2645 Parisius.'’

1271 2670 1303 2697 4.-
1318 2667 1465 2707 Ejusdem
1482 2667 1636 2708 expositio
1653 2665 1798 2707 Symboli.
1821 2665 1873 2695 fol.
1892 2674 1960 2705 294.

1376 2718 1474 2759 Incip.
1492 2723 1509 2735 ‘⁴
1523 2719 1642 2753 Credo;
1669 2718 1818 2754 Primum,
1836 2717 1917 2758 quod
1937 2720 1983 2747 est
2006 2727 2106 2747 neces-

1355 2769 1470 2800 sarium
1486 2769 1664 2800 Christiano
1675 2769 1703 2803 ;”
1725 2768 1799 2799 ibid.
1814 2779 1843 2809 p.
1861 2777 1930 2805 114.
