2254 3117
911 165 1209 201 CATALOGUS
1235 166 1262 200 C

487 266 581 306 lncip.
597 265 628 295 in
649 265 748 295 verbis
767 264 818 295 lib.
836 264 855 294 i.
872 264 920 295 tit.
939 265 987 301 26,
1003 265 1062 306 leg.
1079 274 1107 303 7,
1125 269 1142 281 ‘⁶
1154 264 1234 295 Nam

463 322 494 348 et
510 317 554 347 vir
569 316 748 357 magnificus
763 317 917 356 questorff’

484 367 608 397 Desinit
628 371 732 397 autem
748 367 824 397 liber
839 378 866 397 v.
890 371 999 408 utpote
1022 366 1082 397 fine
1106 370 1233 397 truncus

462 418 493 448 in
507 418 572 458 lege
589 428 607 458 9
624 418 672 448 tit.
690 419 744 447 18:
769 417 879 448 deinde
897 418 958 448 alia
980 428 1073 448 manu
1094 416 1233 458 sequitur
1263 413 1264 436 i

462 469 538 498 liber
553 469 589 498 vi.
607 473 638 499 et
654 479 746 510 porro
762 468 811 499 vii.
828 469 859 498 in
881 469 966 510 cujus
989 469 1038 499 tit.
1055 478 1094 509 33
1116 467 1174 508 leg.
1199 476 1231 497 ιι

461 519 580 550 desinit.

379 572 405 600 ὧ.
424 570 594 600 Innocentii
610 581 698 611 papae
717 570 775 600 IV.
792 570 1038 602 Constitutiones
1053 580 1121 600 cum
1137 580 1230 610 appa·
1262 571 1263 575 ’

440 628 519 652 ratu.
543 621 594 651 fol.
611 631 680 661 291.

480 673 577 714 Incip.
594 684 662 714 app.
681 678 699 689 “
716 673 800 704 Nota
815 673 897 714 quod
917 672 1055 702 infinitas
1076 672 1105 701 in
1127 671 1231 701 multis

454 725 532 765 juris
547 725 715 756 articulis*

480 775 518 806 In
540 776 632 812 calce,
649 781 668 792 ‘⁸
685 775 740 806 Isti
757 775 818 805 viii.
836 775 978 815 quaterni
1000 775 1114 804 dantur
1136 773 1228 814 priori

458 833 489 857 et
504 826 667 857 couventui
687 826 793 857 Sancti
810 826 936 856 Andree
953 825 1064 856 Norht.
1084 825 1123 855 ad
1140 835 1229 855 oran-

458 878 530 908 dum
554 889 611 919 pro
633 877 736 908 anima
758 877 872 907 domini
892 876 1035 907 willelmi
1060 876 1162 906 Forde
1184 887 1228 905 rc-

457 929 593 960 mansuri
609 929 722 959 ibidem
738 928 769 958 in
785 929 998 969 perpetuum.⁷’

371 986 399 1013 5.
417 983 636 1014 Commentarii
654 983 861 1023 fragmentum
882 993 973 1022 super
995 981 1088 1011 libros
1106 981 1226 1011 Macca-

434 1035 589 1070 baeorum,
614 1037 740 1064 auctore
763 1033 866 1063 forsan
891 1032 1049 1073 Stephano
1074 1032 1225 1072 Langton.

435 1085 485 1115 fol.
504 1095 574 1125 ²03·

478 1135 573 1177 lncip.
589 1135 621 1166 in
637 1135 748 1171 verbis,
767 1140 784 1151 ‘⁴

455 1187 565 1217 caloris
577 1187 603 1223 ;”
626 1190 658 1217 et
681 1190 752 1227 post
770 1197 878 1227 pauca,
897 1192 914 1202 ⁸·
930 1185 1051 1215 Occidit
1067 1184 1225 1215 Jonathan
1257 1199 1258 1219 ἢ

454 1242 485 1268 et
500 1238 578 1268 filios
593 1237 677 1278 ejus3
702 1237 771 1267 Hoc
787 1241 835 1267 est
851 1236 932 1277 quod
948 1235 1124 1266 excecat‹›.”
1257 1239 1258 1243 ’

370 1294 398 1323 6.
418 1293 639 1334 Fragmentum
654 1292 676 1322 J
680 1291 809 1322 ohannis
822 1292 859 1322 de
876 1291 1011 1322 Saxonia
1024 1291 1136 1321 tabulae
1150 1290 1224 1320 utri·
1256 1280 1258 1288 ι

434 1354 529 1384 usque
542 1343 629 1384 juris.
654 1343 683 1373 ff.
698 1352 735 1372 22
760 1351 861 1382 —237
879 1342 910 1378 b,
927 1352 995 1380 214.
1256 1376 1257 1381 ¹

477 1395 575 1435 Incip.
600 1400 617 1411 ‘⁵
633 1393 813 1425 Benedictio
838 1398 885 1424 est
907 1393 1035 1434 alicujus
1060 1392 1225 1433 superioris
1255 1385 1257 1410 Γ

454 1457 523 1476 cum
539 1456 629 1487 prece
645 1445 784 1476 devota.”

372 1498 400 1528 7.
418 1496 610 1535 Quaestiones
636 1495 789 1526 nonnullae
812 1495 852 1525 ad
863 1495 915 1536 jus
939 1494 1117 1525 canonicum
1142 1505 1224 1534 spec·
1254 1513 1256 1521 2

431 1552 545 1579 tantes.
569 1547 620 1578 fol.
639 1548 707 1589 238.

475 1598 570 1639 lncip.
588 1603 605 1615 ‘⁶
619 1598 766 1637 Qucritur
780 1608 819 1628 an
835 1598 986 1628 catholica
1011 1608 1079 1627 cum
1098 1596 1222 1627 anat-hc-

452 1650 565 1680 mizato
582 1649 809 1680 matrimonium
825 1649 922 1689 possit
938 1648 1148 1679 contraheres*

1258 1034 1260 1047 l

797 1153 837 1157 ——
854 1135 1077 1175 interpretatur
1092 1133 1227 1163 confusio
1257 1139 1259 1173 j

1254 1551 1256 1559 ι

1254 1561 1256 1574 l

371 1707 398 1734 8.
417 1704 596 1736 Decretales
633 1705 767 1745 epistolax
797 1705 985 1734 diversorum
1016 1704 1220 1739 Pontificum3

433 1756 486 1786 viz.
504 1756 674 1787 Alexandri
689 1757 756 1786 III.
775 1756 908 1786 Honorii
926 1757 993 1786 III.
1011 1755 1140 1796 Eugenii
1155 1756 1222 1785 III.

434 1807 519 1837 Lucii
546 1808 613 1837 ΙΙΙ.
651 1806 805 1848 Gregorii,
827 1802 974 1843 Adriani,
1002 1807 1123 1837 Urbani
1149 1807 1222 1837 alio-

432 1869 578 1898 runique;
603 1858 721 1898 imperf.
746 1858 775 1888 ff.
794 1868 864 1896 240,
882 1859 949 1889 262.

474 1909 571 1949 Incip.
594 1909 613 1939 i.
639 1913 655 1925 ‘⁴
674 1909 758 1938 Idem
783 1908 969 1939 Eboracensi
993 1908 1222 1949 archiepiscopo

453 1965 485 1990 et
500 1959 698 1990 Coventrensi
714 1960 864 2001 episcopo
898 1960 945 1990 Ex
962 1964 1050 2001 parte
1066 1959 1109 1990 N.
1124 1959 1222 2000 capel-

455 2011 517 2041 lani
533 2011 589 2041 tibi
606 2011 770 2041 innotuit.”

478 2062 536 2092 His
552 2061 715 2102 interjecta
736 2066 807 2092 sunt
833 2062 884 2102 [ad
902 2062 952 2091 fol.
975 2063 1046 2102 150]
1068 2062 1139 2092 folia
1163 2062 1223 2092 tria
1253 2091 1254 2101 ¹

455 2113 581 2144 alterius
602 2113 719 2145 farinae.
741 2118 849 2154 utpote
873 2125 961 2144 casus
985 2118 1015 2144 et
1039 2114 1223 2154 quaestiones
1252 2109 1254 2119 ”

456 2165 617 2195 nonnullas
632 2165 671 2195 ad
684 2165 735 2205 jus
754 2165 839 2194 civile
860 2165 1047 2205 pertinentes
1068 2165 1223 2195 continen-

456 2216 517 2248 tia;
550 2215 640 2256 incip.
665 2220 672 2232 ‘
691 2215 780 2254 Quod
810 2215 951 2245 venditor
981 2226 1049 2245 cum
1080 2215 1222 2250 effectu‚⁷⁷

459 2268 568 2298 deinde
584 2268 623 2298 ad
639 2267 688 2297 sol.
705 2277 761 2308 253
780 2267 890 2297 iterum
907 2267 1042 2307 epistolae
1056 2267 1223 2297 decretales
1253 2302 1254 2306 Ἰ

458 2319 545 2360 incip.
572 2324 589 2335 ⁴*
607 2319 694 2349 Idem
719 2318 865 2348 universis
887 2318 1085 2358 suffragancis
1109 2322 1223 2348 sanctae

852 2368 1041 2409 Significavit
1066 2368 1153 2398 nobis
1177 2380 1223 2398 vc-

1252 1988 1253 1996 i

1252 1999 1254 2012 l

1252 2028 1254 2042 l

458 2370 634 2401 Cantuariae
658 2369 800 2400 ecclesiae.

458 2422 598 2452 nerabilis
612 2422 709 2452 frater
724 2424 828 2451 noster
844 2421 932 2450 Cant.
948 2420 1104 2460 archicp.’'

374 2525 401 2555 9.
427 2523 672 2553 Commentarius
718 2533 809 2562 super
851 2521 992 2552 Gratiani
1037 2520 1222 2551 Decretalcs.

459 2574 508 2604 fol.
527 2584 542 2604 2
546 2584 596 2614 54.
981 2576 985 2580 ’

483 2626 576 2667 lncip.
599 2625 682 2666 praef.
705 2629 722 2641 “
743 2625 775 2654 ln
800 2624 939 2659 n01nino;
962 2627 1116 2654 sumentes
1137 2635 1223 2654 cxor-
1254 2649 1256 2657 ‚

459 2677 542 2707 dium
557 2677 666 2718 gratian
682 2675 830 2706 infusione
846 2675 982 2705 insusch

1266 166 1466 201 ODICUM
1495 165 1602 199 MSS.

1412 262 1509 293 Defic.
1526 263 1557 293 in
1573 262 1683 298 verbis,
1702 266 1719 279 “
1732 273 1838 293 eorum
1860 274 1921 294 non
1942 268 1990 296 est
2008 266 2097 307 culpa
2113 278 2160 297 su-

1391 325 1447 355 pra
1462 314 1512 344 Di.
1529 325 1555 344 v.
1573 325 1597 344 c.
1615 324 1639 344 1.
1685 313 1777 344 Circa
1792 314 1941 355 primam'*

1673 407 1772 441 LIV.

1286 471 1404 504 Codex
1419 470 1710 508 membranaceus,
1730 469 1763 501 in
1778 468 1860 502 folio
1878 469 2011 509 minori,
2030 471 2064 504 ff.
2080 474 2159 511 242,

1262 520 1264 562 f
1309 540 1375 562 soc.
1391 529 1471 567 xiv„
1491 527 1578 560 binis
1597 526 1764 559 columnis
1783 532 1953 560 exaratus.

1327 590 1354 618 1.
1372 588 1458 618 Petri
1494 587 1647 617 Blcscnsis
1684 586 1893 617 archidiaconi
1930 588 2160 625 Bathoniensis,

1388 638 1536 679 epistol-ec,
1554 648 1680 667 numero
1696 637 1762 668 clvi.
1786 638 1837 668 fol.
1853 648 1877 668 1.

1432 690 1490 730 Ep.
1516 700 1554 725 1.,
1581 700 1649 729 quae
1676 689 1707 718 in
1734 689 1838 720 codice
1868 690 2010 730 praefatio
2037 690 2159 727 dicitur,

1410 741 1498 782 incip.
1517 747 1533 757 ³*
1548 740 1684 770 chrico
1701 740 1775 781 regi,
1792 745 1851 771 etc.
1886 741 2026 782 Rogatus
2041 753 2060 771 a
2076 742 2160 771 vobis

1409 792 1564 833 epistolas,
1581 796 1658 826 etc.;
1683 795 1719 822 ut
1735 791 1765 821 in
1781 791 1855 822 edit.
1875 793 1962 831 1667.
1980 803 2009 832 p.
2026 803 2050 822 1.

1431 843 1573 874 Succedit
1594 842 1702 873 tabula
1718 843 1879 874 titulorum
1894 853 2022 873 numero
2037 843 2160 879 lxxxiv;

1408 895 1527 924 deinde.

1430 954 1447 962 ⁸*
1458 946 1615 987 Incipiunt
1631 945 1769 986 epistolae
1782 945 1922 986 magistri
1936 945 2023 975 Petri
2037 945 2159 975 Blesen-

1408 997 1477 1033 sis,”
1500 1003 1531 1027 et
1554 997 1663 1027 titulus
1689 996 1807 1037 primae,
1835 996 1898 1026 scil.
1923 996 2064 1026 secundae
2095 997 2157 1037 epi*

1407 1049 1505 1084 stolae,
1522 1054 1540 1064 ⁴⁴
1551 1047 1741 1089 Conquestio
1752 1047 1893 1089 magistri
1908 1047 1993 1077 Petri
2006 1046 2159 1077 Blesensis

1407 1110 1497 1140 super
1510 1099 1660 1129 dilacione
1676 1099 1896 1139 promissorum
1908 1098 1935 1132 ;”
1958 1098 2047 1139 incip.
2066 1102 2083 1114 “
2096 1097 2158 1128 Ex-

1407 1155 1534 1190 pectans
1550 1149 1738 1190 expcctavi.”

1428 1201 1464 1231 In
1480 1201 1562 1231 calce
1578 1213 1625 1242 ep.
1645 1211 1709 1242 153,
1725 1205 1742 1218 “
1759 1201 1936 1242 Expliciunt
1952 1201 2080 1241 epistole
2096 1212 2157 1231 ma-

1404 1253 1493 1294 gistri
1511 1253 1595 1284 Petri
1613 1253 1792 1283 Blesensis.““

1428 1303 1611 1334 Inscribitur
1626 1303 1742 1344 penult.
1762 1308 1778 1319 ²⁴
1792 1303 1877 1344 Opus
1896 1314 2007 1333 novum
2029 1304 2067 1334 de
2087 1315 2157 1334 con-

1405 1355 1535 1385 fessione
1549 1355 1575 1392 3³⁵
1598 1355 1688 1396 incip.
1714 1361 1731 1372 ‘⁵
1748 1355 1877 1396 Rogasti
1902 1366 1950 1386 me
1970 1360 2005 1386 ut
2026 1356 2083 1386 tibi
2104 1357 2157 1387 ali-

1404 1406 1476 1447 quid
1488 1406 1516 1440 3³³
1539 1410 1573 1436 ut
1586 1406 1667 1437 inter
1678 1417 1748 1447 opp.
1766 1418 1795 1447 p.
1812 1409 1883 1447 436,
1900 1411 1932 1437 et
1947 1406 2058 1437 ultima
2074 1412 2091 1424 “
2108 1407 2157 1438 De

1404 1458 1568 1499 episcopali
1591 1458 1690 1488 officio
1706 1458 1746 1488 ad
1762 1457 1783 1487 J
1787 1457 1939 1488 ohannem
1960 1469 2007 1499 ep.
2027 1458 2154 1500 Vigorn.

1403 1508 1494 1549 incip.
1511 1514 1528 1525 ⁴*
1542 1508 1629 1538 Petis
1644 1508 1812 1539 instancius
1825 1508 1849 1544 3³³
1872 1508 1944 1538 ibid.
1962 1520 1990 1549 p.
2003 1519 2075 1548 447.

1318 1566 1347 1594 Q.
1365 1564 1512 1605 Ejusdem
1543 1564 1630 1594 Petri
1661 1564 1698 1595 de
1729 1563 2003 1604 transfiguratione
2030 1564 2153 1595 Domini

1381 1615 1508 1645 libellus.
1532 1615 1582 1645 fol.
1599 1616 1664 1655 138.

1424 1665 1520 1707 Incip.
1547 1671 1564 1682 ‘⁵
1590 1666 1734 1707 Magistri
1767 1666 1876 1708 Sigorii
1903 1666 2045 1707 frequens
2057 1668 2085 1701 ;''
2120 1671 2152 1697 ut

1404 1717 1478 1747 ibid.
1494 1728 1522 1758 p.
1535 1727 1607 1755 400.

1318 1770 1347 1799 53.
1366 1768 1513 1809 Ejusdem
1530 1772 1683 1799 tractatus
1699 1779 1791 1809 super
1807 1768 1878 1799 Job.
1901 1768 1951 1798 fol.
1968 1777 2034 1806 142,
2052 1768 2079 1798 b.

1402 1821 1498 1862 Incip.
1517 1826 1534 1837 ‘⁴
1551 1821 1677 1851 Gratias
1692 1832 1751 1862 ago
1762 1821 1787 1857 ;”
1810 1820 1881 1851 ibid.
1898 1832 1924 1862 p.
1938 1828 2010 1859 407.

1339 1876 1488 1906 ,Thomae
1511 1876 1548 1906 (le
1572 1876 1688 1916 Capua,
1713 1876 1744 1906 S.
1762 1876 1799 1906 R.
1826 1875 1960 1906 ecclesiae
1980 1875 2151 1906 Cardinalis

1380 1938 1500 1957 summa
1518 1927 1595 1957 artis
1611 1927 1786 1958 dictaminis
1802 1925 1864 1957 sive
1880 1927 1917 1957 de
1933 1930 1999 1958 arte
2015 1927 2150 1958 dictandi

1381 1978 1526 2018 epistolas
1552 1978 1719 2008 secundum
1740 1978 1854 2018 stylum
1875 1978 1966 2008 curiae
1982 1977 2148 2013 Romanae;

1381 2029 1500 2069 praeviis
1516 2028 1615 2059 titulis
1632 2040 1723 2059 xxxv.
1740 2029 1790 2059 fol.
1810 2039 1878 2069 154.

1423 2080 1518 2122 lncip.
1542 2080 1617 2121 prol.
1643 2085 1660 2097 ⁴⁴
1678 2080 1714 2110 In
1736 2080 1793 2111 hoc
1817 2080 1966 2121 prooemio
1988 2080 2150 2120 reprehen—

1401 2131 1517 2162 duntur
1546 2131 1588 2161 illi
1619 2131 1670 2172 qui
1698 2131 1884 2172 precipitant
1911 2131 2092 2167 sentencias,
2119 2135 2150 2161 et

1401 2182 1591 2212 confundunt
1602 2182 1782 2223 judiciuin.”

1423 2233 1521 2274 Incip.
1540 2245 1628 2274 opus,
1645 2240 1662 2250 ‘⁵
1676 2233 1733 2264 Est
1749 2244 1822 2274 ergo
1838 2233 2019 2264 dictamen.''

1423 2284 1495 2314 Des.
1508 2289 1524 2300 ⁴·
1536 2284 1680 2325 plenioris
1693 2284 1907 2325 possibilitatis
1919 2284 2150 2326 prosequatui·.”

1425 2335 1614 2366 Particulam
1640 2335 1729 2366 istius
1753 2335 1853 2376 operis
1879 2335 1976 2365 edidit
2001 2334 2052 2365 Jo.
2077 2335 2148 2365 Ger.

1405 2386 1548 2416 Halmius
1564 2386 1690 2417 Collect.
1709 2387 1856 2417 Historic.
1874 2390 1947 2417 tom.
1964 2386 1983 2417 i.
2000 2397 2028 2427 p.
2044 2396 2112 2427 279.

1318 1880 1336 1905 4

1676 2490 1752 2525 LV.

1279 2552 1573 2591 Mcmbranaccus,
1598 2553 1632 2585 in
1657 2552 1738 2585 folio
1768 2552 1896 2595 majori,
1923 2551 1956 2585 ff.
1975 2550 2056 2591 206,
2083 2563 2148 2584 sec..

1302 2611 1379 2647 xiv..
1398 2610 1485 2643 binis
1508 2610 1675 2643 columnis
1694 2615 1872 2648 cxaratusg
1900 2621 1941 2643 ex
1964 2609 2053 2642 dono
2079 2620 2149 2642 ma-

1254 2681 1256 2716 3
1301 2668 1394 2712 gistri
1414 2668 1451 2701 T.
1465 2668 1493 2701 G
1502 2673 1600 2701 raunt
1618 2667 1789 2712 quondam
1807 2667 1888 2701 socii
1906 2667 1950 2700 A.
1964 2666 2007 2699 D.
2021 2668 2123 2699 1440.

484 2728 577 2769 lncip.
602 2739 689 2768 opus,
714 2731 731 2743 “
751 2727 928 2757 Humanum
951 2737 1064 2767 genus:
1090 2726 1137 2756 De
1156 2726 1226 2767 jure

462 2779 608 2809 canonico
623 2782 814 2809 tractaturus
831 2777 998 2808 Gratianus
1014 2777 1136 2807 altius.’'

1319 2727 1514 2758 Constantini
1531 2727 1678 2764 Africani,
1696 2727 1836 2757 monachi
1852 2726 2050 2762 Cassincnsis,
2070 2725 2148 2755 Pan-

1340 2777 1434 2818 tcgni‚
1450 2777 1581 2814 scilicet;
