2254 3117
340 168 385 200 12
894 153 1196 192 CATALOGUS
1222 152 1457 188 CODICUM
1486 151 1594 186 MSS.

358 258 410 290 26.
428 257 577 298 Ejusdem
598 254 629 285 in
645 253 675 284 S.
688 252 710 283 J
713 249 844 282 ohannis
867 247 1059 289 evangelium
1081 246 1216 278 homiliae

444 311 568 339 centum
583 303 690 346 viginti
706 306 852 344 quatuor,
868 311 939 332 cum
954 299 1063 332 tabula.
1083 309 1216 330 annexa.

444 359 494 391 fol.
510 367 580 398 273.

487 409 550 440 Tit.
575 404 724 437 “Aurelii
748 403 919 445 Augustini
947 401 1085 434 doctoris
1114 399 1218 432 eximii

466 458 574 489 omelie
590 457 621 488 in
637 455 863 498 expositionem
879 453 1032 495 evangelii
1050 453 1219 484 secundum

464 510 487 540 J
490 509 652 544 ohannem,
670 518 747 548 quas
770 505 972 547 colloquendo
988 504 1073 546 prius
1091 504 1156 546 ipse
1179 503 1220 534 ad

465 559 613 601 populum
635 557 746 588 habuit
769 561 801 588 et
823 556 1109 597 interloquendum
1129 567 1147 585 a
1167 565 1221 585 no—

465 611 553 642 tariis
568 613 727 651 exceptas,
744 620 780 639 eo
797 619 858 650 quo
876 607 983 639 habite
1007 610 1080 638 sunt
1101 606 1220 642 ordine,

466 661 594 692 verbum
610 671 648 691 ex
663 660 757 691 verbo
772 663 883 701 postea
898 657 1060 689 dictavit.’'

491 712 571 743 Ibid.
587 716 663 743 tom.
676 711 717 742 iii.
734 715 816 753 part.
829 711 861 742 ii.
878 710 930 741 sol.
945 711 1015 750 289,

362 778 412 809 27.
431 775 588 816 Anonymi
611 775 771 817 cujusdam
794 774 825 804 in
846 773 1028 805 Aristotelis
1044 771 1160 803 Ethica
1181 770 1222 802 ad

448 827 671 858 Nicomachum
686 826 806 868 glossae.
830 825 966 866 f01.321.

492 878 589 920 Incip.
615 882 632 895 “
646 878 780 909 Politice.
803 877 916 908 dicitur
938 887 958 907 a
981 874 1070 918 polis,
1094 884 1153 917 que
1176 877 1224 904 est

469 930 612 961 civitas.”

365 991 415 1021 28.
433 989 585 1020 Glossulae
601 999 694 1030 super
710 988 817 1020 titulos
834 988 1027 1019 Ethicorum.
1050 986 1102 1017 fol.
1116 986 1188 1026 326.

451 1040 513 1071 Tit.
540 1046 558 1057 ‘⁶
575 1040 671 1071 Tituli
698 1040 767 1070 libri
792 1040 882 1082 primi
907 1039 1019 1071 Ethice
1042 1036 1225 1069 Aristotelis

450 1091 618 1122 secundum
635 1090 697 1121 A.”

495 1142 592 1183 Iucip.
612 1147 630 1158 ⁴⁵
643 1141 752 1173 Omnis
767 1153 818 1172 ars
834 1145 865 1172 et
881 1141 980 1171 omnis
996 1139 1150 1175 doctrina,
1166 1142 1225 1168 etc.
1257 1173 1258 1180 ἵ

474 1194 615 1225 Primum
630 1193 799 1235 capitulum
823 1193 861 1223 de
882 1204 918 1223 eo
940 1192 1022 1234 quod
1046 1196 1093 1222 cst
1115 1189 1227 1233 aliquis
1257 1184 1259 1195 '

473 1243 571 1274 finis.‘'

498 1295 534 1325 In
550 1293 600 1325 fol.
613 1304 676 1335 330
692 1298 724 1324 et
739 1294 795 1325 ult.
812 1305 900 1324 verso
916 1298 1099 1334 sequuntur,
1121 1304 1150 1324 a.
1168 1292 1227 1323 Ta-

475 1345 550 1376 bula
572 1349 790 1376 contentorum
814 1344 938 1375 codicis.
984 1345 1015 1374 b.
1033 1348 1050 1361 ‘⁶
1066 1344 1158 1374 Liber
1175 1343 1228 1373 do-

476 1407 544 1427 mus
560 1396 722 1427 scolarium
739 1396 777 1426 de
794 1395 942 1426 Mertona
955 1395 1055 1426 Oxon.
1072 1406 1111 1425 cx
1126 1395 1229 1435 legato

479 1448 524 1479 M.
543 1448 631 1479 will.
654 1447 800 1478 Bernel.”
843 1458 868 1477 c.
891 1451 908 1464 ‘⁶
923 1446 1022 1476 Istum
1045 1446 1156 1476 librum
1183 1456 1229 1475 re-

477 1499 599 1541 paravit
612 1499 658 1530 M.
669 1499 690 1529 J
694 1499 832 1530 ohannes
845 1498 1001 1535 Bul-bach,
1016 1509 1103 1528 sacre
1119 1496 1230 1538 pagine
1261 1525 1262 1532 ,

478 1552 667 1592 professor.''

744 1617 831 1652 XV.

353 1677 472 1710 Codex
491 1676 786 1714 membranaceus,
801 1675 836 1708 in
854 1674 936 1708 folio
954 1673 1085 1718 majori,
1102 1672 1135 1707 ff.
1149 1670 1231 1712 176,

378 1746 443 1769 sec.
471 1735 529 1768 xii.
566 1733 737 1773 exeuntis,
772 1733 861 1766 binis
896 1732 1066 1766 columnis
1100 1731 1232 1776 optime

378 1798 538 1826 exaratus
557 1804 565 1831 ;
609 1797 628 1810 “
647 1803 690 1825 ex
734 1791 850 1836 legato
893 1791 1048 1836 magistri
1082 1789 1233 1824 XValteri

380 1851 661 1897 Raminesbury‚”
681 1850 763 1884 olim
782 1849 859 1883 coll.
880 1849 988 1883 Mert.
1008 1849 1104 1883 socii.

401 1914 425 1943 l.
451 1911 595 1943 Homiliae
623 1911 814 1942 diversorum
840 1910 872 1940 in
899 1909 1080 1951 Evangelia,
1107 1919 1176 1950 quae
1203 1908 1235 1938 in

466 1962 594 1994 ecclesia
616 1962 762 2003 leguntur
784 1973 804 1992 a
828 1961 995 1992 Dominica
1017 1961 1117 2003 prima
1139 1970 1236 2001 usque

467 2014 506 2044 ad
521 2013 716 2044 Dominicam
730 2013 812 2044 xxiv,
827 2016 898 2054 post
912 2012 1128 2043 Pentecosten.
1145 2011 1166 2042 f.
1178 2020 1194 2042 2
1206 2011 1235 2041 b.

506 2064 570 2095 Tit.
583 2064 601 2095 i.
618 2064 649 2095 in
665 2064 761 2101 istud,
775 2068 783 2080 ‘
795 2063 900 2094 Homo
916 2063 1042 2104 quidam
1057 2066 1127 2094 erat
1142 2062 1236 2099 dives,

483 2116 534 2157 qui
551 2116 739 2147 induebatur
754 2114 914 2157 purpura,q
927 2119 986 2145 etc.
1014 2118 1032 2131 ‘⁴
1045 2113 1165 2145 Omelia
1180 2113 1236 2144 lec-

483 2167 577 2198 tionis
598 2167 736 2208 ejusdem
756 2167 842 2197 beati
860 2165 1005 2208 Gregorii
1028 2176 1108 2207 pape
1130 2164 1239 2195 habita

482 2219 523 2249 ad
551 2219 698 2260 populum
726 2219 757 2249 in
787 2218 915 2249 basilica
942 2217 1051 2249 Sancti
1080 2216 1239 2248 Laurentii

484 2269 649 2300 martiris.”

508 2319 604 2361 Incip.
618 2324 635 2336 “
649 2319 685 2349 In
699 2319 800 2349 verbis
816 2318 896 2350 sacri
909 2317 1057 2360 eloquii‚‘'
1067 2321 1103 2348 ut
1118 2317 1150 2347 in
1166 2315 1239 2347 edit.

486 2370 645 2401 Benedict.
663 2375 738 2401 tom.
752 2370 771 2400 i.
787 2370 844 2401 col.
860 2371 949 2411 1652.

507 2421 682 2452 Occurrunt
710 2426 780 2462 post
810 2431 967 2451 sermones
994 2419 1025 2450 in
1050 2417 1241 2455 Dominicas‚

486 2472 620 2503 homiliae
644 2472 750 2502 decem
774 2471 805 2501 in
826 2470 1020 2502 dedicatione
1044 2469 1187 2505 ecclesian,
1205 2479 1244 2498 ex

488 2523 543 2554 SS.
556 2523 743 2564 Augustino,
762 2522 848 2553 Beda
864 2527 896 2553 et
913 2521 1065 2552 Maximo.
1089 2519 1141 2550 fol.
1159 2528 1228 2559 127.

511 2575 688 2615 Praefigitur
699 2574 805 2605 tabula
818 2574 1014 2604 homiliarum
1027 2571 1162 2602 omnium
1177 2581 1243 2612 quae

490 2626 521 2656 in
545 2626 648 2656 codice
671 2626 881 2662 continentur,
905 2625 961 2655 sub
984 2623 1086 2659 titulo,
1109 2622 1245 2653 “Prima

489 2677 642 2707 dominica
658 2681 728 2717 post
741 2681 868 2707 octavas
882 2676 1084 2706 Pentecostes
1096 2685 1192 2714 usque
1205 2674 1245 2704 ad
1295 2677 1297 2679 ’

489 2728 657 2758 adventum
679 2727 801 2758 Domini
828 2726 992 2757 Oineliaris
1015 2725 1152 2756 estivalis
1175 2736 1246 2767 pars

491 2779 656 2813 secunda?
672 2789 741 2809 cum
757 2778 951 2819 praefatione.

1420 249 1519 291 Incip.
1543 248 1629 290 praef.
1656 247 1853 287 “Quomodo
1876 257 1948 277 vero
1972 257 2033 278 non
2055 246 2154 278 solum

1397 300 1549 342 temporis
1565 299 1718 340 presentis
1734 297 1918 340 particula.”

1421 355 1641 391 Homiliarum‚
1658 364 1725 395 quae
1742 356 1920 390 occurrunt,
1935 357 2081 384 auctores
2102 364 2156 385 no·

1399 406 1570 443 minantur,
1589 404 1801 446 “Gi-egeritis,
1825 404 2032 446 Augustinus,
2056 404 2154 443 Beda,

1399 457 1649 498 Clirysostomus,
1677 455 1874 493 Ambrosius,
1898 455 2046 487 Claudius
2071 466 2156 496 pres-

1401 509 1502 550 byter,
1526 507 1688 544 Eusebius,
1714 506 1875 548 Origenes,
1898 507 1976 542 Leo.
2001 507 2156 549 Hierony-

1401 570 1478 594 mus,
1504 558 1673 593 Maximus,
1698 558 1811 589 Petrus
1829 558 2002 595 Ravennae,
2028 557 2155 590 Amala-

1401 610 1474 645 rius,
1492 609 1665 650 Expositor
1681 609 1865 650 Anonymus
1887 608 1918 639 in
1935 608 1966 639 S.
1980 608 2070 640 Pauli
2092 608 2155 650 epi-

1403 661 1509 693 stolas.

1319 731 1348 761 2.
1366 730 1397 761 S.
1410 728 1588 770 Augustini,
1603 727 1665 759 sive
1681 727 1901 769 cujuscumque
1917 727 1989 765 sint,
2002 737 2158 758 semones

1382 781 1492 823 viginti
1509 784 1628 822 septeni
1645 779 1683 810 dc
1699 779 1837 810 diversis.
1860 779 1912 810 fol.
1929 789 1997 817 14¹.

1426 836 1490 867 Tit.
1508 836 1528 867 i.
1554 842 1571 853 ‘⁵
1588 835 1696 866 Sermo
1719 835 1804 866 beati
1828 834 1998 876 Augustini
2022 834 2159 876 episcopi

1405 888 1443 918 de
1459 899 1506 925 eo,
1522 886 1604 928 quod
1621 886 1770 927 scriptum
1786 890 1834 917 est
1855 886 1886 916 in
1907 886 2026 927 psalmo
2043 886 2159 923 xxxiii„

1406 937 1482 977 Quis
1498 942 1545 968 est
1562 937 1654 967 homo
1671 936 1723 978 qui
1738 936 1804 967 vult
1820 936 1944 967 vitam.”

1429 989 1525 1031 Incip.
1543 994 1559 1006 ‘²
1575 988 1682 1019 Sermo
1699 987 1820 1018 divinus
1836 998 2006 1029 peragrans
2021 998 2161 1019 currens-

1407 1052 1466 1082 que
1482 1051 1537 1082 per
1552 1039 1706 1082 campos.’'

1431 1097 1467 1127 In
1488 1096 1596 1127 tabula
1612 1095 1757 1126 volumini
1780 1094 1941 1137 praemissa
1962 1099 2163 1126 recensentur

1407 1147 1541 1178 homiliae
1569 1147 1795 1188 quinquaginta
1818 1157 1890 1183 una,
1916 1148 2061 1188 (quarum
2084 1146 2163 1177 desi-

1409 1199 1559 1230 derantur
1574 1199 1665 1229 hodie
1681 1198 1789 1239 viginti
1806 1199 1966 1239 quatuor,)
1983 1197 2040 1228 sub
2059 1197 2162 1232 titulo,

1411 1254 1428 1266 ‘⁶
1443 1249 1563 1280 Praeter
1587 1249 1646 1285 illa,
1665 1260 1723 1290 que
1742 1248 1774 1279 in
1790 1249 1869 1279 serie
1893 1248 1985 1290 hujus
2000 1248 2164 1280 voluminis

1409 1299 1615 1336 continentur,
1641 1310 1772 1340 quorum
1802 1299 1852 1330 hic
1885 1304 1958 1330 sunt
1991 1299 2164 1342 prescripta

1410 1351 1556 1392 capitula,
1573 1355 1646 1381 sunt
1670 1351 1701 1381 in
1728 1351 1788 1381 fine
1811 1350 1984 1380 voluminus
2008 1361 2165 1382 sermones

1412 1402 1519 1433 Sancti
1545 1401 1713 1443 Augustini
1738 1401 1874 1443 episcopi
1902 1401 1940 1432 de
1963 1401 2092 1433 diversis
2118 1413 2165 1434 re—

1412 1453 1498 1484 bus.''
1604 1488 1609 1492 1

1436 1509 1472 1540 In
1495 1509 1584 1540 initio
1602 1509 1764 1539 voluminis
1787 1514 1931 1540 notatum
1955 1513 2011 1545 est,
2038 1513 2055 1526 “
2074 1508 2166 1540 Liber

1413 1561 1522 1591 domus
1544 1560 1709 1590 scolarium
1733 1560 1771 1590 de
1796 1559 1924 1590 Merton
1949 1559 1980 1589 in
2003 1559 2104 1590 Oxou.
2127 1570 2166 1590 ex

1413 1611 1518 1653 legato
1553 1611 1690 1642 WValteri
1730 1610 1957 1652 Rammesbury
1998 1611 2166 1653 inceptoris

1413 1662 1578 1705 theologie,
1594 1662 1785 1704 precentoris
1801 1663 1831 1692 in
1847 1662 1977 1693 ecclesia
1995 1662 2167 1694 cathedrali

1416 1714 1648 1749 Herefordensi,
1679 1724 1716 1745 ac
1746 1713 1902 1755 quondam
1939 1713 2022 1745 dicte
2058 1713 2168 1745 domus

1415 1765 1570 1799 consocii;
1599 1764 1687 1805 cujus
1713 1763 1816 1795 anime
1841 1763 2032 1806 propicietur
2058 1763 2165 1799 Deus:

1415 1816 1521 1847 Oretis
1536 1815 1631 1857 igitur
1646 1827 1702 1857 pro
1718 1815 1826 1847 eodem
1839 1820 1871 1846 et
1883 1815 2020 1846 omnium
2032 1814 2169 1847 fidelium

1415 1867 1578 1899 animabus
1593 1878 1612 1898 a
1627 1866 1810 1908 purgatorio
1825 1866 2003 1904 liberandis,
2020 1866 2097 1898 etc.”

1677 2004 1784 2040 XVI.

1291 2069 1413 2104 Codex
1439 2068 1733 2108 membranaceus,
1752 2069 1787 2102 in
1806 2067 1899 2107 folio,
1921 2066 1955 2101 ff.
1975 2069 2056 2107 281,
2084 2078 2170 2101 secc.

1316 2128 1384 2162 xiv.
1404 2133 1440 2161 et
1458 2138 1525 2167 XV„
1543 2126 1632 2160 binis
1650 2125 1821 2160 columnis
1840 2129 2011 2160 exaratus.

1336 2193 1364 2223 1.
1381 2193 1411 2223 S.
1422 2192 1443 2222 J
1447 2191 1577 2222 ohannis
1587 2189 1803 2232 Chrysostomi
1815 2200 1916 2221 sermo
1926 2189 1964 2220 de
1976 2188 2171 2230 poenitentia.

1398 2243 1451 2274 sol.
1468 2253 1494 2273 1.

1445 2294 1542 2335 Incip.
1561 2302 1578 2310 ⁰
1590 2293 1675 2324 Pura
1696 2296 1800 2323 mente
1816 2296 1847 2323 et
1862 2291 2016 2333 profundo
2036 2290 2174 2332 cogitatu

1422 2356 1608 2386 cognoscere
1624 2344 1747 2375 debes.”

1446 2397 1483 2427 In
1506 2397 1600 2433 calce,
1626 2394 1794 2437 “Explicit
1817 2399 1973 2426 tractatus
1997 2393 2104 2426 Sancti
2119 2393 2175 2424 Jo-

1424 2448 1535 2481 hannis
1552 2448 1737 2479 Crisostomi
1753 2447 1792 2478 de
1807 2446 2013 2488 penitencia-’⁹

1339 2519 1368 2547 2.
1385 2517 1555 2548 Tractatus
1571 2516 1709 2557 ejusdem
1726 2525 1818 2556 super
1834 2513 1985 2556 psalmum
2002 2512 2038 2544 L.
2062 2513 2114 2554 qui
2129 2516 2176 2543 est

1404 2569 1442 2600 dc
1458 2567 1644 2610 poenitentia
1660 2567 1773 2598 David.
1797 2566 1847 2597 fol.
1867 2576 1895 2597 2.

1448 2620 1544 2660 Incip.
1562 2626 1580 2636 ⁸*
1594 2619 1736 2650 Pictores
1761 2618 1926 2648 imitantur
1939 2623 2009 2648 arte
2032 2621 2177 2647 naturam

1426 2675 1458 2702 et
1473 2671 1590 2701 colores
1606 2669 1759 2700 coloribus
1775 2666 2023 2709 pe1·miscentes.”

1450 2721 1486 2752 In
1503 2721 1594 2758 calce,
1613 2726 1630 2738 ⁴*
1644 2719 1782 2761 Explicit
1800 2719 1911 2750 omelia
1926 2716 2079 2748 Johannis
2095 2715 2177 2748 Cris-

1427 2773 1538 2804 ostomi
1555 2783 1648 2813 super
1663 2771 1814 2813 psalmum
1831 2768 2150 2812 quinquagesiinum.’'
