2254 3117
336 157 356 187 8
888 145 1190 181 CATALOGUS
1216 145 1451 180 CODICUM
1479 145 1588 179 MSS.

357 253 384 280 2.
402 250 565 281 Sermones
581 249 685 279 decom
703 248 740 278 (10
757 246 894 277 diversis.
918 245 968 276 fol.
981 255 1010 286 3.

461 302 558 342 Incip.
576 301 594 330 i.
611 300 642 330 in
658 299 741 330 istud
757 303 765 316 ⁶
779 298 839 338 Qui
862 297 937 327 mihi
960 296 1138 333 ministrat*
1154 300 1213 326 etc.

442 358 459 369 ‘⁵
472 352 510 383 In
526 352 573 382 his
588 351 688 382 verbis
704 354 855 380 notantur
870 348 960 378 duo.”

462 401 591 433 Notavit
606 412 716 431 manus
731 400 926 441 aliquantum
946 397 1101 429 recentior
1116 397 1147 428 in
1163 397 1213 427 fol.

444 464 480 484 10
503 455 541 484 de
557 453 645 483 Will.
663 452 791 493 Ingram
814 452 854 482 de
877 451 1054 492 Stapiltone
1077 461 1138 480 non
1161 460 1215 491 ap—

440 509 571 546 parente
602 515 706 534 coram
732 503 754 534 J
758 502 928 534 usticiariis
957 503 997 533 ad
1027 502 1215 543 responden-

441 558 525 592 dum,
554 566 650 597 quare
677 554 705 585 vi
732 559 764 585 et
794 554 889 585 armis
918 558 1044 595 pratum
1071 552 1215 594 Symonis

439 607 600 638 Attenoke
616 607 764 647 depastus
781 610 849 636 erat
865 609 898 636 et
914 604 1116 641 conculcavit,
1133 608 1192 634 etc.

355 665 383 694 53.
401 664 430 694 S.
446 662 616 704 Augustini
639 661 713 698 vita,
737 665 866 692 auctore
889 671 1062 701 anonymm
1093 659 1213 700 imperf.

418 715 468 745 fol.
487 725 533 752 14.

461 765 525 796 Tit.
545 764 690 805 “Incipit
706 763 770 794 vita
792 763 901 794 Sancti
918 762 1087 803 Augustini
1110 760 1215 801 magni
1247 768 1248 775 ¹

439 816 576 846 doctoris
600 820 632 846 et
655 814 791 856 episcopi
814 814 994 855 Ypoueusis
1016 811 1215 844 instructoris

439 866 687 898 ean0ni0‹>1-u111.”

462 919 559 960 Incip.
578 918 743 949 “Beatum
765 916 977 958 Augustinum
1000 926 1146 956 magnum
1170 914 1213 944 fu-

439 970 499 1000 isso
514 971 675 1000 doctorem
691 968 910 999 catholicum.”

462 1021 570 1051 Dcsin.
597 1020 630 1050 in
656 1019 767 1057 verbis⁷
795 1023 815 1037 “
832 1019 901 1050 ideo
928 1018 1003 1049 mihi
1030 1017 1214 1049 catholicam

440 1072 521 1103 viam
537 1071 735 1102 ’emendatus'

356 1130 384 1158 4.
401 1127 527 1157 Thomae
545 1125 713 1157 Ismaclitae
729 1126 767 1156 <le
784 1124 901 1156 Christi
924 1123 1059 1154 infantia
1075 1128 1107 1154 et
1123 1123 1214 1153 mira-

419 1178 495 1209 culis
510 1178 606 1214 liber3
629 1176 719 1207 initio
735 1176 835 1207 mutil.
860 1176 913 1206 fol.
930 1185 978 1213 24.

462 1229 568 1260 Desin.
587 1235 604 1245 ⁵·
617 1228 664 1259 De
680 1228 804 1258 nomine
827 1226 1001 1258 collectoris
1024 1231 1055 1256 et
1079 1225 1214 1256 auctoris

440 1281 520 1312 libri.
567 1281 635 1321 Ego
658 1284 763 1310 autem
783 1279 921 1309 Thomas
940 1276 1115 1307 Ysmaclita
1138 1287 1214 1306 scm-

440 1344 495 1374 per
511 1336 666 1373 peccator,
682 1342 785 1361 servus
808 1334 913 1361 autem
931 1329 1087 1370 justorum
1105 1332 1137 1358 et
1153 1338 1215 1357 0111-

441 1384 525 1414 nium
548 1383 579 1413 iu
600 1382 725 1414 Christo
749 1381 942 1412 crodcncium
966 1381 1021 1410 hcc
1045 1379 1154 1420 collegi
1177 1379 1215 1409 do

441 1434 588 1476 dispersis
611 1434 735 1475 scriptis
758 1437 789 1464 et
812 1432 970 1464 miraculis
993 1443 1047 1472 per
1062 1431 1139 1468 loca,
1156 1442 1215 1472 quc

439 1486 615 1516 nullatcnus
635 1485 731 1516 voluit
755 1485 839 1515 Deus
861 1484 1010 1515 abscondi
1034 1494 1089 1514 ncc
1112 1494 1131 1514 a
1153 1494 1215 1513 me-

440 1537 539 1568 moria
554 1536 713 1567 hominum
729 1536 832 1577 detegi
846 1549 854 1570 ;
880 1535 959 1566 ctos

464 1589 503 1619 Iu
520 1588 614 1624 calce,
631 1594 648 1604 ‘⁵
661 1587 798 1628 Explicit
814 1587 890 1617 liber
906 1587 944 1616 de
959 1585 1094 1616 infancia
1110 1584 1215 1615 Salva-

439 1640 518 1670 toris
534 1638 661 1670 Domini
676 1638 776 1669 nostri
791 1638 812 1668 J
816 1638 891 1668 hcsu
904 1636 1021 1668 Christi
1038 1648 1107 1667 cum
1122 1636 1216 1667 mira-

440 1691 516 1722 culis
531 1690 706 1721 1naxi1nis.”

356 1757 383 1777 υ.
401 1746 433 1777 S.
445 1745 584 1776 Anselmi
597 1745 674 1775 liber
684 1744 734 1785 qui
745 1744 858 1775 dicitur
869 1742 1077 1774 Elucidarius.
1100 1741 1151 1772 fol.
1163 1752 1214 1783 30.

466 1796 528 1827 Tit.
586 1795 701 1836 Incipit
724 1795 802 1826 liber
826 1794 1022 1825 Elucidarius
1045 1793 1129 1824 beati
1148 1793 1214 1823 An-

441 1848 527 1878 selmi
543 1846 707 1877 doctoris.”

462 1899 576 1929 Exstat
603 1898 741 1939 impress.
768 1897 849 1928 inter
872 1908 977 1938 opera,
1002 1895 1102 1926 Paris.
1124 1903 1214 1931 1721,

442 1962 472 1992 P·
490 1959 564 1991 457-

356 2008 384 2037 (5.
402 2006 535 2038 Secundi
560 2004 734 2047 philosophi
759 2003 975 2044 responsiones
999 2003 1039 2033 ad
1061 2001 1215 2032 Hadriani

420 2057 667 2100 quaestiunculas.
692 2056 804 2097 fol.39.

462 2109 523 2140 Tit.
565 2116 582 2125 ⁵·
599 2107 693 2138 Liber
730 2106 862 2137 Secundi
900 2104 1086 2147 philosophi,
1124 2115 1216 2145 quem

439 2158 563 2199 scripsit
579 2157 719 2188 Adriano
736 2157 949 2188 Romanorum
968 2155 1149 2197 imperatori
1164 2155 1216 2186 de-

441 2209 581 2251 poscenti
599 2208 729 2250 ipsumff*

356 2268 384 2298 7.
402 2264 551 2306 Rhythmi
564 2263 743 2305 paraenctici
756 2263 795 2293 ad
809 2274 913 2304 regem
930 2262 1111 2293 Henricum.
1130 2261 1150 2291 f.
1164 2271 1214 2300 40.

462 2316 560 2357 Incip.

421 2373 440 2386 ‘⁴
458 2367 525 2398 Pax
543 2366 681 2397 Henrico
700 2390 705 2396 .
723 2366 782 2397 Dei
798 2365 907 2396 amico.

462 2419 561 2449 Decet
577 2429 681 2459 regem
700 2440 705 2447 .
723 2418 840 2448 discere
855 2417 982 2458 legemf*

356 2479 384 2505 ὃ.
402 2475 523 2506 Tabula
538 2475 576 2505 dc
593 2474 731 2505 utilitate
752 2473 903 2504 orationis
919 2472 1090 2507 dominicae,
1108 2471 1139 2501 in
1156 2481 1217 2511 qua

419 2526 553 2556 breviter
566 2530 723 2556 tractatur
735 2525 773 2555 de
786 2526 905 2565 septem
919 2522 1124 2564 petitionibus
1139 2521 1215 2562 ejus.

420 2577 470 2607 sol.
483 2587 524 2615 40
535 2577 564 2606 b.

463 2627 559 2668 Incip.
575 2631 594 2644 “
610 2627 705 2657 Pater
722 2630 836 2662 noster,
853 2630 912 2657 etc.
932 2625 1039 2655 Prima
1055 2623 1196 2665 peticio.”

358 2686 385 2715 9.
404 2685 433 2713 S.
450 2683 586 2714 Anselmi
604 2682 777 2713 meditatio.
802 2682 853 2712 fol.
865 2682 915 2721 48.

464 2732 562 2773 Incip.
591 2738 608 2749 ‘⁵
626 2733 650 2763 T
654 2739 737 2763 erret
767 2743 815 2763 mc
841 2732 906 2763 vita
936 2741 1005 2761 mea
1015 2730 1043 2766 3³³
1073 2735 1108 2760 ut
1138 2729 1219 2760 inter

445 2793 549 2823 opera,
567 2795 596 2824 p.
613 2793 684 2822 207.

1247 408 1249 424 l

1273 246 1319 276 10.
1338 245 1369 276 S.
1384 245 1473 276 Pauli
1490 245 1584 275 verba
1598 244 1639 274 ad
1657 243 1822 274 Neronem.
1847 242 1897 273 fol.
1909 244 1949 280 48
1963 242 1992 273 b.

1270 303 1320 332 11.
1338 301 1434 332 Dicta
1445 301 1500 331 SS.
1512 299 1684 336 Ambrosii,
1695 299 1801 335 Bedae,
1811 297 1992 340 Augustini,
2002 298 2154 329 Bernardi

1354 356 1386 383 et
1402 352 1489 382 Petri
1506 350 1661 381 Blesensis
1677 350 1715 380 de
1732 348 1941 379 Eucharistia.
1963 348 2013 379 fol.
2025 348 2065 387 48
2079 348 2110 379 b.

1397 402 1459 433 Tit.
1481 402 1500 432 i.
1530 406 1550 418 ‘⁴
1570 401 1639 431 Hoc
1669 405 1717 430 cst
1747 399 1851 430 oracio
1881 399 1965 430 beati
1994 399 2153 430 Ambrosii

1375 451 1598 493 archiepiscopi
1624 451 1665 482 ad
1692 451 1872 481 sacerdotes
1894 450 1977 482 circa
2001 450 2153 481 Euchari-

1376 503 1498 534 stian1.”

1270 560 1319 589 12.
1336 558 1484 589 Narratio
1508 558 1547 588 (10
1570 556 1767 598 apparitione
1790 555 1918 597 spiritus
1941 555 2091 587 Guidonis
2114 556 2152 587 de

1354 610 1454 641 Corvo
1470 609 1500 639 in
1517 608 1643 638 civitate
1661 607 1776 644 Alosti,
1791 618 1843 637 an.
1859 616 1946 648 1324.
1971 607 2022 637 fol.
2034 617 2087 647 49.

1397 660 1459 691 Tit.
1484 664 1503 677 ‘⁶
1517 659 1632 700 Incipit
1648 659 1726 689 liber
1740 657 1946 699 alloquiorum
1962 658 2000 689 de
2017 657 2152 700 Spiritus

1375 710 1573 752 Gwyclonssf'

1397 762 1493 803 Incip.
1509 761 1726 803 “Augustinus
1741 761 1780 791 de
1796 761 1856 791 fide
1871 760 1910 791 ad
1928 760 2058 791 Petrum
2073 761 2152 792 libro

1374 813 1460 849 dicit,
1481 813 1669 843 Miraculum
1686 812 1832 854 quicquid
1847 812 2009 843 arduum.”

1398 864 1505 895 Desin.
1518 868 1535 880 ‘⁵
1549 863 1714 904 complevit
1731 863 1761 893 in
1774 863 1956 905 purgatorio
1969 863 2152 894 communi.''

1271 922 1318 951 13.
1338 920 1431 950 Liber
1447 924 1478 950 ct
1494 919 1627 950 historia
1640 923 1658 935 ‘⁴
1670 919 1813 955 Metodii,
1828 919 1963 960 episcopi
1978 919 2151 950 Patriensis

1353 971 1400 1002 vcl
1424 971 1604 1002 Patercnsis
1631 970 1768 1007 ecclesie,
1792 975 1824 1001 et
1850 970 1997 1012 martyris
2023 969 2151 1006 Christi,

1354 1034 1445 1064 quem
1467 1023 1504 1053 de
1522 1022 1649 1053 Hebreo
1673 1025 1705 1052 et
1726 1022 1826 1052 Greco
1849 1033 1990 1053 sermone
2014 1021 2045 1052 in
2066 1021 2152 1052 Lati-

1353 1085 1427 1104 num
1458 1074 1568 1104 beatus
1597 1072 1778 1103 Jeronimus
1808 1073 1978 1104 transferre
2008 1072 2149 1107 curavit;

1353 1125 1403 1155 hic
1419 1128 1466 1155 est
1483 1125 1521 1154 de
1538 1124 1688 1165 principio
1705 1123 1809 1160 seculi,
1825 1124 1864 1154 de
1883 1124 1987 1164 regnis
2008 1123 2152 1165 gencium

1354 1180 1385 1206 ct
1401 1176 1439 1206 de
1455 1175 1516 1206 fine
1532 1175 1713 1211 seculorum,
1728 1186 1820 1216 quem
1835 1175 1964 1205 illustris
1980 1174 2026 1205 vir
2041 1174 2152 1205 beatus

1354 1228 1373 1258 J
1377 1227 1531 1258 eronimus
1547 1227 1657 1257 doctor
1673 1226 1735 1257 suis
1750 1226 1905 1267 opusculis
1928 1226 2018 1267 plane
2040 1225 2152 1256 collau-

1354 1278 1468 1309 (lavit.”
1491 1278 1542 1308 fol.
1555 1287 1590 1318 51
1606 1277 1635 1307 b.

1397 1329 1495 1369 Incip.
1522 1327 1718 1358 “Sciendum
1739 1331 1787 1357 est
1810 1326 1910 1364 nobis,
1928 1326 2041 1356 fratres
2060 1325 2152 1356 caris-

1376 1381 1454 1417 simi,
1473 1380 1627 1421 quomodo
1645 1379 1674 1409 in
1691 1378 1842 1420 principio
1858 1377 2004 1408 creavit.”

1270 1439 1320 1467 14.
1341 1436 1371 1467 S.
1390 1435 1560 1477 Augustini
1591 1434 1723 1475 epistola
1759 1433 1799 1464 ad
1834 1432 1962 1463 beatum
1993 1431 2152 1473 Cyrillum,

1356 1486 1667 1518 Hierosolimitanum
1683 1485 1860 1526 episcopum
1879 1488 1886 1500 ‘
1899 1484 1937 1514 (10
1957 1483 2153 1525 apparitione

1354 1539 1439 1569 beati
1470 1538 1489 1568 J
1493 1537 1621 1568 eronimi
1652 1536 1790 1567 doctoris
1820 1541 1852 1566 et
1883 1535 2047 1576 prcsbiteri
2078 1534 2153 1566 Car-

1354 1589 1487 1620 dinalisf
1510 1588 1561 1619 fol.
1574 1598 1628 1629 53.

1398 1641 1514 1671 Exstat
1539 1640 1677 1680 iniprcss.
1703 1638 1734 1668 in
1759 1637 1834 1668 odit.
1851 1636 1987 1667 Vallars.
2015 1640 2090 1666 tom.
2108 1636 2149 1667 xi.

1376 1692 1448 1723 col.r
1467 1702 1482 1722 2
1509 1716 1515 1721 .

1271 1750 1320 1780 15.
1339 1702 1528 1790 ΕΡίεῖέαὸὃ.
1542 1745 1647 1787 Cyrilli
1670 1745 1711 1776 ad
1735 1744 1947 1786 Augustinum
1970 1743 2008 1774 de
2031 1743 2063 1774 S.
2078 1742 2153 1773 Hie-

1354 1799 1475 1841 ronymi
1491 1798 1655 1829 miraculis.
1681 1797 1732 1827 fol.
1746 1807 1785 1837 55
1797 1797 1826 1827 b.

1398 1851 1477 1882 Ibid.
1498 1854 1572 1881 tom.
1588 1849 1630 1879 xi.
1647 1849 1702 1879 col.
1717 1857 1789 1889 332.

1398 1902 1435 1933 In
1463 1901 1556 1937 calce,
1574 1906 1591 1917 ‘²
1620 1899 1800 1940 Expliciunt
1827 1897 1958 1938 epistole
1988 1897 2051 1927 sive
2081 1896 2152 1927 libri

1377 1954 1562 1985 Sanctorum
1580 1950 1749 1992 Augustini
1771 1954 1803 1980 ct
1820 1949 1915 1980 Cirilli
1939 1949 2153 1990 episcoporum

1376 2006 1414 2036 de
1438 2002 1689 2046 apparicionibus
1713 2006 1745 2032 et
1770 2000 1925 2031 miraculis
1952 1999 2036 2031 beati
2060 1999 2152 2031 ‹Iero-

1376 2055 1479 2086 nimis*

1272 2111 1320 2143 16.
1339 2116 1356 2128 “
1371 2109 1532 2143 Bel-nardi,
1546 2108 1671 2140 abbatis
1687 2106 1930 2143 clarevallensis,
1951 2107 2069 2148 [potius
2085 2106 2151 2148 Syl-

1354 2161 1488 2202 vestris,]
1501 2159 1633 2201 epistola
1647 2159 1687 2190 ad
1701 2158 1855 2199 quendam
1872 2157 2013 2194 militem,
2026 2157 2151 2188 nomine

1355 2213 1574 2254 Raymundum
1591 2210 1749 2242 dominum
1765 2209 1868 2240 Castri
1880 2208 2048 2245 Ambrosii,
2064 2209 2102 2239 de
2118 2219 2151 2238 re

1354 2264 1498 2295 familiari
1514 2263 1619 2294 utilius
1634 2261 1866 2303 gubernandas*
1889 2260 1940 2290 fol.
1952 2260 1988 2290 61
2004 2260 2032 2290 b.

1396 2315 1513 2346 Exstat
1543 2314 1574 2344 in
1605 2313 1695 2344 editt.
1714 2312 1815 2352 vett„
1830 2311 1911 2352 Opp.
1940 2310 1970 2342 S.
1988 2310 2150 2347 Bernardi‚

1376 2365 1630 2397 Claraevallensis.

1271 2424 1319 2455 17.
1338 2422 1481 2463 Epistola
1505 2428 1522 2438 ⁸*
1537 2420 1663 2451 Domini
1687 2418 1785 2450 nostri
1802 2418 1879 2448 JESU
1896 2418 2019 2449 Cnfflsn
2042 2417 2080 2448 de
2103 2417 2148 2447 in-

1354 2473 1540 2504 terdictione
1556 2471 1693 2502 omnium
1716 2469 1866 2500 malorum
1888 2472 1919 2499 et
1942 2469 1980 2499 dc
2003 2468 2148 2499 observa-

1355 2524 1440 2555 tione
1452 2524 1590 2554 omuium
1600 2523 1764 2557 bonorum,
1777 2531 1870 2561 quam
1886 2519 2014 2561 angelus
2025 2518 2151 2549 Domini

1356 2576 1454 2617 digito
1475 2586 1531 2606 suo
1554 2574 1678 2615 scripsit
1695 2577 1726 2604 et
1742 2573 1773 2603 in
1789 2583 1883 2603 manu
1900 2571 1988 2602 Petri
2004 2570 2150 2602 Antioch.

1355 2626 1490 2668 episcopi
1506 2625 1669 2657 tradidit.''
1693 2624 1744 2654 fol.
1756 2625 1795 2654 62
1807 2624 1837 2654 b.

1397 2677 1494 2718 Incip.
1521 2682 1538 2694 ⁵⁶
1556 2677 1624 2718 Ego
1650 2675 1778 2717 angelus
1808 2679 1839 2705 et
1869 2673 1999 2704 nuncius
2026 2673 2150 2704 Domini

1379 2728 1550 2759 Salvatoris
1566 2727 1680 2758 mando
1696 2730 1727 2757 et
1743 2725 1920 2756 rcmando.”

1401 2779 1446 2810 Cf.
1465 2779 1589 2810 Fabric.
1606 2778 1682 2810 Cod.
1699 2777 1815 2818 Apocr.
1833 2775 1909 2807 Nov.
1927 2775 2010 2806 Test.
