2254 3117
322 148 369 182 46
880 149 1181 185 CATALOGUS
1208 150 1442 186 CODICUM
1471 151 1580 186 MSS.

338 244 368 276 6.
386 245 529 287 Epistola
544 246 760 278 consolatoria.
783 247 834 277 fol.
851 256 899 287 17.

446 297 525 327 Ibid.
543 300 618 328 tom.
636 298 654 327 i.
672 298 727 328 col.
742 299 813 338 367.

338 354 367 385 7.
384 352 539 394 Apologia
554 353 593 383 ad
611 356 732 393 patrem
746 353 948 384 willelmum.
973 354 1024 385 fol.
1043 364 1077 394 17
1093 355 1122 385 b.

446 404 525 434 Ibid.
542 408 617 434 tom.
632 404 651 434 i.
667 403 722 434 col.
734 405 806 444 526.

338 462 365 491 8.
384 461 433 491 De
447 460 550 501 gratia
565 464 596 490 et
612 459 708 490 libero
723 460 863 497 arbitrio,
877 472 946 491 cum
962 461 1143 503 praefatione
1158 462 1198 492 ad
1228 476 1229 481 ¹

402 511 456 541 W.
472 511 620 542 abbatem
637 511 667 542 S.
682 511 845 542 Theodosi.
869 512 919 543 fol.
936 523 973 553 19
986 513 1014 543 b.

446 561 523 592 Ibid.
541 565 615 593 tom.
632 562 651 592 i.
668 562 723 593 eol.
737 564 807 604 603.

337 618 365 649 9.
383 617 431 647 De
446 617 693 648 consideratione
708 619 748 648 ad
766 618 939 660 Eugenium
956 630 1069 661 papam
1087 620 1148 649 Ill.
1165 619 1198 650 li—
1227 633 1228 637 ¹

399 668 447 698 bri
464 668 608 709 quinque.
632 669 682 699 fol.
698 679 735 700 22
750 670 779 700 b.

444 717 522 748 Ibid.
540 722 615 748 tom.
630 719 649 749 i.
666 719 722 750 col.
735 730 807 760 407.

316 774 365 803 10.
383 772 533 814 Epistolae
559 774 599 804 ad
626 774 763 806 diversos
791 787 916 807 numero
942 777 1102 812 cclxxviii„
1128 787 1197 807 cum
1226 789 1228 801 =

399 825 592 865 argumentis
608 837 689 866 saepe
703 826 734 856 in
747 827 885 868 margine
898 828 1060 868 expressis.
1085 827 1134 858 fol.
1149 837 1196 867 29.

443 876 550 907 Prima
577 881 624 907 est
650 877 690 907 ad
714 877 895 914 Robertum,
910 873 1067 919 nepotem
1097 890 1196 911 sumn,

420 927 512 969 incip.
540 928 655 959 “Satis
683 934 714 959 et
745 929 906 970 plusquam
920 930 948 965 ;”
979 930 1052 960 ibid.
1078 935 1151 960 tom.
1177 930 1194 959 i.

420 978 475 1008 col.
495 989 518 1009 ι.

442 1029 509 1060 Ult.
538 1034 585 1060 est
613 1031 652 1061 ad
678 1031 852 1062 Arualdum
879 1033 1111 1065 Cal-notensem,
1143 1032 1195 1062 ab·

420 1080 525 1111 batem
537 1080 633 1111 Bonae
645 1080 753 1117 Vallis,
771 1082 859 1123 incip.
879 1087 896 1099 ‘⁵
908 1082 1104 1123 Susccpimus
1120 1083 1195 1112 cari-

419 1135 519 1162 tatem
535 1136 670 1163 vestram
681 1133 709 1167 ;”
732 1133 804 1163 ibid.
822 1139 896 1164 tom.
913 1134 932 1163 i.
949 1133 1004 1164 col.
1020 1143 1088 1174 290.

314 1188 362 1217 11.
382 1187 527 1218 Homiliae
564 1199 656 1229 super
687 1187 817 1219 Cantica
848 1189 1047 1220 Canticorum
1081 1188 1194 1218 lxxxvi.

398 1239 448 1269 sol.
466 1241 504 1270 68
523 1240 551 1270 b.

444 1291 522 1321 Ibid.
540 1295 616 1322 tom.
634 1291 653 1321 i.
670 1291 727 1321 col.
746 1293 835 1331 1267.

314 1346 363 1376 152.
381 1345 490 1376 Flores
506 1346 687 1387 Scripturae‚
704 1345 847 1387 capitulis
864 1346 1004 1387 triginta.
1029 1345 1079 1375 sol.

442 1398 537 1439 Incip.
559 1403 576 1414 ‘⁴
590 1397 660 1428 Noli
683 1397 792 1428 timere
816 1397 877 1427 filia
900 1397 992 1438 Syon,
1010 1403 1067 1427 etc.

419 1447 554 1478 Domine
570 1447 674 1478 Jesu.“'

441 1499 608 1540 Subjuuxit
636 1509 744 1529 manus
775 1498 928 1529 recentior
955 1498 1093 1529 tabulam
1122 1498 1195 1527 Ber-

417 1551 506 1581 nardi
522 1561 614 1592 super
629 1550 767 1581 Cantica.

1118 1396 1196 1426 Veni

666 1648 836 1682 CXLIX.

312 1712 432 1746 Codex
458 1712 751 1750 membranaceus,
783 1711 817 1743 in
846 1710 936 1749 folio,
966 1710 998 1743 ff.
1020 1713 1099 1744 920.
1128 1722 1193 1743 sec.

335 1772 416 1810 xiv„
435 1782 539 1804 manu
558 1769 726 1803 Johannis
745 1768 960 1807 Richesdale,
980 1774 1093 1801 rector
1111 1768 1193 1802 eccl.

336 1829 473 1874 paroch.
497 1830 538 1862 de
558 1828 780 1862 Rodemton?
806 1828 915 1861 forsan
942 1833 1122 1864 exaratus:
1151 1839 1194 1860 cx

336 1888 451 1932 legato
471 1887 615 1920 Robcrti
633 1887 794 1924 Thwaits.
814 1885 891 1919 coll.
908 1884 996 1918 Ball.
1017 1886 1182 1930 magistri.

354 1953 382 1982 1.
401 1952 564 1982 Sermones
585 1952 707 1982 circiter
723 1951 853 1991 triginta
873 1950 912 1980 ab
930 1950 1032 1990 Auglo
1052 1951 1194 1991 quodam,

421 2004 472 2041 [an
490 2002 633 2032 Johanne
650 2001 876 2040 Richesdale'fL
897 2005 931 2031 ut
952 2005 1041 2041 patet
1062 2012 1081 2031 a
1104 2001 1195 2042 pluri-

417 2053 474 2083 bus
492 2053 621 2094 Anglice
639 2053 762 2094 scriptis
778 2053 827 2082 hic
844 2052 903 2082 illic
919 2052 1052 2084 insertis.
1066 2053 1194 2083 collecti.

418 2105 468 2135 fol.
487 2116 511 2135 1.

462 2156 557 2197 Incip.
582 2156 600 2186 i.
626 2156 656 2185 in
681 2156 775 2192 istud,
802 2161 808 2172 ⁸
821 2156 964 2187 Christus
990 2166 1100 2196 passus
1127 2156 1194 2191 ests

440 2207 533 2248 Angl.
547 2207 598 2243 sic,
614 2212 621 2224 ‘
635 2207 717 2238 Crist
734 2208 763 2245 in
780 2208 836 2248 hys
852 2207 976 2248 passion
990 2207 1004 2242 ;'
1026 2206 1196 2246 “Quamvis

439 2259 495 2288 hee
511 2258 604 2288 verba
620 2258 764 2288 dicantur
778 2258 997 2299 gc11e1·aliter.’'

461 2310 514 2340 Ad
537 2310 567 2339 ff.
590 2319 625 2339 12
642 2309 671 2343 b,
691 2314 722 2339 ct
744 2319 780 2350 23
798 2309 817 2339 b
839 2309 927 2350 plura
951 2308 1081 2349 Anglice
1104 2309 1196 2339 inter-

439 2360 538 2390 mixta
554 2359 728 2393 habentui-3
753 2370 800 2389 ex.
817 2370 862 2399 gr.

324 2416 341 2427 ²·
355 2412 399 2441 At
416 2411 464 2441 his
481 2411 575 2441 burth
592 2410 675 2441 tbow
691 2409 813 2440 hurdist
831 2410 928 2449 angcll
945 2420 1030 2450 syng,

356 2462 429 2492 And
446 2473 514 2491 now
531 2466 612 2491 seest
628 2461 674 2491 his
691 2460 806 2490 frondis
823 2471 969 2501 wepyng3

356 2514 435 2544 Atte
457 2513 504 2543 his
525 2512 638 2542 bui-the
659 2511 789 2552 kynggis
811 2511 872 2548 and
895 2511 1096 2551 schephurdis
1120 2512 1197 2542 dede

397 2564 469 2605 hym
486 2564 618 2604 humage
633 2563 694 2593 aud
712 2562 857 2602 worchip,

357 2617 428 2647 And
443 2627 509 2646 now
522 2616 550 2646 al
564 2623 671 2646 maner
682 2625 751 2645 men
765 2614 842 2644 (loth
855 2614 915 2654 spit
929 2615 989 2644 and
1004 2614 1197 2656 sclienshipff*

439 2671 471 2697 et
493 2667 532 2697 ad
554 2666 605 2696 fol.
619 2676 659 2708 32
673 2666 692 2696 b
711 2666 763 2696 ubi
784 2665 931 2696 describit
950 2665 1064 2697 Christi
1088 2673 1197 2696 contra
1239 2690 1243 2694 .

439 2718 596 2748 diabolum
620 2717 650 2747 in
671 2728 760 2748 cruce
783 2727 927 2758 pugnam,
947 2717 1087 2747 “habuit
1109 2728 1197 2747 suum
1227 2726 1228 2734 ¹

440 2769 576 2805 Actoun,
594 2779 682 2799 suum
706 2779 816 2809 corpus
839 2768 995 2801 mundum,
1014 2772 1045 2798 et
1064 2779 1120 2808 pro
1142 2779 1198 2798 suo

1360 250 1506 288 Haberk,
1521 250 1605 291 quod
1625 252 1682 287 est,
1702 249 1756 280 full
1777 249 1812 280 of
1827 249 1921 288 holes,
1938 250 2057 289 habuit,
2074 263 2138 283 eor-

1358 311 1415 341 pus
1431 311 1521 331 suum
1537 300 1662 341 plenum
1677 299 1883 335 vulneribus‚”
1900 304 1958 331 etc.

1380 351 1430 381 Ad
1451 351 1502 382 fol.
1520 361 1560 392 55
1578 361 1678 382 sermo
1702 356 1751 381 est
1774 350 1805 380 in
1825 350 1909 381 istud
1928 356 1936 369 ⁶
1949 351 2029 382 Cum
2049 352 2138 384 fortis

1356 406 1496 432 armatus
1507 403 1526 437 ς’
1549 402 1639 444 Anyl.
1657 407 1674 418 ‘⁴
1689 401 1781 441 W'yle
1797 401 1852 432 the
1869 407 1995 444 stronge
2009 404 2137 443 yarmed

1356 453 1475 493 keputh
1492 453 1539 483 his
1559 453 1662 487 holde‚
1678 463 1713 482 or
1729 452 1776 482 his
1794 452 1868 483 Hall
1888 453 1918 483 in
1939 453 2021 493 pes‚”
2038 454 2090 484 ubi
2106 458 2138 485 et

1357 504 1489 545 Anglice
1504 504 1595 544 plura
1611 504 1729 534 inserta
1745 508 1827 534 sunt.

1378 554 1487 585 Sermo
1508 564 1542 595 15
1560 559 1608 586 est
1623 554 1645 584 J
1648 555 1780 585 ohannis
1796 555 1834 584 de
1851 554 1972 591 Semta,
1994 555 2059 585 ord.
2082 556 2138 586 mi-

1358 616 1423 636 nor.
1440 605 1470 635 in
1487 605 1571 636 istud
1588 606 1684 636 Zach.
1702 616 1748 646 13,
1767 612 1773 622 ⁵
1786 605 1943 636 Suscitare
1961 617 2054 647 super
2069 617 2138 647 pas-

1357 661 1458 687 torem
1469 657 1489 691 ς’
1519 657 1610 698 incip.
1632 662 1649 673 ⁴⁵
1664 656 1776 687 Patres
1799 657 1867 693 moi,
1892 656 2052 687 reverendi
2075 657 2137 687 Do—

1357 707 1430 738 mini
1454 708 1594 749 magistri
1613 708 1707 749 juxta
1729 708 1917 738 sententiam
1937 707 2138 738 Salvatoris.”

1358 759 1408 789 sol.
1422 769 1475 800 59.

1378 810 1487 840 Sermo
1510 818 1544 850 17
1563 814 1610 840 est
1630 810 1762 840 Outredi
1785 809 1927 840 monachi
1951 810 2137 841 Dunelmen—

1357 861 1407 896 sis,
1435 861 1463 891 S.
1481 860 1516 890 T.
1535 861 1572 890 P.
1603 861 1633 890 in
1662 860 1866 892 Universitat.
1895 861 1996 891 Oxon.
2027 868 2137 892 contra

1359 912 1488 942 Fratres
1506 911 1654 941 Minores.
1678 911 1730 941 fol.
1746 913 1795 951 64.

1378 963 1548 993 Habentur
1561 963 1656 993 etiam
1667 963 1810 1003 quaedam
1826 963 2010 1004 rejectanea,
2023 963 2138 1004 partim

1356 1014 1494 1050 metrice,
1516 1013 1554 1043 (le
1575 1013 1624 1043 vii.
1649 1013 1785 1054 pcccatis
1808 1014 2002 1050 mortalibus,
2025 1018 2083 1045 etc.
2105 1019 2137 1045 et

1355 1065 1395 1095 ad
1416 1065 1465 1096 fol.
1483 1066 1534 1105 65,
1553 1069 1569 1081 ²⁴
1584 1065 1823 1095 Memorandum
1839 1065 1921 1106 quod
1942 1065 1973 1095 in
1995 1065 2043 1096 (lie
2063 1065 2139 1096 Sab-

1357 1116 1422 1146 bati
1446 1117 1475 1146 in
1500 1116 1579 1146 festo
1603 1116 1634 1146 S.
1654 1116 1758 1146 Mauri
1782 1115 1915 1153 abbatis,
1939 1127 2042 1146 mense
2064 1116 2136 1147 Jan.

1361 1169 1435 1208 1361
1461 1167 1519 1198 fuit
1542 1173 1651 1198 ventus
1674 1167 1793 1197 validus
1815 1178 1870 1208 per
1892 1171 1995 1197 totum
2019 1167 2135 1204 orbem,

1355 1224 1429 1250 ante
1456 1230 1547 1260 quem
1574 1223 1700 1249 ventum
1731 1219 1781 1249 die
1812 1218 1842 1249 S.
1866 1219 1968 1249 Marci
1999 1219 2137 1260 proxime

1358 1270 1533 1311 precedenti
1551 1269 1595 1299 fui
1610 1281 1667 1310 ego
1683 1269 1734 1299 Jo.
1753 1270 1789 1299 R.
1807 1273 1908 1306 natus,

1294 1322 1337 1351 M.
1355 1327 1403 1352 ter
1419 1322 1452 1352 U.
1475 1321 1539 1351 Lux
1556 1321 1652 1351 lxxix.
1673 1321 1778 1351 Simon
1795 1320 1869 1351 Cau.
1887 1321 2094 1362 decapitatur,

1295 1373 1382 1402 Mors
1398 1372 1568 1402 communis
1585 1372 1615 1401 in
1634 1372 1677 1402 M.
1694 1372 1727 1402 O.
1743 1376 1792 1402 ter
1806 1371 1865 1402 fuit
1882 1370 1916 1401 L.
1935 1371 2036 1401 minus
2051 1382 2122 1402 uno.

1294 1423 1445 1453 Dominus
1466 1423 1519 1453 Jo.
1540 1423 1721 1453 Hit-hesdale
1744 1427 1848 1453 rector
1868 1427 1899 1453 et
1922 1423 2076 1464 parochus
2099 1423 2137 1453 de

1314 1475 1565 1505 R0(len1ant0n.”

1377 1526 1429 1556 Ad
1445 1526 1474 1555 ff.
1490 1526 1529 1563 84
1545 1530 1577 1556 et
1594 1536 1633 1566 90
1650 1536 1807 1556 sermones
1823 1530 1895 1556 sunt
1913 1530 1930 1541 ‘²
1942 1524 2137 1555 Chambron'*

1356 1578 1417 1608 duo
1441 1577 1471 1607 in
1495 1577 1544 1607 die
1567 1576 1733 1607 Paschatis
1754 1580 1784 1607 et
1807 1576 1971 1607 Dominica
1992 1576 2033 1606 iii.
2056 1576 2137 1615 Qua-

1355 1628 1548 1669 dragesimae.

1378 1680 1413 1709 ln
1432 1679 1524 1715 calce7
1544 1684 1560 1695 ²·
1576 1679 1721 1719 Explicit,
1740 1679 1917 1719 expliciats'
1933 1683 1992 1709 etc.

1270 1738 1298 1766 2.
1318 1736 1451 1766 Len-tura
1464 1746 1556 1776 super
1567 1735 1777 1775 Apocalypsin
1791 1737 1830 1774 [et
1844 1746 1923 1765 ηιαη.
1935 1736 2006 1773 seon]
2023 1742 2040 1751 ⁵*
2051 1745 2137 1764 num-

1334 1787 1407 1827 quid
1423 1790 1471 1817 est
1487 1785 1651 1827 Dolzyng.”
1675 1786 1726 1816 sol.
1745 1796 1811 1825 107.

1377 1837 1474 1878 Incip.
1500 1843 1517 1853 *⁵
1532 1836 1627 1867 Panis
1654 1837 1680 1866 ei
1705 1837 1819 1873 datus;
1849 1836 1958 1875 Qum-it
1984 1836 2138 1878 propheta

1354 1889 1502 1919 ibicle1n.”

1379 1940 1415 1970 In
1438 1940 1520 1971 calce
1542 1939 1683 1970 versiculi
1707 1939 1819 1970 nullius
1842 1938 2003 1975 momenti,
2026 1939 2137 1980 quibus

1355 1993 1491 2024 succedit
1508 1992 1647 2023 narratio
1660 1991 1762 2022 brevis
1775 1991 1813 2021 (lc
1825 1991 2006 2021 Alexandro
2017 1990 2137 2030 Magno

1354 2056 1422 2075 cum
1438 2044 1535 2074 milite
1552 2044 1687 2084 quodam
1703 2043 1742 2073 ad
1759 2053 1882 2072 scaccos
1898 2041 2034 2072 ludente.

1271 2102 1299 2130 3.
1320 2100 1518 2130 Moralitates
1539 2110 1631 2139 super
1648 2098 1761 2128 librum
1777 2096 2010 2138 Apocalypseos
2031 2096 2070 2127 ad
2092 2096 2136 2126 in-

1333 2152 1491 2182 tellectum
1528 2150 1626 2181 litcrae
1664 2149 1833 2190 pleniorem
1869 2159 1961 2189 super
1994 2147 2069 2178 illud
2104 2147 2136 2177 in

1334 2203 1461 2244 prologo
1486 2206 1503 2218 “
1520 2202 1570 2232 De
1594 2201 1664 2237 hiis,
1688 2212 1756 2242 quae
1787 2204 1912 2242 oportet
1942 2199 2050 2234 lieri?
2077 2203 2136 2229 etc.

1335 2254 1385 2284 fol.
1405 2264 1472 2295 193-

1380 2304 1475 2345 Incip.
1495 2308 1511 2320 ‘²
1529 2303 1708 2334 lnevitabile
1723 2307 1771 2334 est
1787 2303 1860 2344 quin
1879 2302 1986 2332 fiant.”

1273 2360 1301 2388 4.
1318 2357 1484 2387 Tractatus
1514 2355 1615 2386 brevis
1647 2355 1684 2385 de
1722 2354 1865 2396 periculis
1902 2353 2137 2384 novissimorum

1336 2412 1522 2447 temporum,
1545 2411 1562 2421 ⁶*
1575 2417 1613 2436 ex
1637 2405 1760 2446 scriptis
1784 2404 1895 2435 divinis
1917 2407 2082 2444 excerptus
2105 2406 2136 2433 et

1335 2457 1366 2486 in
1387 2460 1472 2486 certa
1493 2455 1630 2496 capitula
1649 2455 1831 2496 (ligestus;”
1858 2455 1912 2495 [an
1929 2453 2076 2485 Gulielmi
2098 2453 2136 2483 de

1338 2509 1368 2537 S.
1382 2507 1497 2537 Amore
1510 2508 1531 2547 1]
1558 2507 1611 2536 fol.
1627 2516 1698 2547 205.

1380 2559 1474 2599 lncip.
1494 2564 1510 2574 ⁵*
1526 2558 1606 2588 Ecce
1625 2558 1764 2588 ridentes
1788 2557 1967 2587 clamabunt
1986 2555 2060 2586 foris
2082 2566 2135 2586 an-

1355 2609 1446 2650 geli.”

1271 2668 1301 2695 5.
1319 2663 1452 2695 Simonis
1473 2663 1511 2693 dc
1533 2664 1649 2699 Gaunt,
1674 2663 1807 2704 episcopi
1831 2661 2081 2697 sarisburiensis,
2101 2661 2135 2691 li-

1335 2720 1411 2746 terae
1430 2715 1469 2745 ad
1487 2715 1681 2745 Bonifacium
1702 2724 1815 2755 papam
1833 2712 1928 2743 VIII.
1945 2713 1983 2742 de
2003 2711 2136 2753 dignita-

1336 2766 1419 2797 tibus
1443 2770 1473 2797 et
1496 2765 1670 2806 praebendis
1693 2765 1765 2796 eccl.
1786 2764 1896 2795 Sarum
1918 2763 1950 2794 in
1970 2769 2136 2794 extraneos
