2254 3117
359 161 406 195 72

488 255 583 295 Incip.
608 254 680 290 vita,
708 257 725 270 “
742 253 858 283 Beatus
886 252 1031 282 Nicolaus
1060 263 1099 282 ex
1128 252 1240 283 illustri

465 305 637 346 prosapia.”

380 358 408 387 3.
420 356 498 387 Vita
508 356 539 386 S.
549 355 703 386 Edmundi
714 355 820 391 Riehe,
831 354 965 395 archiep.
974 355 1122 386 Cantuar.
1135 355 1154 385 f.
1162 357 1202 393 48
1211 355 1239 385 b.

487 406 583 447 Ineip.
601 406 677 446 prol.
695 410 712 422 ⁶*
724 406 774 435 Ad
791 405 940 436 honorem
956 405 1157 436 salvatoris.”

487 457 582 497 Incip.
595 457 646 486 lib.
662 461 679 473 “
691 456 728 487 Β.
740 457 923 487 Edmundus
938 457 996 498 piis
1009 468 1047 487 ex
1060 457 1240 498 parentibus

466 507 709 538 Habendoniae.”

380 561 408 589 4.
426 558 503 588 Vita
520 558 548 588 S.
564 558 764 599 Margaretae.
790 558 841 588 fol.
855 560 904 597 64.

486 608 582 648 Incip.
596 613 614 625 ‘⁴
628 608 706 639 Post
719 608 891 649 passionem
907 613 938 639 et
954 608 1240 639 1·esurrectioncm.”

378 661 407 689 5.
426 659 572 690 Narratio
588 660 626 689 (le
642 660 790 690 miraculo
807 671 861 700 per
877 670 997 690 erucem
1014 660 1129 691 Christi
1146 659 1239 695 edito.

441 715 536 751 temp.
555 710 701 741 Heraclii.
727 710 778 741 sol.
793 712 832 741 68
846 711 874 741 b.

487 761 581 802 Incip.
597 766 614 778 *²
625 762 777 803 Tempore
792 762 843 792 illo
860 767 1025 803 postquam
1036 762 1240 803 Augustin0.''

377 811 405 843 6.
426 812 534 843 Passio
551 813 582 843 S.
598 813 701 843 Luciae
718 813 852 854 virginis.
876 814 926 844 fol.
945 822 993 854 70.

486 863 581 905 incip.
600 869 617 880 “
632 864 716 894 Dum
732 875 787 905 per
802 864 1006 895 universam.”

385 928 405 947 l.
423 915 454 945 S.
468 915 623 946 Brendani
640 916 713 946 vita.
738 915 789 946 fol.
804 925 852 956 72.

487 966 581 1007 Incip.
600 971 618 983 “
630 968 762 997 Sanctus
779 967 961 998 Brendanus
976 967 1056 997 filius
1074 966 1229 997 Fiuloca.'''

377 1019 406 1047 8.
424 1017 454 1048 S.
470 1017 602 1058 Brigidae
620 1018 685 1048 vita
702 1029 757 1059 per
774 1018 975 1049 Laurentium
991 1019 1237 1051 Dunehnenscm.

441 1069 556 1109 praevia
569 1069 699 1110 epistola
714 1070 754 1100 ad
768 1069 970 1100 Ethclredum
984 1069 1238 1111 dispensatorem.

441 1119 492 1150 fol.
507 1121 557 1150 86.

486 1170 579 1211 Incip.
598 1182 643 1211 ep.
662 1176 680 1187 ‘⁴
694 1171 779 1201 Licet
796 1170 1030 1212 i1icxplicabili.”

485 1222 581 1263 Incip.
599 1234 686 1263 opus,
704 1228 720 1239 *²
736 1223 957 1254 Fruetificante
973 1223 1004 1253 in
1020 1223 1175 1253 divorsis?

683 1306 911 1342 CCXXVII.

357 1369 476 1403 Codex
504 1369 794 1407 membranaceus.
823 1370 858 1402 in
886 1369 980 1409 folio,
1007 1369 1040 1402 ff.
1061 1372 1142 1408 308,
1172 1382 1238 1403 sec.

381 1427 464 1467 xiii„
498 1428 620 1472 partim
658 1428 746 1461 binis
786 1427 954 1461 columnis
991 1428 1081 1461 haud
1118 1429 1238 1461 eadem

380 1497 486 1519 manu
513 1491 682 1519 exaratus.

400 1546 428 1575 1.
446 1545 539 1575 Liber
554 1545 591 1575 de
604 1545 675 1575 vitis
691 1546 906 1587 miraculisque
923 1546 1119 1584 Sanctorum,
1134 1559 1240 1577 corum
1269 1553 1270 1561 ³

462 1597 595 1627 maxime
619 1597 670 1638 qui
694 1597 724 1627 in
750 1598 936 1628 kalendariis
961 1603 1163 1635 annotantur,
1187 1600 1237 1639 qui
1269 1609 1270 1617 ¹

462 1648 576 1678 dicitur
602 1648 806 1679 Abbrcviatio
837 1649 867 1679 in
897 1649 993 1691 gestis
1023 1654 1053 1680 ct
1083 1650 1239 1681 miraculis

463 1703 636 1730 anctorum.
662 1700 714 1730 fol.
731 1712 759 1738 4.

507 1750 603 1791 lncip.
641 1751 718 1792 prol.
754 1756 770 1767 ‘⁴
787 1751 866 1781 Cum
903 1752 1024 1792 plurimi
1062 1754 1239 1784 sacerdotes

486 1801 699 1833 Sanctorum?

505 1852 603 1893 Incip.
621 1853 672 1884 lib.
691 1858 708 1870 “
722 1853 751 1884 S.
770 1854 897 1884 Antlree
917 1855 1060 1895 apostoli,
1076 1855 1238 1885 ,Iohannes

486 1902 640 1943 Baptista,
657 1904 779 1945 quando
794 1905 975 1946 predicabat
991 1905 1022 1934 in
1038 1905 1189 1935 desertos*

508 1952 614 1983 Desin.
627 1954 659 1983 in
671 1954 734 1984 vita
748 1955 874 1985 Ruffinze
887 1960 918 1985 et
931 1956 1072 1986 secundae
1086 1956 1115 1985 in
1128 1956 1238 1993 verbis,

488 2008 505 2020 “
518 2004 567 2034 die
582 2005 610 2045 vj
626 2005 741 2045 yduum
756 2005 777 2036 J
783 2006 921 2043 uliarum,
938 2012 1087 2048 regnante
1104 2007 1238 2037 Domino

486 2059 592 2086 nostro
607 2056 705 2087 Jhesu
722 2057 855 2095 Christo,
871 2058 931 2097 Qui
947 2069 1016 2088 cum
1033 2058 1157 2095 Patre,”
1169 2062 1228 2089 etc.

507 2107 652 2148 Sequitur
672 2108 815 2149 Hymnus
838 2109 869 2139 in
890 2111 1057 2141 earundem
1079 2111 1238 2147 honorem,

487 2162 505 2174 “
519 2158 618 2189 Corde
634 2159 715 2189 fideli
731 2171 864 2201 voceque
879 2162 1018 2192 sonora.”

402 2210 431 2238 2.
457 2209 626 2240 Meditacio
652 2210 739 2240 benae
765 2212 919 2259 meuroriae
949 2212 1055 2243 fratris
1082 2213 1238 2243 Bonaven-

465 2263 552 2290 turae.
577 2260 626 2290 sol.
643 2262 710 2301 136.

510 2310 603 2352 Incip.
623 2316 640 2328 “
653 2312 777 2342 Christo
793 2312 930 2343 confixus
946 2313 1042 2343 sum.”

401 2362 430 2391 3.
448 2361 626 2402 Epiphanii,
641 2363 776 2403 archiep.
789 2363 893 2403 Cypri>
907 2364 1051 2395 Historia
1068 2364 1102 2394 B.
1115 2363 1155 2394 V.
1171 2364 1239 2394 Ma-

465 2412 529 2450 riae,
550 2424 566 2443 e
587 2413 694 2444 Graeco
718 2413 747 2443 in
772 2413 918 2444 Latinum
941 2426 996 2455 per
1019 2415 1053 2446 P.
1078 2416 1116 2445 de
1139 2416 1239 2446 Roma

464 2464 621 2500 traducta,
638 2475 705 2494 cum
726 2465 907 2505 maritatione
926 2467 965 2497 ad
983 2466 1170 2503 Dandolum,
1186 2478 1238 2508 pa-

466 2515 634 2545 triarcham
650 2515 875 2556 dignissinnnm
894 2517 943 2547 fol.
962 2519 1018 2555 146
1033 2518 1060 2547 b.

510 2566 605 2607 Incip.
621 2577 668 2607 ep.
687 2571 704 2583 “
718 2566 886 2597 Karissime
902 2569 1020 2608 patcr.”

510 2617 605 2658 Incip.
622 2617 693 2648 hist.
712 2621 730 2634 ‘⁴
742 2617 792 2648 De
811 2617 935 2649 domina
955 2626 1062 2650 nostra
1080 2620 1136 2650 Dci
1154 2619 1238 2661 geni-

487 2669 595 2699 trice.’²

511 2719 547 2750 In
559 2720 652 2757 calco,
666 2726 683 2737 ‘⁴
694 2720 830 2761 Explicit
841 2720 956 2761 ystorie
971 2721 1102 2762 gloriose
1118 2733 1239 2764 semper

488 2770 627 2812 Virginis
643 2771 776 2803 Marie.''

919 154 1217 189 CATALOGUS
1244 153 1478 188 CODICUM
1507 152 1616 187 MSS.

1314 254 1342 282 4.
1360 251 1503 292 Epistola
1519 250 1660 291 Dionysii
1677 249 1759 280 beati
1778 250 1816 280 de
1837 253 1937 280 morte
1953 249 2172 291 Apostolorum

1378 301 1466 333 Petri
1481 307 1513 332 et
1530 301 1620 332 Pauli
1635 301 1675 332 ad
1693 301 1901 331 Timotheum.
1926 300 1975 330 fol.
1993 311 2002 330 1
2010 310 2046 340 51
2062 300 2092 331 b.

1419 351 1517 393 Incip.
1532 356 1549 369 “
1563 351 1671 382 Saluto
1687 356 1718 382 te
1732 350 1864 382 Dionisii
1879 350 1947 391 [sic]
1963 350 2172 391 discipulun1.”

1313 406 1340 434 5.
1360 403 1453 433 Liber
1473 403 1704 434 Sententiarum
1726 403 1763 433 de
1786 402 1914 433 diversis
1934 402 2121 439 doctoribus‚
2143 403 2188 445 in·

1376 454 1512 496 capitula
1541 454 1611 484 lxvi.
1641 453 1816 489 distinctim,
1848 453 1961 494 praevio
1995 454 2171 484 eorumdem

1377 506 1503 546 syllabo.
1528 505 1578 535 sol.
1596 515 1662 546 157.

1420 556 1517 597 Incip.
1545 560 1562 573 “
1579 556 1627 586 De
1653 555 1793 586 caritate.

1399 608 1548 638 factum.''

1422 659 1487 689 Ult.
1504 670 1570 700 cap.
1587 663 1635 689 est
1651 659 1689 688 de
1707 657 1847 694 lectione,
1865 657 1960 687 desiu.
1979 662 1996 673 ‘⁶
2009 657 2100 687 homo
2121 668 2174 687 nu-

1843 555 1921 585 Cum
1946 554 2071 584 verbum
2102 565 2174 585 caro

1400 711 1494 741 tritur
1508 722 1544 741 ac
1560 709 1725 751 pascimus*

1313 762 1342 792 (i.
1359 762 1390 792 S.
1406 762 1632 792 Bonavcnturae
1656 760 1851 791 ltinerarium
1876 759 1988 790 mentis
2010 760 2042 790 in
2063 760 2172 790 Deum.

1376 813 1425 843 fol.
1448 824 1457 842 1
1467 814 1515 843 82.

1422 864 1519 904 Incip.
1537 869 1554 880 ⁴⁴
1568 862 1605 893 In
1622 863 1771 903 principio
1783 862 1810 896 ;”
1834 866 1868 893 ut
1884 862 1914 892 in
1931 862 2004 893 edit.

1312 918 1340 948 7.
1358 916 1515 956 Anonymi
1536 915 1697 956 cujusdam
1720 925 1876 945 sermones
1895 915 2002 945 breves
2021 915 2058 944 de
2078 914 2176 944 diver-

1375 967 1424 997 sis.
1451 967 1502 996 fol.
1519 976 1587 997 201.

1419 1018 1514 1059 Incip.
1528 1023 1546 1035 “
1558 1018 1637 1048 Eccc¹
1652 1028 1784 1057 persona
1796 1016 1942 1058 Filii‚que
1954 1016 2174 1058 p1·cmittitur.”

1312 1072 1339 1099 8.
1359 1069 1523 1100 Sermones
1541 1070 1609 1111 [scu
1631 1079 1806 1099 sermonum
1824 1067 2098 1109 abbreviationes}
2115 1067 2176 1098 fra-

1376 1121 1433 1151 tris
1446 1121 1573 1151 Thomae
1590 1120 1628 1150 de
1646 1119 1781 1160 Aquino,
1794 1119 1860 1149 ord.
1876 1119 2008 1149 fratrum
2022 1118 2175 1149 Praedica-

1378 1177 1491 1208 torum,
1508 1171 1721 1202 festivitatum.
1743 1170 1793 1201 fol.
1809 1180 1878 1207 2¹4-

1421 1223 1518 1264 Incip.
1534 1228 1550 1239 ²·
1564 1223 1672 1253 Omnis
1687 1222 1871 1263 quicumque
1887 1221 2103 1257 invocaverit?
2115 1226 2174 1252 etc.

1400 1279 1416 1290 ⁴²
1433 1274 1467 1304 ln
1486 1275 1552 1305 istis
1568 1274 1668 1304 verbis
1683 1274 1864 1304 notantu1·.‘'

1269 1364 1270 1374 ἵ
1423 1326 1456 1356 ln
1473 1326 1565 1362 calce,
1584 1332 1601 1343 “
1613 1326 1792 1367 Expliciunt
1808 1336 1964 1356 sermones
1980 1325 2017 1355 de
2033 1325 2175 1355 omnibus

1269 1386 1270 1413 l
1398 1377 1648 1408 fcstivitatibus.”

1312 1430 1340 1461 9.
1368 1429 1531 1469 Expositio
1565 1429 1666 1460 brevis
1703 1429 1733 1459 in
1767 1428 1938 1459 orationem
1970 1427 2174 1466 Dominicam.

1269 1492 1270 1535 1
1376 1479 1428 1510 fol.
1447 1489 1461 1509 2
1465 1490 1515 1521 53.

1419 1530 1516 1571 Incip.
1536 1535 1553 1547 “
1567 1531 1664 1561 Fater
1680 1535 1803 1564 noster:
1826 1530 1888 1561 Hic
1905 1531 1959 1561 dat
1976 1530 2148 1561 Salvator.”

1292 1583 1341 1612 10.
1360 1582 1591 1612 Vocabulorum
1608 1583 1762 1613 variorum
1783 1582 2001 1623 interpretatio
2022 1593 2074 1612 seu
2096 1582 2174 1612 deri-

1269 1620 1270 1678 l
1376 1633 1527 1669 vationes,
1554 1633 1727 1664 intersertis
1753 1633 1868 1674 passim
1895 1633 2081 1664 carminibus
2107 1645 2176 1675 pro-

1374 1684 1559 1714 verbialibus
1576 1689 1607 1715 et
1624 1685 1814 1725 rhythmicis.
1838 1684 1889 1715 sol.
1905 1693 1973 1726 255.

1419 1736 1514 1777 lncip.
1533 1740 1550 1752 ‘⁴
1565 1735 1722 1777 Dapsilis;
1748 1737 1844 1777 dapes
1859 1736 1936 1766 dans
1951 1736 2040 1766 illis.”

1291 1792 1339 1822 11.
1356 1791 1440 1822 Nota
1453 1792 1490 1821 de
1503 1792 1624 1827 arbore,
1637 1803 1704 1832 quas
1716 1796 1844 1822 vocatur
1855 1796 1862 1808 ⁴
1871 1791 2024 1822 Pisaeus?
2039 1792 2059 1823 f.
2073 1793 2131 1833 258
2142 1792 2172 1823 b.

1347 1834 1353 1838 .
1418 1843 1514 1883 Incip.
1534 1848 1551 1860 “
1564 1843 1649 1873 Nota
1669 1843 1749 1884 quod
1773 1847 1820 1873 cst
1841 1843 1971 1883 quedam
1994 1843 2096 1880 arbor,
2113 1854 2173 1884 que

1396 1899 1525 1924 vocatur
1541 1894 1682 1931 Fisticns‚
1701 1895 1787 1934 cujus
1803 1894 1915 1935 duplex
1931 1899 1978 1925 est
1993 1895 2118 1936 genuss

1268 1959 1270 2012 ν
1419 1945 1598 1986 Sequuntur
1614 1956 1719 1976 versus
1737 1945 1874 1983 Leonini,
1891 1945 1980 1987 incip.

1312 2001 1329 2012 “
1343 1996 1401 2035 Qui
1420 1996 1516 2026 clausi
1532 1997 1624 2027 statis
1638 2021 1643 2026 .
1657 1996 1710 2037 qui
1726 1996 1882 2037 perigrina
1897 2007 2017 2038 queque
2029 1996 2175 2027 voratis.”

1290 2053 1339 2082 19.
1357 2053 1407 2082 Ad
1425 2053 1597 2083 sanandum
1613 2052 1717 2082 oculos
1733 2063 1898 2092 equorum;
1916 2056 1973 2083 etc.
1995 2052 2046 2083 fol.
2063 2062 2122 2093 259
2133 2052 2162 2082 b.

1417 2102 1514 2143 Incip.
1532 2108 1550 2119 ‘⁶
1561 2103 1677 2143 Accipe
1693 2103 1817 2133 ederam
1834 2103 2065 2144 campestrem.''

1268 2153 1269 2169 ¹
1291 2158 1340 2188 13.
1360 2158 1554 2198 [Aristotelis
1577 2158 1709 2199 epistola
1732 2158 1771 2188 ad
1794 2158 2008 2188 Alexandrum
2032 2158 2070 2189 de
2093 2158 2172 2188 sani-

1374 2212 1440 2239 tate
1471 2209 1632 2245 servanda,
1664 2209 1778 2250 praevia
1807 2209 1989 2250 praefatione
2017 2209 2173 2240 Johannis

1375 2259 1606 2301 Hispanensis.]
1633 2261 1683 2290 fol.
1701 2261 1770 2290 260.

1418 2311 1514 2352 Incip.
1533 2316 1551 2328 ⁴⁶
1564 2312 1641 2342 Cum
1657 2312 1695 2342 de
1711 2311 1847 2342 utilitate
1863 2311 2031 2353 corporis.”

1290 2363 1339 2392 14.
1359 2361 1476 2392 Versus
1492 2362 1530 2392 de
1546 2363 1681 2393 sanitate
1697 2362 1821 2393 tuenda.
1846 2362 1897 2393 sol.
1912 2364 1967 2394 261
1985 2363 2014 2393 b.

1420 2412 1515 2454 lncip.

1305 2469 1323 2481 ⁴⁴
1337 2464 1468 2494 Lumina
1478 2475 1579 2501 mane,
1591 2475 1710 2501 manus,
1722 2475 1849 2506 surgens
1858 2464 1960 2505 gelida
1969 2464 2051 2495 lavet
2061 2465 2172 2496 unda.”

1418 2515 1565 2555 Sequitur
1589 2515 1627 2545 dc
1654 2514 1887 2546 conservatione
1913 2514 2023 2545 medici
2050 2515 2081 2545 in
2106 2526 2171 2546 cor-

1396 2570 1488 2606 rupto
1505 2567 1605 2596 aere.“'

1290 2621 1338 2650 15.
1360 2620 1531 2652 Sententiae
1562 2633 1600 2652 ex
1627 2621 1682 2652 SS.
1707 2621 1855 2652 Patribus
1884 2621 2031 2658 collectae,
2053 2621 2171 2662 partim

1367 2673 1514 2713 prosaice,
1525 2673 1644 2714 parlim>
1659 2673 1782 2704 metrice.
1806 2671 1857 2702 fol.
1872 2673 1941 2702 262.

1418 2723 1514 2765 Incip.
1543 2728 1560 2740 ‘⁸
1575 2724 1597 2753 J
1601 2724 1647 2755 oel
1677 2723 1830 2766 propheta
1857 2723 1942 2760 dicit,
1971 2723 2171 2754 Sanctificate

1393 2775 1578 2816 jejunium.''
