2254 3117
322 165 337 195 l
345 161 366 195 6
966 153 1267 188 CATALOGUS
1293 152 1527 188 CODICUM
1555 152 1664 186 MSS.

364 261 390 289 1.
409 259 472 289 S.J
477 257 607 289 ohannis
635 253 849 295 Evangelium,
878 252 908 283 S.
922 252 1107 293 Hieronymi
1134 263 1203 293 pro-

427 310 496 351 logo
533 307 703 349 glossisque
740 303 990 334 interlinearibus
1028 303 1203 345 marginali-

427 362 543 402 busque
559 360 754 389 instructum.
777 355 829 386 fol.
841 365 871 396 5.

471 412 506 442 In
519 410 611 444 calce,
626 415 644 424 “
653 408 789 449 Explicit
802 407 874 438 iste:
889 407 972 438 Laus
984 407 1053 443 tibi,
1065 406 1202 443 Christe3

451 465 563 497 Amen,
580 461 695 495 Amen,
711 457 842 488 Ame11.”

363 527 391 554 Q.
409 525 430 555 S
451 521 605 553 Joliannis
626 518 842 560 ApocalypsiS‚
863 528 933 548 cum
953 517 1203 558 prothematibus

427 573 607 615 glossisque.
630 571 681 601 sol.
702 580 769 601 101.

470 626 508 655 In
525 624 617 659 calce,
640 621 807 662 “Explicit
831 619 1027 660 Apocalipsis
1050 618 1203 649 Johannis

450 674 624 716 Apostoli.”

470 726 617 767 Sequitur
631 723 820 755 tractatulus
837 723 875 753 de
890 722 1044 763 lapidibus
1060 721 1204 763 pretiosis

448 782 479 808 et
496 776 664 807 eorundem
681 774 914 816 significatione.

472 828 569 868 Incip.
597 826 737 867 “Jaspis
763 825 868 856 viridis
895 825 1026 855 virorem
1054 824 1123 854 fidoi
1150 824 1203 853 im-

449 879 687 910 marcessibilem
703 877 883 919 significas*

473 936 509 965 In
526 935 576 965 fol.
595 944 611 964 2
628 945 716 964 verso
732 933 848 974 scripta
864 936 945 969 sunt,

385 999 411 1017 a.
431 994 448 1002 ⁴'
465 986 558 1016 Liber
574 985 755 1016 venerabilis
772 984 871 1026 patris
894 984 939 1014 M.
952 982 1101 1012 Willelmi
1120 981 1205 1011 Reed

450 1037 584 1078 episcopi
608 1036 766 1072 Uicestrie,
791 1046 882 1076 quem
905 1034 980 1064 emit
1002 1045 1021 1064 a
1040 1032 1205 1063 venerabili

450 1093 541 1129 patre
557 1087 683 1117 domino
700 1086 820 1116 Thoma
837 1085 952 1115 Trillek
972 1084 1115 1125 episcopo
1132 1083 1205 1113 Rof-

450 1139 535 1169 fensi.
574 1138 651 1169 Oret
668 1137 763 1178 igitur
779 1148 835 1178 pro
851 1137 1014 1177 utroque.’'

388 1195 415 1224 b.
436 1200 454 1209 ‘¹
468 1193 561 1223 Liber
582 1193 691 1223 domus
715 1192 877 1222 scolarium
902 1189 1085 1221 venerabilis
1108 1189 1206 1230 patris

451 1245 565 1275 domini
594 1243 742 1274 Willclmi
770 1243 925 1279 XVicham,
951 1241 1085 1282 episcopi
1108 1239 1206 1280 IVyn-

451 1295 608 1331 tomensis,
640 1295 670 1325 in
697 1294 828 1331 Oxonia,
856 1305 893 1324 ex
921 1293 1002 1323 dono
1025 1291 1207 1322 venerabilis

450 1347 549 1388 patris
564 1347 609 1376 M.
620 1346 769 1376 Willelmi
782 1346 879 1382 Reed,
892 1344 1027 1386 episcopi
1040 1342 1206 1379 Cicestrie;

451 1399 556 1429 Oretis
571 1398 666 1440 igitur
684 1409 740 1439 pro
756 1405 888 1438 utroque
904 1400 936 1427 et
956 1394 1207 1426 benefactoribus

451 1449 619 1478 eorundem
643 1459 678 1478 ac
704 1447 840 1478 fidelium
867 1447 1030 1478 animabus
1053 1457 1072 1477 a
1094 1456 1206 1486 purga-

452 1500 533 1529 torio
549 1498 747 1530 liberandis.'’

324 1632 444 1665 Codex
474 1630 767 1666 membranaceus,
798 1628 832 1661 in
864 1629 934 1666 4to,
966 1626 1000 1660 ff.
1029 1625 1112 1666 116,
1139 1636 1206 1659 sec.

349 1690 431 1728 xiii„
451 1688 564 1733 quoad
582 1693 715 1732 partem
730 1687 954 1731 posteriorem
974 1685 1062 1719 binis
1077 1684 1207 1718 colum-

350 1750 402 1782 nis
420 1753 590 1781 exaratus.

370 1812 398 1840 1.
417 1808 613 1839 S..Iohannis
630 1806 843 1847 Evangelium,
860 1816 929 1836 cum
945 1805 1084 1845 prologo,
1099 1803 1209 1845 glossis

433 1859 654 1900 marginalibus
670 1864 701 1888 ct
723 1857 972 1888 inter-linearibus
994 1867 1144 1897 perquam
1160 1856 1206 1886 in-

434 1917 598 1940 structum.
622 1908 672 1939 fol.
690 1919 713 1938 1.

478 1960 572 2001 Incip.
603 1959 695 2000 gloss.
725 1959 755 1988 in
786 1959 863 1999 prol.
897 1964 914 1973 ‘¹
932 1958 1083 1989 Omnibus
1109 1957 1209 1987 divine

456 2012 608 2052 scripture
623 2010 744 2051 paginis
760 2010 951 2051 evangelium
968 2009 1118 2040 excellit.''

479 2063 576 2103 Incip.
598 2062 689 2103 gloss.
710 2061 740 2091 in
759 2064 837 2091 text.
859 2067 875 2075 ¹⁴
891 2062 976 2097 Sum,
994 2061 1132 2096 verbum,
1155 2061 1209 2090 du-

457 2115 565 2156 plicem
581 2114 676 2144 habet
692 2113 977 2154 significationein.”

478 2165 583 2196 Desin.
603 2171 620 2179 “
633 2165 757 2205 quando
770 2175 826 2205 ego
839 2163 963 2194 veniens
979 2163 1124 2204 recipiam
1140 2173 1209 2193 eum

457 2219 486 2248 in
503 2223 610 2248 eterna
626 2215 848 2246 beatitudines*

480 2273 669 2313 Sequuntur,
700 2282 701 2287 ¹

395 2338 422 2356 a.
441 2325 562 2355 Notitia
578 2324 615 2354 de
633 2323 744 2354 Mariis
759 2322 869 2353 tribus.
894 2321 943 2351 fol.
956 2331 997 2359 40
1011 2321 1040 2351 b.

501 2375 598 2416 Incip.
631 2380 648 2389 “
663 2373 712 2403 Ex
742 2371 928 2404 testimoniis
958 2377 1092 2412 quatuor
1122 2381 1211 2401 evan-

479 2426 629 2467 geliorum
649 2429 680 2455 et
701 2423 832 2465 epistola
847 2423 868 2453 J
873 2422 1031 2453 beronomi
1050 2422 1089 2452 ad
1108 2421 1211 2451 Helvi-

480 2478 597 2507 dium.’'

398 2535 425 2564 b.
446 2532 571 2574 Regulae
602 2535 722 2572 septem
752 2529 950 2560 observandae
981 2528 1011 2558 in
1043 2527 1134 2557 modo
1165 2527 1210 2556 di-

461 2584 547 2614 cendi
571 2584 609 2614 de
630 2582 767 2613 Domino
787 2585 819 2611 ct
834 2580 900 2622 ejus
916 2590 1053 2620 corpore,
1075 2583 1134 2609 etc.
1162 2578 1210 2608 sol.

461 2645 501 2673 40
518 2636 546 2665 b.

506 2685 604 2726 Incip.
629 2691 645 2699 '⁴
663 2684 765 2714 Prima
783 2683 889 2724 regula
908 2686 955 2712 est
976 2682 1013 2712 de
1030 2681 1163 2711 Domino
1183 2685 1214 2711 et

484 2738 549 2777 ejus
565 2747 703 2776 corpore,
719 2746 778 2776 que
801 2735 839 2765 de
862 2744 923 2764 uno
939 2733 979 2764 ad
1001 2743 1095 2763 unum
1119 2732 1214 2774 loqui-

485 2789 564 2818 tur.”

1297 253 1325 282 2.
1346 251 1485 292 [Ricardi
1508 250 1546 280 de
1567 251 1683 280 Sancto
1705 248 1849 290 Victore]
1875 249 1906 279 in
1926 249 2134 290 Apocalypsin

1360 300 1612 338 commentarius,
1655 310 1724 330 cum
1766 299 1902 340 prologis
1942 299 2062 330 duobus
2103 304 2134 331 et

1361 353 1505 394 capitulis
1520 351 1707 393 praemissis,
1726 351 1757 381 in
1773 351 1854 381 calce
1871 350 1970 381 mutil.
1994 350 2105 388 l'ol.41.

1405 405 1472 435 Tit.
1489 404 1567 445 prol.
1587 409 1605 418 ¹‘
1620 403 1735 444 Incipit
1750 402 1896 444 prologus
1911 402 2135 433 sententiarum

1383 466 1476 496 super
1492 454 1712 495 Apocilipsis.”

1404 507 1502 547 Incip.
1531 512 1549 520 ‘¹
1568 505 1686 546 Accipe
1716 504 1873 535 carissime
1896 504 1995 534 frater
2021 508 2053 534 et
2079 503 2134 534 hoc

1384 557 1610 589 sententiarum
1638 567 1759 592 munus,
1790 566 1868 596 quas
1891 555 1948 586 tibi
1973 555 2011 585 de
2038 555 2137 586 verbis

1384 608 1581 650 Apocalipsis
1623 607 1706 638 beati
1747 607 1769 637 J
1772 607 1902 638 ohannis
1939 606 2070 648 apostoli
2106 611 2134 637 et

1383 659 1571 701 evangeliste
1587 660 1647 690 sire
1663 658 1857 700 postulasti.”

1407 711 1504 752 Incip.
1528 711 1604 752 prol.
1629 711 1717 747 alter,
1743 709 1892 740 “Beatus
1914 709 2076 740 Johannes
2092 720 2137 739 ce-

1384 762 1506 793 lestium
1518 761 1725 792 misteriorum
1738 761 1886 802 teologus,
1897 771 1987 802 quem
1998 760 2138 792 Christus

1385 813 1423 844 de
1442 813 1558 854 nuptiis
1574 813 1759 843 revocavit.”

1409 864 1505 905 Incip.
1522 875 1610 905 opus,
1635 870 1652 878 “
1668 864 1754 893 Deus
1770 863 1936 893 immensus
1952 868 1984 893 et
2004 866 2139 899 eternus,

1386 915 1437 956 qui
1454 915 1521 945 loco
1534 925 1594 945 non
1607 914 1730 955 capitur
1744 924 1799 943 nec
1812 917 1951 954 tempore
1965 916 2105 944 mutatur
2113 912 2139 949 ;''

1386 971 1446 997 etc.
1494 972 1511 981 ‘¹
1527 968 1553 997 A
1554 965 1720 1007 pocalz'psis
1734 964 1827 995 leesm
1844 964 1976 999 Olmiai,-
2000 964 2140 1003 Quatuor

1386 1022 1458 1049 sunt
1483 1018 1634 1048 visionum
1660 1016 1753 1052 modi,
1778 1027 1817 1046 ex
1843 1016 1954 1057 quibus
1980 1015 2041 1046 duo
2068 1020 2138 1046 sunt

1386 1069 1498 1100 intusfi'

1409 1121 1507 1151 Deest
1523 1121 1553 1150 in
1569 1120 1629 1150 fine
1645 1119 1751 1149 folium
1767 1118 1899 1148 unicum.

1408 1172 1523 1202 Exstat
1539 1171 1678 1211 impress.
1696 1170 1777 1201 inter
1792 1180 1898 1210 opera,
1916 1169 2029 1200 Venet.
2053 1170 2138 1210 1650,

1388 1225 1503 1265 1)-589-

1643 1304 1762 1339 LVII.

1261 1369 1381 1403 Codex
1405 1368 1701 1406 membranaceus,
1724 1366 1759 1399 in
1778 1365 1860 1399 folio
1878 1365 2011 1403 minori,
2030 1364 2066 1398 ff.
2086 1363 2140 1404 61,

1285 1438 1352 1461 sec.
1382 1438 1459 1466 XV.;
1491 1425 1574 1459 olim
1605 1424 1796 1469 cujusdam,
1828 1424 1886 1468 qui
1917 1422 2078 1468 portabat
2107 1423 2143 1456 in

1285 1490 1384 1520 scuto
1403 1484 1549 1519 cacruleo
1569 1494 1707 1518 crucem
1726 1486 1938 1528 argenteam.

1304 1553 1496 1585 Venerabilis
1517 1553 1613 1583 Bedae
1633 1551 1807 1593 presbyteri
1828 1551 1859 1581 in
1879 1551 1981 1582 Actus
2006 1552 2142 1592 Aposto-

1324 1606 1425 1640 lorum
1458 1605 1620 1646 expositio,
1656 1603 1769 1645 praevio
1804 1603 1931 1644 prologo
1965 1602 2006 1633 ad
2036 1603 2143 1632 Accan

1325 1656 1511 1698 episcopum.

1368 1707 1429 1737 Tit.
1449 1706 1525 1748 prol.
1545 1711 1562 1720 '¹
1574 1704 1689 1746 Incipit
1703 1703 1850 1745 prologus
1863 1702 2045 1734 venerabilis
2060 1702 2143 1733 Bede

1347 1757 1510 1799 presbiteri
1532 1757 1563 1787 in
1590 1756 1703 1786 librum
1730 1766 1823 1796 super
1850 1755 1950 1785 Actus
1976 1753 2142 1795 Apostolo-

1347 1809 1444 1839 rum.”

1369 1861 1430 1891 Tit.
1462 1860 1513 1890 lib.
1553 1865 1570 1874 ‘¹
1590 1859 1702 1899 Incipit
1738 1857 1816 1887 liber
1846 1856 2028 1887 venerabilis
2061 1855 2143 1886 Bede

1348 1911 1511 1953 presbiteri
1528 1912 1558 1941 in
1574 1910 1686 1940 librum
1703 1909 1841 1940 Actuun]
1859 1907 2116 1949 Apostolorum.'’

1370 1962 1580 1993 Praemittitur
1596 1961 1716 1996 notitia,
1736 1966 1753 1974 ‘¹
1768 1959 1925 2000 Originale
1941 1958 2029 1989 istius
2045 1957 2144 1999 operis

1347 2018 1395 2045 est
1411 2014 1441 2044 in
1457 2013 1584 2044 libraria
1599 2012 1724 2043 ecclesie
1741 2010 1857 2042 Christi
1874 2009 2068 2042 Cantuarie.”

1370 2065 1500 2102 Deinde,
1518 2075 1609 2095 mcmzc
1624 2063 1789 2099 recentiori,
1815 2068 1833 2077 “
1847 2063 1934 2103 Opus
1955 2064 2097 2091 sanctum
2113 2064 2144 2090 et

1349 2116 1439 2157 plane
1455 2115 1610 2149 divinum;
1637 2114 1709 2145 felix
1725 2114 1818 2144 (lator
1841 2112 1894 2142 sed
1910 2111 2027 2142 felicior
2049 2111 2144 2142 lector

1349 2167 1427 2208 pius,
1449 2171 1484 2198 at
1507 2166 1644 2197 omnium
1668 2164 1874 2200 felicissimus,
1895 2162 1948 2204 qui
1975 2173 2067 2203 opere
2093 2161 2144 2192 ad-

1350 2219 1468 2260 implet,
1484 2230 1542 2259 que
1558 2218 1616 2249 hoc
1632 2217 1663 2247 in
1679 2215 1832 2247 volumine
1848 2214 2075 2245 continentur.”

1642 2326 1778 2361 LVIII.

1268 2391 1567 2429 Membranaceus,
1599 2391 1633 2423 in
1663 2392 1734 2428 4to,
1763 2388 1796 2421 ff.
1824 2390 1908 2428 245,
1938 2398 2004 2420 sec.
2034 2386 2144 2420 forsan

1291 2450 1349 2482 xii.
1368 2450 1540 2483 excuntis.

1310 2517 1364 2547 SS.
1380 2517 1512 2548 Patrum
1529 2516 1648 2548 Catena
1661 2526 1753 2557 super
1768 2514 1991 2556 Apostolorum
2003 2514 2103 2544 Actus
2114 2516 2145 2542 et

1332 2569 1491 2609 Epistolas
1515 2574 1634 2609 septem
1658 2567 1837 2603 catholicas,
1862 2577 1924 2597 una
1944 2577 2013 2596 cum
2034 2568 2142 2598 textu;

1335 2621 1444 2651 Grcece
1455 2633 1469 2656 ‚·
1485 2619 1609 2656 scilicet,

1311 2674 1337 2703 1.
1356 2673 1457 2703 Actus
1481 2670 1790 2712 SS.Apostolorum;
1814 2669 1930 2710 praevio
1952 2670 2143 2710 argumenta

1372 2723 1424 2754 fol.
1446 2733 1469 2753 1.

1416 2775 1513 2815 Incip.
1537 2785 1655 2815 argum.
1676 2773 1842 2814 Ἀυτιοχεὺς
1860 2771 1998 2812 ὑπάρχων
2013 2770 2045 2800 τὸ
2061 2769 2145 2809 γένος
