2254 3117
667 157 902 193 COLLEGII
929 158 1304 199 BALLIOLENSIS.

207 255 305 296 Incip.
314 255 470 294 “Quidam
481 255 702 296 paterfamilias
712 266 831 286 servum
841 258 955 287 sunnis*

206 306 260 337 Ad
280 306 331 336 sol.
349 315 406 347 153
424 316 523 336 sermo
546 309 593 336 est
615 305 646 335 in
669 306 761 342 istud,
779 311 797 323 ⁴*
810 306 868 338 Illa
888 319 955 349 quae

185 368 307 388 sursum
322 360 370 387 est
385 355 590 393 Jerusalen1‚”
604 355 636 386 in
653 367 712 396 quo
729 362 873 388 narratur
889 364 906 375 ‘⁸
919 359 956 388 tle

184 407 289 448 pueris
305 407 355 448 qui
376 407 486 438 ludunt
502 407 585 446 Quot
602 407 704 438 leneas
724 407 823 438 habeo
841 408 880 439 ad
898 409 955 439 130-

185 458 389 500 verleyliam,”
402 462 433 489 et
449 458 659 495 continuatur,
671 463 690 476 “
702 459 790 489 Alius
806 460 880 490 dicit
896 460 955 502 viij.

185 510 302 551 primus
322 509 395 540 dicit
413 509 542 540 Possum
559 510 661 540 venire
683 521 737 550 per
755 511 864 548 lucem,
880 512 956 542 alius

187 561 262 591 dicit
273 560 293 591 J
295 566 458 591 uramento
473 560 519 591 ita
534 564 666 600 potes—
675 566 706 592 et
723 561 771 592 ille
787 562 893 604 incipit
905 563 956 593 bo-

185 623 259 642 num
279 622 412 648 cursum,
431 622 467 642 ac
490 612 515 642 si
538 612 720 643 festinanter
742 613 786 643 ire
807 614 907 650 vellet,
926 619 957 645 et

185 669 259 694 tunc
285 666 370 693 retro
397 662 503 699 saltat,
525 667 557 693 et
580 668 627 694 est
652 664 782 704 pristino
808 669 901 701 statu,
926 670 956 695 ct

186 714 269 751 dicit,
294 713 356 750 Ha,
381 714 444 751 Ha,
470 714 607 755 Petipas,
631 719 701 753 3uot
727 715 780 745 Ich
802 727 864 752 am,
888 716 958 746 ther

187 765 243 795 Ich
259 766 353 795 was.'’

84 819 131 848 13.
149 816 198 847 De
213 815 364 857 dignitate
380 815 528 846 orationis
544 815 725 847 Dominicae.
749 816 798 846 fol.
815 817 882 857 158.

210 866 305 907 Incip.
331 866 473 897 “Oi-acio
496 865 648 896 dominica
672 867 776 898 multis
798 878 836 898 ex
859 868 958 899 causis

148 958 150 962 y
187 918 308 958 dignior
322 921 369 948 est
384 917 452 947 aliis
467 917 690 948 oracionibus.”

84 971 132 1000 14.
149 968 394 1010 Significationes
417 967 580 999 verborum
607 979 699 1009 super
722 968 807 999 libris
830 970 957 1000 Senten-

165 1020 289 1050 tiarum.
313 1019 363 1049 fol.
380 1029 448 1059 159.

208 1070 305 1110 Incip.
323 1074 340 1086 “
351 1069 517 1110 Cupientes
536 1081 592 1110 pro
608 1070 731 1101 modulo
747 1075 851 1101 nostre
867 1071 958 1102 facul-

187 1121 290 1152 tatis.''

208 1172 247 1202 In
268 1172 361 1207 calce,
386 1171 597 1212 “Expliciunt
620 1172 782 1203 verborum
808 1173 958 1215 significa—

187 1223 286 1254 tiones
301 1233 393 1263 super
407 1222 519 1253 librum
536 1222 796 1254 Sententiarum.”

84 1276 132 1305 15.
149 1274 351 1305 Narrationes
374 1274 480 1304 breves
505 1274 542 1304 de
563 1274 655 1304 variis
677 1275 799 1306 Sanctis
822 1275 958 1316 aliisque.

167 1326 217 1357 fol.
234 1327 303 1367 165.

209 1377 306 1419 Incip.
330 1381 347 1394 “
361 1377 492 1416 Quidam
515 1388 596 1418 papa
618 1378 676 1409 fuit
700 1379 854 1419 quondam
876 1379 958 1420 apud

188 1429 320 1459 Romam
335 1428 381 1458 vir
395 1429 494 1459 bonus
508 1432 660 1459 aeternum
676 1429 806 1460 Deumf’

86 1480 133 1511 16.
149 1480 315 1521 Opiniones
340 1479 486 1521 Magistri
511 1479 743 1511 Sententiarum
774 1486 782 1499 ⁶
795 1481 959 1522 reprobate

169 1530 325 1562 Parisius?
347 1531 398 1561 fol.
418 1532 483 1567 167.

210 1582 305 1622 Incip.
323 1586 341 1598 “
353 1581 484 1619 Caritas,
502 1594 559 1623 que
576 1587 623 1613 est
638 1594 725 1613 amor
740 1583 829 1614 Deif‘

87 1635 134 1665 17.
153 1633 374 1664 Dubitationes
400 1633 534 1664 literales
562 1645 654 1675 super
680 1638 823 1675 quartum
848 1634 959 1665 librum

169 1685 408 1715 Sententiarum.
432 1684 483 1715 fol.
500 1692 567 1724 171.

210 1736 307 1777 Incip.
334 1740 351 1753 “
368 1735 593 1773 Samaritanus,
615 1740 673 1767 etc.
720 1736 756 1767 In
782 1740 871 1777 parte
900 1736 960 1767 ista

189 1791 261 1817 sunt
276 1786 517 1817 dubitaciones.”

86 1839 135 1868 18.
151 1837 198 1868 De
213 1842 281 1868 arte
297 1837 441 1878 compoti.
466 1837 516 1868 fol.
532 1846 602 1878 203.

212 1888 307 1930 Incip.
321 1892 338 1905 “
348 1887 536 1929 Principium
553 1888 630 1919 artis
645 1888 807 1929 compoti.”

87 1941 135 1973 19.
142 1940 189 1971 De
199 1940 305 1970 ordine
315 1940 450 1970 omnium
459 1939 663 1970 festivitatum
670 1950 852 1980 perannum.
862 1940 882 1970 f.
890 1949 957 1978 204.

210 1990 308 2032 Incip.

129 2046 146 2058 ‘²
159 2041 255 2072 Stella
269 2041 352 2078 facit,
369 2041 450 2078 ferit,
468 2041 615 2082 Hylai-ius
631 2041 733 2072 fundit
749 2041 932 2072 Fabianus.”

87 2098 135 2127 20.
152 2097 199 2127 De
214 2097 388 2138 algorismo.
411 2097 461 2127 fol.
479 2106 548 2138 205.

210 2148 308 2189 Incip.
325 2152 343 2165 “
354 2148 548 2189 Algorismus
564 2147 676 2178 dicitur
691 2147 730 2177 ab
746 2148 865 2187 algo1·.''

87 2201 137 2229 121.
153 2199 200 2229 De
212 2199 305 2240 signis
317 2199 482 2230 mortiferis
494 2199 524 2229 in
537 2209 664 2239 corpore
677 2199 820 2229 hnmano.
837 2198 958 2239 112051).

213 2251 307 2292 Incip.
325 2254 343 2267 ‘⁶
356 2250 450 2292 Signa
465 2250 654 2281 mortiferas*

86 2307 136 2335 222.
154 2305 271 2337 Versus
285 2307 323 2336 de
339 2306 438 2337 tribus
455 2306 575 2341 Mariis,
593 2312 601 2323 ⁴
614 2306 706 2335 Anna
721 2305 796 2335 solet
809 2307 830 2339 ;'
853 2305 890 2334 do
907 2306 958 2335 du-

170 2356 290 2387 ratione
305 2356 421 2387 mundi.
445 2356 495 2386 fol.
510 2365 568 2395 205
582 2355 610 2385 b.

87 2411 136 2440 23.
153 2410 270 2441 Versus
284 2411 435 2447 undecim,
453 2416 460 2426 ⁸
474 2410 523 2440 Nil
539 2409 638 2440 valet*
661 2409 711 2439 fol.
728 2418 785 2449 ¹205
800 2409 827 2438 b.

212 2461 309 2502 Incip.

130 2516 149 2529 “
163 2511 213 2542 Nil
227 2512 309 2543 valet
323 2513 379 2542 hec
395 2512 490 2552 regio,
507 2522 565 2552 que
580 2521 641 2541 non
656 2516 703 2540 est
719 2510 843 2541 subdita
858 2510 945 2550 legi?³

88 2568 136 2596 24.
157 2567 246 2598 Notae
273 2567 425 2598 breviores
455 2570 562 2597 contra
588 2569 716 2607 peccata
741 2564 893 2601 mortalia,
921 2565 959 2594 de

170 2619 381 2650 sacerdotibus
413 2617 524 2658 pravis,
560 2617 598 2647 de
631 2615 868 2652 detractoribus,
897 2619 955 2645 etc.

171 2669 221 2699 fol.
236 2678 304 2709 207.

213 2721 310 2761 Incip.
333 2725 352 2737 ‘⁶
370 2720 418 2750 De
444 2718 584 2753 luxuria;
614 2718 715 2756 Quero
739 2728 758 2746 a
784 2721 815 2746 tc
838 2716 959 2756 quando

191 2770 266 2801 dicis
280 2781 415 2811 pannum
430 2774 518 2800 tuum
534 2768 620 2799 valde
636 2767 857 2798 immundum.'’

1832 176 1874 208 77

1005 259 1054 288 25.
1075 258 1121 289 Dc
1143 259 1230 290 malis
1252 261 1394 301 praelatis,
1416 262 1453 292 de
1475 262 1657 301 humilitate,
1676 269 1734 295 etc.
1755 276 1793 296 cx
1815 267 1867 297 SS.

1091 309 1243 340 Patribus.
1267 311 1316 342 fol.
1334 322 1402 350 224.

1132 360 1227 401 Incip.
1244 366 1261 379 ‘⁸'
1274 362 1303 392 A
1319 363 1496 394 tnrbacionc
1512 364 1604 395 fontis
1619 366 1780 406 segniter.'‘

1135 411 1168 440 ln
1185 412 1274 449 calce,
1292 418 1309 429 ⁴*
1323 414 1498 454 Expliciunt
1513 416 1678 457 exenipla.''

1007 468 1056 499 26.
1072 469 1178 500 Sermo
1193 471 1233 500 ad
1248 471 1340 502 laicos
1355 472 1385 503 in
1401 474 1449 504 dio
1466 474 1652 506 Palmarum.
1675 476 1723 506 fol.
1741 485 1807 516 231.

1134 520 1227 562 Incip.
1250 527 1266 538 ⁴⁴
1280 523 1358 553 Ecce
1380 525 1580 563 ascendimus,
1598 530 1655 557 etc.
1696 527 1868 568 Gregorius.

1112 571 1183 611 quia
1198 572 1336 604 Christus
1352 575 1437 605 scivit
1453 576 1571 606 cordas*

1008 631 1057 661 527.
1074 631 1221 670 Quaedam
1241 632 1385 663 miracula
1406 635 1442 664 de
1462 636 1573 666 Sancta
1595 636 1705 673 Maria,
1722 641 1751 666 et
1773 638 1868 677 primo

1091 682 1129 712 de
1155 683 1285 723 quodam
1316 684 1410 714 fratri.¹
1436 690 1587 727 temptato
1613 687 1650 717 do
1678 694 1868 718 sacramento

1091 732 1206 769 altaris,
1228 738 1257 764 ct
1281 734 1318 764 dc
1340 735 1494 766 monachis
1516 748 1535 767 a
1557 737 1676 768 diabolo
1698 740 1858 777 temptatis

1092 783 1142 813 fol.
1158 793 1225 824 234.

1134 834 1229 876 Incip.
1243 836 1261 866 i.
1277 835 1382 867 “Erat
1397 837 1427 867 in
1443 838 1567 868 cenobio
1579 838 1761 871 Damaecnsi
1776 843 1870 872 frater

1113 885 1238 926 quidam
1253 886 1291 917 de
1306 886 1365 917 fide
1380 889 1561 919 sacramenti
1577 889 1681 921 altaris
1696 892 1853 931 graviter*

1008 945 1058 975 28.
1075 944 1241 975 Tractatus
1259 945 1296 976 de
1316 946 1425 987 spiritu
1445 950 1475 978 ct
1493 948 1593 979 anima
1611 949 1748 989 [auctore
1764 951 1793 980 S.
1810 953 1867 981 Au-

1091 995 1261 1037 gustino3].
1284 996 1334 1027 fol.
1350 1007 1417 1038 243.

1136 1047 1230 1088 Incip.
1248 1052 1265 1064 ‘⁴
1279 1048 1430 1087 Quoniam
1445 1049 1559 1080 dictum
1575 1055 1619 1081 est
1642 1051 1713 1081 mihi
1731 1057 1764 1082 nt
1781 1054 1868 1093 meip-

1112 1108 1179 1128 sum
1195 1101 1406 1139 cognoscam.”

1134 1149 1319 1190 Sequuntur,

1072 1211 1100 1231 a.
1117 1200 1200 1232 Nota
1216 1201 1253 1232 de
1269 1201 1396 1232 saltibus
1413 1202 1536 1233 Christi.

1072 1251 1101 1282 b.
1119 1251 1261 1292 Hymnus
1279 1252 1320 1283 ad
1336 1252 1505 1293 Virginem.

1158 1302 1251 1343 Incip.

1188 1358 1205 1370 ‘⁴
1218 1353 1306 1384 Salve
1322 1358 1428 1384 sancta
1444 1359 1543 1384 mater
1558 1353 1627 1391 Dei,

1220 1404 1320 1435 Radix
1335 1405 1404 1441 vite,
1421 1405 1514 1435 robur
1529 1405 1603 1445 spei,

1264 1455 1377 1486 Mortis
1392 1456 1421 1486 in
1437 1455 1612 1497 angustiis.”

1072 1516 1097 1536 c.
1116 1504 1232 1536 Versus
1247 1506 1285 1536 de
1301 1517 1398 1544 cruce,
1414 1509 1471 1537 etc.

1158 1555 1254 1597 Incip.

1029 1611 1046 1624 ⁴⁴
1057 1606 1137 1638 Ecce
1149 1607 1247 1638 erucis
1258 1607 1390 1649 longum,
1402 1607 1511 1644 latum,
1520 1607 1656 1643 sublime,
1669 1608 1875 1648 profundum&

1345 1713 1550 1749 CCXXXI.

1010 1785 1129 1820 Codex
1147 1785 1434 1820 membranaceus,
1453 1785 1487 1817 in
1507 1784 1587 1817 folio
1605 1785 1730 1829 majori,
1751 1785 1874 1820 fl1437,

1035 1855 1099 1877 sec.
1118 1844 1184 1876 xiv.
1206 1843 1365 1882 ineuntis,
1388 1842 1477 1875 binis
1501 1842 1666 1876 columnis
1689 1842 1776 1876 bene
1798 1854 1874 1876 exa-

1034 1906 1148 1939 1·atus;
1183 1900 1264 1933 olim
1295 1899 1462 1944 Stephani
1494 1900 1535 1933 de
1566 1900 1736 1933 Cornnbia
1762 1900 1812 1933 M.
1831 1901 1872 1933 D.

1035 1959 1110 1992 coll.
1130 1957 1218 1992 Ball.
1241 1959 1333 1998 socii,
1357 1962 1475 2002 postea
1499 1957 1575 1991 coll.
1595 1957 1681 1992 Ball.
1700 1969 1742 1991 ex
1764 1958 1873 2002 legato

1034 2015 1184 2050 Simonis
1201 2015 1243 2047 de
1262 2013 1452 2053 Holbeclie‚
1473 2014 1524 2047 M.
1537 2013 1581 2047 A.

1053 2084 1160 2115 Galeni
1176 2094 1278 2124 opera,
1295 2093 1362 2123 quae
1379 2086 1557 2123 sequuntur,

1032 2141 1058 2168 ].
1076 2139 1123 2169 De
1138 2138 1305 2169 elementis.
1329 2137 1378 2168 fol.
1396 2147 1421 2166 2.

1137 2190 1197 2220 Tit.
1211 2189 1295 2219 “Hic
1307 2189 1411 2229 incipit
1423 2188 1499 2218 liber
1508 2188 1723 2218 elementorum
1730 2186 1871 2217 Galivnis'

1136 2240 1232 2281 Incip.
1247 2244 1265 2257 “
1280 2239 1430 2279 Quoniam
1446 2250 1514 2269 cum
1529 2239 1568 2268 sit
1584 2238 1790 2268 ele1nentum.“

1031 2302 1057 2329 Q,
1077 2300 1123 2330 De
1138 2299 1302 2330 virtutibus
1318 2297 1516 2328 naturalibus.
1539 2296 1589 2326 sol.
1608 2305 1652 2325 10.

1136 2350 1231 2391 Incip.
1248 2354 1266 2367 ‘⁶
1281 2349 1359 2388 Quia
1375 2348 1487 2379 sentire
1503 2345 1649 2387 quidem.”

1137 2401 1173 2431 In
1190 2401 1279 2437 calce,
1294 2406 1311 2417 ·’·
1322 2399 1456 2440 Explicit
1471 2398 1546 2428 liber
1558 2397 1594 2427 de
1606 2394 1768 2426 virtutibus
1784 2401 1868 2422 natu>

1114 2452 1228 2483 ralibus
1247 2451 1365 2482 Galieni
1385 2448 1563 2491 philosophi.
1611 2446 1654 2476 llli
1674 2444 1760 2480 Filio,
1780 2445 1828 2484 qui
1852 2456 1868 2473 :i

1116 2503 1210 2533 Patre
1233 2501 1369 2543 procedit
1386 2499 1552 2540 Unigenito
1572 2501 1602 2527 et
1622 2498 1734 2527 Sancto
1753 2495 1869 2533 Spiritu

1113 2553 1273 2589 ambobus,
1302 2552 1449 2593 inspirato
1478 2548 1627 2583 divinitus,
1657 2547 1753 2577 honor
1782 2546 1870 2575 detur

1115 2604 1229 2644 equalis
1247 2603 1386 2634 omnibus
1401 2606 1435 2632 ut
1450 2604 1644 2641 protegamur
1658 2609 1676 2628 a
1691 2597 1776 2628 malis
1798 2599 1868 2628 ami-

1115 2655 1188 2691 bus;
1211 2653 1339 2684 Amenff'

1030 2715 1058 2743 3.
1076 2713 1124 2744 De
1139 2713 1323 2744 anathomia.
1347 2711 1396 2741 fol.
1413 2712 1458 2740 26.

1136 2763 1230 2804 Incip.
1250 2774 1267 2779 ··
1282 2762 1470 2793 Medicorum
1486 2759 1722 2790 anathomicosf·
