2254 3117
375 183 419 213 94
917 173 1212 208 CATALOGUS
1238 173 1469 207 CODICUM
1498 173 1606 206 MSS.

522 276 617 317 Incip.
630 287 676 315 ep.
697 280 714 289 “
726 274 844 304 Doctor
858 271 1022 301 reverende
1038 281 1106 301 cum
1122 270 1162 301 sit
1178 271 1242 311 dig-

500 337 570 356 num
587 336 620 355 ac
636 323 746 354 rationi
763 332 939 357 consonum,
952 321 1018 351 illos
1034 332 1163 361 quorum
1180 321 1243 351 vita

500 385 617 405 morum
632 372 826 403 honestate-'⁷

523 424 619 465 Incip.
646 434 730 464 opus,
763 429 780 437 ‘¹
794 421 989 462 philosophie
1019 421 1150 455 servias;
1184 425 1242 451 etc.

499 476 565 506 Ista
580 473 879 516 pi·0positio-SC1'i1‘›ta
894 478 941 503 est
956 484 975 502 a
991 473 1107 503 Seneca
1125 472 1155 502 in
1171 483 1243 512 qua-

499 527 569 556 dam
585 524 714 565 epistola
729 525 769 554 ad
788 523 967 553 Lucillum.’'

519 581 622 611 Desin.
649 586 666 595 ¹¹
680 580 795 610 Utrum
826 579 910 609 Deus
939 579 979 609 sit
1008 579 1092 619 prior
1120 578 1243 613 mundo,

499 632 598 672 posito
615 631 695 671 quod
712 631 843 660 mundus
859 641 979 670 semper
994 629 1083 659 fuit.”

520 686 556 716 In
573 686 664 722 calce,
678 692 695 700 “
708 685 885 725 Expliciunt
901 683 1109 714 conclusiones
1125 688 1155 714 ct
1173 694 1243 723 (1110-

497 737 611 767 stiones
633 747 726 777 supra
749 736 889 776 quintum
912 735 1023 765 librum
1046 734 1083 764 (10
1106 733 1242 764 consola-

498 788 578 818 tione
594 787 815 828 philosophie.’'

519 843 699 873 leccclunt
707 866 713 877 ‚

435 905 462 924 a.
480 893 667 934 Fragmenta
679 892 882 933 quaestionum
895 889 1184 931 philosophicarum,
1195 900 1243 919 eo-

497 945 566 974 ‹lem
593 944 695 974 forsan
722 948 858 976 auctore,
886 942 924 971 dc
951 941 1139 971 divinatione
1165 951 1242 970 som-

498 995 627 1031 niorum,
643 1000 700 1025 etc.
722 995 752 1024 in
775 994 884 1034 quibus
907 997 1053 1023 narratur
1075 993 1112 1022 de
1129 992 1243 1022 Oxoni-

498 1046 561 1075 ensi
589 1046 731 1086 quodam,
756 1045 805 1086 qui
831 1044 861 1074 in
886 1043 999 1073 somnis
1022 1047 1168 1073 venatum
1189 1042 1243 1072 ivit

499 1108 661 1137 cervosque
678 1095 840 1126 interfecit.
864 1094 914 1124 fol.
934 1104 959 1123 1.

436 1156 464 1185 b.
482 1156 627 1195 Ejusdem
647 1155 793 1185 willelmi
816 1154 855 1184 ad
879 1154 1045 1194 Rogerum,
1069 1153 1243 1193 episcopum

499 1206 630 1242 Sarum„
646 1206 784 1246 epistola.
809 1205 858 1234 fol.
876 1216 896 1243 4
911 1208 943 1234 et
958 1214 975 1244 5
990 1204 1018 1233 b.

542 1258 637 1298 1110111.
664 1263 680 1271 “
696 1258 791 1287 Pater
815 1255 990 1291 reverende,
1015 1254 1092 1285 Cum
1117 1253 1156 1284 sit
1180 1253 1243 1293 dig-

520 1308 624 1340 nu1n.'’
640 1313 696 1338 etc.
723 1313 739 1321 “
752 1306 882 1336 militum
905 1306 972 1335 dico
996 1305 1178 1335 selectorum
1197 1314 1242 1333 ra-

523 1360 605 1389 tione
620 1357 862 1399 generositatisf'

541 1409 651 1440 Deficit
678 1410 709 1439 111
733 1409 842 1445 verbis,
871 1415 937 1438 “ac
964 1406 1113 1437 bonitatis
1140 1407 1244 1436 innato

520 1458 679 1488 clementia
696 1458 893 1488 G1·ataiitei·.”

417 1524 444 1552 2.
463 1523 606 1563 Ejusdem
628 1523 775 1553 willelmi
802 1525 955 1552 tractatus
978 1521 1015 1550 (10
1039 1521 1132 1561 signis
1155 1531 1245 1561 prog-

480 1573 604 1603 nosticis
617 1574 726 1604 futura*
739 1573 922 1609 sterilitatis,
935 1572 1048 1613 praevia
1060 1572 1191 1612 epistola
1205 1571 1244 1601 ad

480 1625 578 1654 Eliam
602 1625 638 1654 de
665 1625 838 1665 Wethelay.
863 1622 1122 1664 consanguineum
1146 1633 1243 1653 suum.

479 1677 528 1706 fol.
548 1686 614 1716 250.

524 1728 618 1767 Incip.
643 1727 729 1767 epist.
757 1727 811 1757 “O
828 1727 953 1757 Christo
977 1737 1056 1762 care,
1080 1737 1148 1756 cum
1172 1731 1245 1756 ante

500 1779 602 1809 oculos
613 1779 755 1818 judicis.’‘

523 1830 614 1870 Incip.
632 1830 682 1860 lib.
703 1836 718 1844 “
735 1830 881 1860 Humana
897 1836 1009 1860 natura
1024 1834 1071 1860 est
1086 1830 1244 1870 grandis‚''

500 1886 556 1911 etc,
583 1888 599 1896 '*
614 1882 681 1912 Ista
691 1881 860 1922 propositio
873 1881 987 1921 scripta
999 1886 1046 1911 est
1056 1892 1074 1911 a
1087 1880 1244 1911 Platone.''

522 1936 642 1969 Deficit,
665 1937 734 1966 “ad
756 1936 864 1965 florum
887 1940 917 1966 et
943 1936 1097 1966 fructuum
1119 1946 1245 1977 genera-

501 1987 614 2017 tionem
630 1987 927 2027 argumentationem
943 1987 992 2017 et”

417 2051 446 2079 23.
464 2049 608 2090 Ejusdem
631 2050 782 2090 expositio
805 2050 835 2079 in
858 2050 985 2090 hymnos
1008 2050 1068 2080 duo
1094 2050 1244 2090 Hugmss,

480 2100 613 2141 episcopi
630 2100 859 2137 Lincolniensis,
876 2101 1073 2131 sanctitatem
1094 2112 1245 2131 commen-

479 2151 598 2187 dantes,
625 2155 655 2180 et
681 2162 700 2180 a
724 2151 864 2181 clericulo
891 2152 1032 2191 quodam,
1058 2163 1139 2182 anno
1168 2153 1244 2192 1316

480 2201 591 2231 scholae
627 2202 865 2242 grammaticalis
904 2202 1038 2232 Lincoln.
1078 2202 1244 2239 didascalo,

479 2252 674 2293 compositos.
698 2252 748 2282 fol.
764 2262 832 2293 257.

522 2307 620 2347 Incip.
639 2307 806 2338 “Materia
828 2305 915 2338 istius
938 2309 1043 2349 ympni
1059 2312 1090 2339 et
1107 2308 1246 2338 similiter

500 2359 603 2399 ympni
620 2358 859 2399 subsequentis.”

523 2413 621 2453 Incip.
639 2413 781 2453 hymnus,

472 2469 488 2477 ‘¹
506 2463 682 2494 producens
698 2464 786 2494 colite
810 2489 816 2494 .
841 2464 936 2494 Pater
951 2464 1096 2504 ingenite.

502 2514 646 2545 Plantam
659 2515 782 2555 justicie
809 2538 815 2544 .
841 2516 879 2545 In
895 2526 989 2556 regno
1005 2515 1161 2545 Francie.“'

524 2568 629 2599 Dcsin.
643 2581 746 2610 expos.
765 2576 781 2584 ‘⁴
795 2570 859 2599 Sibi
876 2570 931 2611 ipsi
948 2571 1015 2601 D'eo
1030 2571 1097 2600 vivo
1113 2574 1144 2600 et
1156 2580 1245 2605 ver03

503 2620 561 2658 Qui
578 2631 632 2650 nos
647 2621 702 2651 sibi
720 2622 748 2651 in
765 2621 829 2651 celo
840 2622 866 2654 ;”
888 2625 948 2651 ctc.

525 2673 560 2703 111
575 2675 656 2705 calce
676 2680 747 2705 sunt
770 2676 888 2705 notitia}
909 2675 1018 2715 aliquae
1039 2676 1076 2705 de
1095 2675 1246 2715 computis

503 2724 683 2763 quibusdam
714 2725 849 2765 privatis,
882 2725 912 2755 in
943 2725 1052 2765 quibus
1081 2729 1246 2755 occurrunt

503 2775 635 2811 nomina,
650 2775 736 2806 Will.
750 2776 926 2816 Springoth,
940 2775 1102 2806 Walterus
1118 2776 1245 2812 Corner,

1401 271 1479 301 Rob.
1505 269 1664 304 Brodefib,
1697 269 1832 299 Thomas
1862 268 2050 305 Herkereve,
2079 268 2162 299 Will.

1401 321 1536 361 Coquus,
1555 320 1641 350 Will.
1659 319 1834 357 Karservel‚
1849 319 2047 360 aliorumque.

1423 371 1661 401 Praemittuntur
1676 369 1831 406 volumini,

1339 433 1366 452 a.
1387 428 1404 437 “
1418 422 1510 452 Liber
1534 422 1578 451 M.
1593 421 1741 451 Willelmi
1758 420 1854 457 Reed,
1869 431 1906 450 ex
1925 420 2006 450 dono
2028 420 2165 460 magistri

1404 472 1547 503 Nicholai
1562 473 1600 502 de
1616 471 1819 512 Sandwycis.”

1340 524 1367 553 b.
1387 530 1405 538 “
1420 524 1511 553 Liber
1523 523 1640 564 collegii
1650 523 1740 553 beate
1751 522 1854 553 Marie
1864 522 2014 563 VVynton.
2026 521 2056 552 in
2069 522 2165 552 Oxou.

1403 574 1433 603 in
1455 574 1608 604 communi
1623 573 1739 604 librarii
1758 577 1789 604 et
1811 573 1851 603 ad
1874 583 2065 603 communem
2080 582 2167 602 usum

1403 624 1565 655 scolarium
1594 625 1730 665 ejusdem
1762 629 1794 655 et
1827 623 1959 654 maxime
1989 623 2026 653 de
2057 622 2167 653 diocesi

1403 676 1550 707 Cicestrie
1573 687 1611 706 ex
1634 676 1825 717 benignitate
1847 674 1979 716 episcopi
2004 673 2167 714 WVyntoni-

1403 727 1483 757 ensis
1502 727 1531 757 in
1550 730 1707 767 posterum
1730 726 1982 757 assumendorum
2005 724 2167 755 cathenan-

1402 779 1470 815 (lus,
1486 790 1523 809 ex
1541 779 1622 808 dono
1638 777 1821 809 venerabilis
1843 777 1941 818 patris
1961 775 2076 807 domini
2091 775 2167 806 Wil-

1402 828 1483 858 lelmi
1499 828 1587 859 tercii
1602 828 1734 869 episcopi
1750 827 1907 859 Cicestrie.
1951 826 2055 857 Oretis
2076 825 2168 866 igitur

1404 891 1459 920 pro
1472 880 1577 910 eodem
1591 883 1622 910 et
1637 878 1885 909 benefactoribus
1900 877 2035 919 ejusdem
2047 887 2083 907 ac
2097 876 2167 907 fide-

1403 931 1476 961 lium
1492 931 1653 961 animabus
1668 942 1687 961 a
1702 929 1882 971 purgatorio
1897 927 2094 959 liberandis.’'

1298 1081 1417 1114 Codex
1436 1081 1728 1119 membranaceus,
1747 1080 1781 1112 111
1800 1081 1872 1119 410,
1886 1078 1919 1111 ff.
1932 1080 1990 1117 58,
2009 1089 2074 1111 sec.
2089 1078 2167 1117 xiv„

1322 1138 1431 1171 nitide
1449 1143 1619 1171 exaratus.

1341 1208 1382 1237 A.
1400 1206 1444 1236 M.
1463 1206 1492 1236 S.
1514 1206 1636 1237 Boethii
1665 1207 1704 1236 de
1733 1204 1941 1236 consolatione
1969 1203 2167 1245 philosophiae

1362 1258 1430 1287 libri
1447 1257 1588 1298 quinque.

1405 1308 1630 1338 Desiderantur
1645 1306 1790 1337 nonnulla
1805 1306 1836 1336 in
1851 1305 1937 1336 initio
1952 1304 2021 1336 libri
2036 1303 2134 1346 primi.

1633 1400 1833 1435 CCLXVI.

1302 1461 1597 1496 Meinbrauaceus,
1613 1460 1646 1491 in
1665 1458 1756 1495 folio,
1771 1458 1804 1490 ff.
1821 1459 1900 1496 179,
1918 1468 1984 1490 sec.
1999 1467 2065 1495 xv„
2084 1455 2169 1489 binis

1324 1518 1491 1551 columnis
1522 1518 1630 1550 nitido
1661 1517 1872 1560 scriptus'et
1902 1515 2042 1559 picturis
2075 1525 2169 1548 orna-

1324 1582 1399 1614 tus3
1436 1574 1517 1608 olim
1540 1574 1707 1608 Johannis
1726 1573 1822 1611 Cutt,
1847 1572 1890 1605 fil.
1909 1571 1988 1605 Joh.
2008 1571 2103 1611 Cutt,
2129 1571 2170 1604 de

1326 1632 1485 1677 Shenley,
1512 1633 1546 1665 111
1570 1643 1656 1665 com.
1681 1630 1867 1665 Hertford..
1892 1634 2011 1673 postea
2033 1629 2170 1662 Thomae

1326 1691 1468 1724 Martin.

1342 1751 1363 1781 J
1367 1751 1496 1781 ohannis
1521 1750 1633 1780 Gower
1659 1749 1696 1779 (10
1721 1748 1910 1779 confessione
1936 1746 2078 1777 Amantius
2103 1746 2170 1777 libri

1364 1806 1443 1839 octo,
1460 1801 1594 1832 carmine
1612 1800 1784 1841 Anglicano
1804 1799 1963 1839 scriptum,
1980 1808 2049 1828 cum
2069 1800 2170 1828 aucto-

1363 1852 1404 1882 ris
1420 1852 1642 1893 epigrammate
1658 1850 1784 1891 prologo
1800 1854 1831 1880 et
1846 1848 2045 1890 argumentis.

1406 1903 1521 1933 Exstat
1533 1902 1673 1943 impress.
1691 1901 1829 1931 London.
1847 1908 1936 1941 1554.

1408 1955 1446 1984 In
1467 1953 1559 1989 calce,

1345 2012 1361 2021 ‘¹
1376 2005 1513 2046 Explicit
1529 2005 1586 2035 iste
1602 2004 1679 2034 liber
1695 2026 1702 2033 .
1719 2003 1770 2044 qui
1787 2006 1853 2033 tum
1865 2002 1937 2032 fecit
1948 2001 2075 2031 obsecro
2087 2000 2170 2036 liber,

1379 2057 1422 2087 Ut
1439 2056 1503 2086 sine
1518 2055 1612 2086 livore
1630 2079 1635 2085 .
1652 2054 1754 2095 vigeat
1769 2053 1893 2084 lectoris
1908 2053 1939 2083 in
1954 2063 2018 2089 ore,

1376 2107 1433 2146 Qui
1451 2107 1537 2138 sedet
1551 2106 1583 2136 in
1598 2105 1729 2136 scamnis
1746 2129 1752 2135 .
1770 2104 1825 2135 0011
1841 2104 1894 2134 det
1906 2108 1940 2134 ut
1952 2103 2012 2133 ista
2022 2102 2041 2132 J
2044 2101 2171 2132 ohannis

1375 2158 1539 2200 Perpetuis
1554 2157 1643 2189 annis
1660 2181 1666 2187 .
1683 2161 1745 2187 stet
1761 2156 1874 2197 pagina
1888 2159 1980 2196 grata
1992 2152 2159 2189 Britannis,

1374 2210 1504 2240 Dei-heis
1519 2208 1623 2239 comiti
1642 2231 1648 2237 .
1665 2207 1803 2238 recolunt
1819 2217 1909 2247 quem
1924 2205 2014 2236 laude
2029 2204 2130 2246 periti,

1375 2261 1461 2291 Vade
1476 2260 1553 2290 liber
1567 2270 1662 2300 purus
1679 2282 1686 2288 .
1704 2259 1759 2289 sub
1775 2269 1811 2288 eo
1827 2257 1983 2298 requiesce
1998 2254 2146 2286 futurus.”

1361 2348 1368 2355 ι
1399 2315 1554 2356 Sequitur,
1573 2320 1590 2329 ‘¹
1603 2313 1744 2354 Epistola
1764 2323 1856 2354 super
1870 2312 1960 2352 hujus
1975 2310 2111 2352 opusculi
2126 2308 2169 2339 sui

1375 2365 1632 2406 complementum
1646 2363 1783 2393 ι1011011111
1799 2362 1911 2393 Gower
1925 2372 1945 2392 a
1960 2360 2093 2401 quodam
2108 2358 2170 2398 phi-

1374 2415 1502 2456 losopho
1517 2414 1707 2445 transmissa-

1345 2474 1361 2482 “
1377 2468 1476 2506 Quam
1491 2467 1613 2497 cinxere
1628 2466 1709 2495 freta
1725 2489 1730 2494 .
1748 2464 1858 2495 Gower
1872 2468 1928 2494 tua
1939 2461 2075 2493 carmina
2089 2460 2159 2496 leta,

1378 2519 1438 2548 Per
1453 2518 1519 2548 loca
1535 2517 1668 2547 discreta
1683 2540 1690 2546 .
1707 2515 1791 2546 canit
1802 2514 1914 2555 Anglie
1930 2513 2020 2543 laude
2031 2511 2155 2553 replete,

1376 2568 1528 2599 Carminis
1544 2568 1654 2598 Atleta
1671 2592 1677 2597 .
1693 2566 1805 2597 satirus
1821 2565 1878 2595 tibi
1894 2564 1956 2594 sive
1971 2567 2064 2604 poeta

1376 2620 1423 2650 Sit
1439 2620 1504 2650 laus
1521 2618 1673 2659 completa
1690 2641 1697 2647 .
1714 2628 1774 2658 quo
1789 2615 1887 2657 gloria
1901 2618 1966 2645 stat
1978 2613 2043 2644 sine
2058 2612 2170 2643 meta.’'

1400 2675 1524 2711 Postea,
1537 2680 1555 2689 ‘¹
1565 2674 1586 2704 J
1590 2674 1726 2704 ohannes
1737 2672 1821 2706 Outt,
1835 2671 1913 2701 filius
1924 2669 1943 2700 J
1947 2668 2075 2700 ohannis
2087 2668 2170 2701 Oua,

1375 2725 1502 2761 millitis,
1517 2735 1615 2766 nuper
1637 2724 1674 2754 de
1694 2723 1842 2763 Schenley
1862 2722 1893 2752 in
1916 2732 1993 2752 com.
2012 2718 2169 2750 Hertford.

1375 2776 1463 2815 Quod
1480 2776 1614 2806 Thomas
1630 2773 1768 2815 Smyth.”

2239 2546 2251 2561 m

2249 2746 2251 2786 A
