2254 3117
320 154 341 188 6
887 144 914 178 C
930 144 946 177 X
954 143 1015 177 TA
1022 141 1187 176 LOGUS
1214 136 1447 174 CODICUM
1476 135 1584 169 MSS.

466 248 706 280 Praemittuntur
722 244 841 275 notitiae
858 246 1032 284 sequentes,

364 319 391 337 a.
417 311 436 324 ‘⁴
456 305 549 335 Liber
566 303 610 333 M.
625 299 775 331 Willelmi
791 298 886 332 Reed.
904 294 1114 327 archidiaconi
1130 293 1204 323 Rof-
1234 300 1235 313 ³

450 355 552 391 sensis,
581 365 620 384 ex
647 353 729 383 dono
755 349 914 381 reverendi
941 346 1057 378 domini
1085 345 1131 376 sui
1157 344 1204 374 M.
1235 385 1236 389 Ἰ

450 406 591 438 Nicholai
616 405 654 435 (le
680 402 864 438 Sandwic03
897 399 1002 431 Oretis
1029 398 1125 440 igitur
1149 407 1206 437 pro
1236 445 1237 448 Ἴ

450 456 611 498 ut1-0quo.”

367 520 395 548 b.
422 527 438 534 ·“
453 517 545 547 Liber
561 516 671 546 domus
687 513 851 545 scolarium
864 513 902 543 (le
918 511 1045 542 Merton
1061 509 1092 539 in
1105 508 1205 539 Oxou.
1236 530 1237 534 ,

450 569 480 598 in
503 567 657 598 communi
683 565 810 596 libraria
832 563 970 605 ejusdem
994 565 1026 592 et
1053 560 1093 591 ad
1118 568 1207 589 usum

452 629 646 650 communem
680 617 833 647 sociorum
863 615 977 645 ibidem
1012 611 1208 644 studencium
1237 630 1238 639 ,

453 670 677 707 cathenandus,
709 680 747 699 ex
776 669 858 698 dono
888 664 1072 697 venerabilis
1109 662 1209 704 patris

453 723 568 754 domini
586 721 747 758 Willelmi,
771 718 905 761 episcopi
927 716 1085 751 Cicestrie,
1103 714 1209 745 Oretis

455 775 550 816 igitur
566 785 623 815 pro
639 773 746 803 eodem
761 779 792 802 et
805 768 1055 801 benefactoribus
1071 765 1209 806 ejusdem
1238 778 1239 783 ¹

453 838 489 857 ac
514 825 650 856 fidelium
676 823 839 855 animabus
864 832 884 852 a
908 818 1090 861 purgatorio
1116 816 1207 846 liber·

456 877 580 908 andis.”

736 943 803 977 IX.

328 1010 448 1043 Codex
480 1008 776 1046 membranaceus,
802 1007 837 1039 in
862 1004 953 1039 folio.
982 1002 1015 1035 ff.
1036 1004 1118 1041 159,
1144 1011 1209 1033 sec.
1240 1003 1242 1045 ζ

354 1068 425 1101 xiii.
454 1066 624 1105 exeuntis,
643 1065 733 1099 binis
760 1063 929 1097 columnis
957 1060 1066 1094 nitide
1093 1069 1212 1091 exara-

354 1131 432 1166 tus3
464 1130 485 1144 “
504 1137 548 1159 ex
576 1125 667 1158 dono
694 1122 833 1157 Ricardi
852 1120 1075 1154 Fitz-James.
1103 1127 1213 1160 nuper
1242 1138 1243 1155 3

356 1183 580 1217 Cicestrensis
606 1181 757 1227 episcopi
781 1185 816 1213 et
842 1178 994 1213 custodis
1020 1177 1117 1210 istius
1144 1173 1213 1208 eol·
1242 1180 1244 1188 ¹

358 1242 468 1286 legii.’⁷

376 1309 519 1350 Origeuis
536 1307 719 1338 Adamantii
736 1317 831 1347 opera
846 1305 950 1339 varia;
975 1303 1102 1337 scilicet.

376 1375 404 1403 1.
422 1373 459 1403 In
472 1373 604 1403 Josualn
616 1370 749 1401 homiliae
762 1381 936 1400 1x.—-xxv1.
950 1368 1104 1398 inclusive.
1122 1366 1174 1396 fol.
1188 1374 1213 1395 2.

483 1424 621 1454 Exstant
645 1423 783 1463 impress.
807 1421 888 1452 inter
912 1431 1017 1462 opera,
1043 1419 1089 1449 ed.
1116 1417 1214 1448 Paris.

467 1484 558 1517 1733,
574 1478 650 1505 tom.
662 1473 694 1505 ii.
712 1485 742 1515 p.
754 1473 828 1512 418.

380 1543 409 1572 Q.
428 1541 466 1571 In
481 1541 594 1571 librum
609 1539 757 1570 Judicum
772 1537 907 1568 homiliae
924 1547 1043 1567 novem.
1069 1534 1119 1565 fol.
1132 1544 1182 1575 30.

486 1591 567 1621 Ibid.
584 1594 660 1621 tom.
673 1589 703 1620 ii.
720 1590 834 1630 p.458.

380 1656 399 1685 U.)

405 1681 409 1686 .
429 1654 568 1686 Homilia
583 1653 682 1695 prima
698 1653 729 1683 in
743 1653 855 1683 librum
868 1652 1057 1693 Regnorum.
1074 1651 1125 1682 fol.
1137 1660 1176 1692 43
1188 1651 1217 1681 b.

486 1705 567 1735 Ibid.
584 1710 659 1736 tom.
672 1704 703 1734 ii.
720 1716 748 1745 p.
762 1705 834 1743 481.

383 1777 411 1805 4.
430 1773 573 1805 Homilizr
585 1773 651 1803 ‹111ae
664 1773 695 1802 in
706 1772 868 1803 Canticum
879 1772 1090 1803 Canticorum.
1107 1771 1127 1802 s.
1138 1781 1179 1812 50
1190 1771 1218 1801 b.

488 1825 567 1855 Ibid.
586 1828 660 1855 tom.
674 1823 716 1853 iii.
735 1835 765 1865 p.
780 1833 827 1853 12.

382 1895 411 1923 5.
431 1893 468 1923 In
485 1892 600 1923 Isaiam
616 1891 801 1933 prophetam
817 1892 951 1922 homiliae
969 1903 1088 1922 novem.
1108 1891 1128 1921 f.
1139 1901 1179 1932 59
1192 1891 1219 1920 b.

490 1943 572 1974 Ibid.
590 1949 666 1974 tom.
679 1943 722 1973 iii.
738 1955 769 1984 p.
786 1944 852 1974 106.

492 1995 627 2037 Longior
639 1999 686 2026 cst
702 1996 828 2026 homilia
843 1996 954 2027 ultima
967 1996 997 2026 iu
1012 1996 1117 2026 codice
1130 2006 1223 2036 quam

470 2047 501 2076 in
527 2046 601 2077 edit.
629 2046 769 2087 impl-ess.
795 2050 830 2077 ut
858 2057 952 2088 supra
979 2046 1164 2082 notavimus,
1193 2045 1223 2075 in

469 2098 537 2129 cod.
550 2098 588 2128 iv.
604 2102 664 2128 art.
677 2106 708 2138 5.

385 2166 413 2197 6.
431 2166 469 2196 In
495 2165 517 2196 J
520 2165 665 2196 eremiam
696 2165 829 2197 homilia>
857 2165 1103 2206 quatuordecim,
1130 2165 1224 2195 inter-

448 2221 536 2258 prete
553 2217 755 2258 Hieronymo.
779 2217 829 2247 fol.
846 2226 886 2257 74
895 2217 924 2247 b.
968 2233 975 2240 ν

492 2268 584 2304 Ibid.,
609 2268 662 2298 sed
686 2268 793 2298 ordine
816 2272 939 2299 mutato
957 2267 1156 2308 pluribusque
1172 2267 1225 2297 ad—

473 2319 557 2356 ditis,
572 2323 646 2350 tom.
661 2319 702 2350 iii.
718 2331 748 2360 p.
763 2329 830 2361 125.

389 2391 416 2421 7.
436 2388 473 2419 In
489 2388 681 2419 Ezechielem
697 2389 831 2420 homiliae
848 2389 1094 2429 quatuordecim,
1111 2388 1226 2430 praevio

451 2440 481 2470 S.
497 2440 680 2481 Hieronymi
696 2440 832 2481 prologo.
857 2440 906 2470 fol.
924 2450 991 2470 112.

496 2491 575 2521 Ibid.
594 2495 669 2522 tom.
686 2491 727 2522 iii.
743 2503 773 2533 p.
786 2500 860 2533 353.
891 2529 896 2532 .

497 2554 737 2586 Praemittuntur
753 2555 874 2585 notitiae
890 2559 1065 2596 sequentes,

413 2621 440 2639 a.
464 2614 485 2627 “
500 2609 593 2639 Liber
616 2610 756 2651 magistri
773 2610 899 2640 Ricardi
917 2610 996 2651 Fytz
1011 2610 1033 2640 J
1036 2621 1121 2640 ames
1142 2621 1229 2640 sacre

491 2659 646 2700 theologie
674 2660 865 2701 professoris,
894 2672 985 2701 quem
1013 2661 1088 2691 emit
1118 2670 1151 2691 12
1180 2662 1229 2694 die

492 2711 675 2741 Novembris
719 2723 800 2742 anno
841 2711 960 2743 Christi
1002 2713 1089 2751 1482,
1136 2716 1230 2755 precii

492 2772 520 2791 x.
538 2762 579 2791 ss*

1298 238 1328 267 b.
1347 241 1365 253 ⁴⁴
1376 236 1526 277 Origenes
1550 244 1642 275 super
1657 233 1777 263 Josuen
1800 243 1838 261 ex
1855 232 1936 262 dono
1952 232 2068 262 domini
2085 231 2137 262 Ri-

1383 286 1469 317 cardi
1493 285 1564 316 Fitz
1584 284 1703 319 James,
1728 293 1826 322 nuper
1849 282 2051 313 Gieestrensis
2074 282 2137 323 epi-

1385 337 1468 378 scopi
1485 341 1515 367 et
1532 334 1670 366 custodis
1686 334 1776 364 istius
1792 333 1920 374 collegii,
1935 333 2021 375 cujus
2037 333 2138 364 anime

1386 388 1576 430 propicietur
1592 386 1697 420 Deus3
1724 384 1855 415 Amen.”

1236 565 1380 600 'Codex
1406 563 1700 599 membranaceus.
1728 562 1762 594 in
1789 560 1882 600 folio,
1910 560 1942 593 ff.
1963 559 2044 597 226.
2073 571 2140 594 sec.

1284 624 1372 661 xiv.;
1400 621 1489 654 binis
1508 618 1678 652 columnis
1696 622 1866 651 exaratus.

1304 689 1330 718 1,
1356 685 1486 717 Roberti
1525 685 1683 720 Grostete,

1238 755 1239 768 ι
1375 738 1530 768 dictorum
1564 735 1642 765 liber
1672 733 1917 774 theologicorum
1947 732 1977 763 in
2008 732 2145 773 capitula

1375 799 1486 818 cxvan.
1510 786 1687 822 distinctus⁷
1715 796 1784 816 cum
1811 785 1931 815 duabus
1954 783 2069 815 tabulis
2092 794 2144 814 an-

1376 839 1474 869 nexis.
1499 838 1548 868 sol.
1565 847 1594 869 2.

1729 681 1864 723 episcopi
1911 681 2142 717 Lineolniensis,

1412 894 1510 934 Incip.
1535 892 1669 923 “Amor
1694 891 1906 932 multiplieiter
1930 891 1989 922 dici
2014 892 2146 929 videtur,

1390 945 1604 976 consuevimus
1618 944 1699 974 enim
1712 943 1813 973 dicere
1830 946 2003 974 amatorem
2019 942 2147 984 pecunie

1392 997 1443 1039 qui
1460 996 1592 1026 multum
1608 995 1794 1026 desiderat.”

1241 1047 1243 1097 't
1414 1051 1520 1082 Desiu.
1539 1050 1599 1080 “in
1622 1049 1776 1091 patientia
1798 1059 1853 1090 per
1875 1049 2079 1080 adversitates
2103 1060 2150 1080 sa-

1393 1107 1459 1138 nat,
1476 1106 1508 1132 et
1527 1101 1678 1131 cariorem
1701 1100 1803 1130 reddit
1824 1099 1955 1130 haustus
1977 1111 2057 1141 aque
2080 1111 2150 1141 cog-

1394 1152 1523 1183 nicionis
1534 1150 1660 1192 justicie
1676 1155 1708 1180 et
1723 1149 1963 1180 niisericordicf'

1416 1209 1454 1239 In
1470 1207 1565 1244 calce,
1589 1212 1606 1223 ⁴⁴
1619 1206 1799 1247 Expliciunt
1823 1205 1908 1236 dicta
1931 1205 2061 1236 Roberti
2078 1205 2151 1235 Lin—

1395 1259 1559 1292 eoluiensis
1575 1257 1742 1299 episcopi.”

1418 1316 1566 1357 Sequitur
1589 1314 1726 1345 auctoris
1749 1313 1873 1349 notitia,
1890 1318 1910 1331 “
1925 1313 1962 1343 In
1979 1313 2036 1343 hoc
2052 1313 2154 1344 libello

1394 1373 1467 1398 sunt
1494 1366 1632 1408 capitula
1663 1375 1731 1405 147.
1760 1376 1891 1405 quorum
1919 1365 2052 1405 quedam
2081 1369 2154 1395 sunt

1395 1418 1501 1449 brevia
1513 1417 1617 1452 verba,
1636 1427 1705 1457 quc,
1723 1416 1824 1456 [dum]
1844 1415 1874 1445 in
1891 1415 1981 1446 scolis
1997 1415 2153 1453 morabar,

1398 1469 1506 1511 scripsi
1533 1468 1669 1499 breviter
1693 1472 1725 1498 et
1752 1467 1924 1508 composito
1952 1478 2093 1497 sermone
2115 1467 2156 1497 ad

1398 1521 1600 1555 memoriarum
1627 1531 1682 1550 nec
1706 1523 1778 1550 sunt
1801 1519 1839 1549 (lc
1863 1530 1924 1549 una
1947 1519 2080 1549 materia
2101 1529 2158 1549 nec

1400 1575 1441 1605 ad
1458 1573 1589 1604 invicem
1605 1571 1788 1602 continuata
1802 1583 1807 1601 :
1834 1582 1965 1612 quorum
1981 1571 2089 1601 titulos
2104 1582 2157 1613 po-

1399 1625 1456 1662 sui,
1482 1628 1517 1654 ut
1548 1623 1667 1654 facilius
1699 1623 1782 1663 quod
1810 1622 1900 1653 vellet
1930 1622 2028 1653 lector
2057 1621 2156 1663 possit

1399 1676 1555 1710 iuvenire3
1581 1674 1798 1715 spondentque
1814 1673 1995 1715 plerumque
2013 1673 2082 1714 plus
2102 1673 2156 1704 ali-

1401 1738 1461 1768 quo
1489 1726 1585 1763 tituli,
1609 1736 1702 1766 quam
1729 1725 1851 1756 solvant
1877 1725 2013 1766 capitula
2038 1725 2155 1756 lectori.
2196 1720 2199 1723 ¹

1400 1778 1541 1817 Quodam
1565 1788 1637 1807 vcro
1661 1788 1818 1807 sermones
1841 1780 1925 1813 sunt,
1949 1788 2025 1817 quos
2048 1777 2156 1807 eodem

1399 1834 1540 1870 tempore
1557 1829 1595 1859 ad
1612 1828 1728 1859 clerum
1744 1828 1790 1858 vel
1806 1828 1954 1869 populum
1970 1828 2057 1858 feci.”

1431 1886 1469 1915 In
1486 1885 1569 1915 ealce
1586 1884 1701 1915 tabulae
1717 1888 1765 1915 est
1781 1895 1886 1914 versus
1902 1883 1973 1921 iste,

1365 1946 1382 1954 '⁵
1396 1937 1477 1968 Ecce
1494 1937 1564 1967 libri
1580 1936 1649 1966 finis
1660 1961 1666 1966 .
1680 1941 1804 1966 constat
1821 1936 1869 1966 hie
1885 1947 2010 1966 cernere
2026 1936 2051 1966 si
2066 1935 2139 1966 vis.”

1318 2008 1347 2036 2.
1367 2006 1399 2036 S.
1415 2005 1433 2035 J
1437 2004 1568 2035 ohannis
1585 2004 1798 2045 Chrysostomi
1815 2004 1845 2033 in
1862 2004 1893 2034 S.
1907 2003 2055 2034 Matthaei
2071 2015 2160 2034 evan-

1379 2057 1494 2098 gelium
1516 2068 1593 2097 opus
1614 2056 1841 2097 imperfectum,
1859 2056 1992 2086 homiliis
2008 2056 2158 2097 quinqua-

1381 2109 1470 2150 ginta
1487 2112 1606 2149 septeni
1623 2107 1901 2148 comprehensum;
1922 2107 2037 2148 praevia
2052 2108 2161 2138 tabula

1382 2160 1592 2201 alphabetico..
1618 2159 1669 2190 fol.
1685 2160 1733 2200 85.

1426 2215 1543 2245 Exstat
1574 2214 1758 2255 impressum
1788 2214 1820 2244 in
1845 2214 2060 2255 Chrysostomi
2090 2225 2160 2256 ope-

1404 2277 1473 2296 rum
1498 2265 1687 2296 editionibus
1714 2265 1807 2296 variis
1833 2265 1954 2296 Latinis
1981 2270 2013 2296 et
2038 2266 2159 2297 Graeoo-

1406 2316 1537 2347 Latinis.

1433 2372 1471 2402 In
1501 2372 1594 2408 calce,
1628 2378 1645 2388 *²
1662 2371 1799 2412 Explicit
1830 2383 1908 2413 opus
1944 2373 2160 2413 imperfectum

1405 2423 1489 2454 beati
1500 2423 1521 2453 J
1525 2423 1656 2453 ohannis
1666 2423 1847 2454 Crisostomi
1861 2434 1954 2463 super
1965 2423 2161 2455 Matheum.''

1321 2558 1351 2587 53.
1369 2556 1399 2587 S.
1418 2556 1561 2597 Gregorii
1587 2556 1698 2596 Magni
1722 2555 1868 2586 Homiliae
1892 2555 2101 2597 quadraginta
2124 2556 2162 2586 de

1386 2608 1515 2638 diversis
1544 2607 1728 2638 lectionibus
1756 2607 1927 2647 Evangelii,
1955 2617 2024 2637 cum
2055 2607 2162 2638 tabula

1386 2660 1584 2701 alphabetiea
1597 2671 1729 2690 annexa.
1752 2658 1802 2689 fol.
1819 2668 1884 2699 175.

1410 2715 1547 2745 Exstant
1564 2715 1701 2756 impress.
1719 2714 1800 2745 inter
1817 2724 1921 2755 opera,
1937 2713 1984 2744 ed.
2002 2712 2161 2743 Benedict.

1388 2770 1461 2797 tom.
1476 2766 1493 2796 i.
1511 2766 1566 2797 col.
1586 2776 1672 2807 1434.
