2254 3117
362 148 430 180 132

671 142 970 178 CATALOGUS
997 143 1144 177 CODD.
1173 143 1280 178 MSS.
1307 143 1445 178 COLL.
1475 143 1847 178 MERTONENSIS.

453 243 554 283 primi,
570 252 665 283 usque
680 241 721 272 ad
737 244 859 281 tempus
871 251 931 282 quo
947 240 1015 271 Deo
1030 241 1150 271 excelso
1165 245 1241 272 aeta-

449 299 511 324 tem
525 303 625 324 meam
640 292 789 332 reliquam
803 291 954 333 placuerit
970 292 1145 332 perducere.

473 345 611 375 Finitum
627 347 674 375 est
690 355 766 384 opus
782 343 859 374 feria
875 343 1018 379 secunda,
1036 344 1087 385 qui
1102 344 1162 375 suit
1177 344 1242 375 dies

451 396 631 426 benedictus
654 394 790 425 (lecimus
810 394 960 435 septimus
981 395 1093 426 mensis
1109 395 1241 426 Ramad-

450 445 518 479 hstn,
536 444 730 485 providentia
750 449 782 475 et
804 445 1014 476 misericordia
1034 445 1092 476 Dei
1110 457 1171 487 prae
1188 458 1242 477 σεε-

450 496 524 526 teris
548 495 704 525 mensibus
727 495 903 532 venerandi,
922 507 1004 526 anno
1028 496 1154 537 Hcgirae
1171 507 1240 537 901,

452 546 581 585 (Christi
603 547 726 587 1495.)”

662 614 767 655 Inquit
783 614 935 652 librarius,

471 677 488 685 ⁸*
507 669 592 699 Finis
616 669 708 710 hujus
731 669 915 711 exemplaris
931 670 1095 707 benedicti,
1112 670 1181 700 Deo
1197 670 1242 701 ita

449 721 577 756 volente,
591 720 700 751 incidit
712 720 742 750 in
754 720 862 751 feriam
875 721 1040 751 secundam
1056 726 1126 762 post
1139 732 1240 762 vespe—

449 783 515 803 ram
538 772 598 802 diei
621 772 730 802 decimi
751 772 854 814 quarti
877 772 990 803 mensis
1006 773 1166 814 Gjumadae
1189 784 1240 813 po-

450 824 598 860 sterioris,
622 824 694 854 anni
720 824 899 865 octogesimi
929 824 1014 855 tertii
1044 836 1136 866 supra
1166 835 1240 854 non-

447 875 653 916 gentesimum
680 874 813 913 (Christi
836 876 929 916 1585)
961 875 991 905 in
1016 875 1131 917 templo
1157 876 1240 906 dicto

453 927 598 957 Al-Aksa
626 926 905 967 (Hierolymitano)
931 927 1077 968 glorioso,
1102 927 1240 968 religiose

448 978 542 1013 culto,
559 977 691 1014 sublimi,
709 989 764 1018 per
784 989 909 1008 manum
931 978 1052 1008 humilis
1075 978 1152 1008 servi
1170 977 1239 1013 Dei,

446 1030 548 1059 miseri
572 1029 754 1070 peccatoris,
770 1029 925 1070 pauperis,
948 1029 1163 1069 Gjomaleddin
1186 1029 1238 1059 filii

450 1081 678 1111 Mohammedis
690 1080 743 1110 filii
756 1080 1156 1121 Mohammedis,Al-Ajemi
1170 1092 1239 1111 con-

447 1132 615 1163 cionatoris
631 1132 661 1162 in
677 1132 830 1163 tractibus
846 1131 1098 1162 Terrae-Sanctae.

468 1184 574 1224 Atque
590 1183 647 1213 hoc
663 1187 710 1214 est
726 1183 883 1224 exemplar
898 1187 1020 1213 sextum
1035 1183 1126 1223 hujus
1138 1183 1239 1223 operis

448 1235 601 1265 benedicti
614 1234 695 1275 quod
706 1234 866 1276 descripsit
878 1234 1058 1275 (praedictus
1069 1234 1237 1273 librarius).

470 1286 551 1316 Laus
569 1286 637 1316 Deo
653 1285 739 1316 solis*

1587 240 1720 271 XVIII.
1748 241 1801 281 [ol.
1817 243 1904 283 347.]

1291 299 1410 333 Codex
1437 299 1645 337 chartaceus,
1676 310 1719 332 ex
1750 299 1869 332 charta
1897 299 2102 344 bombycina
2132 304 2168 333 et

1315 357 1484 403 laevigata,
1512 357 1547 390 in
1576 356 1657 389 folio
1682 356 1816 396 minori,
1840 356 1874 389 ff.
1895 359 1951 396 82,
1970 369 2036 391 sec,
2056 358 2167 391 forsan

1312 416 1402 455 xiii.;
1428 415 1657 460 pulcherrime
1681 419 1857 454 exaratus3
1888 419 1907 433 ‘⁶
1927 426 1970 448 ex
1997 416 2086 449 dono
2114 416 2166 448 M.

1316 473 1459 506 Robcrti
1480 472 1735 517 IIuntington‚'’
1753 477 1819 506 etc.

1332 537 1473 577 Gregorii
1486 536 1679 577 Abulfaragii
1689 536 1893 578 grammatica
1903 548 1998 578 parva
2011 550 2017 573 ;
2034 537 2166 577 §vr-iace.

1375 593 1508 622 Annexa
1523 595 1571 622 cst
1586 592 1626 622 ad
1648 591 1819 633 marginem
1839 592 2002 623 adnotatio
2029 592 2165 633 Syriaca,

1354 654 1469 673 necnon
1487 642 1625 674 Arabica
1639 642 1737 673 literis
1753 642 1887 683 Syriacis
1903 648 2042 674 exarata.

1585 737 1685 767 XIX.
1713 737 1766 778 [01.
1783 738 1868 778 331]

1290 795 1511 834 Chartaceus,
1539 806 1582 828 ex
1610 794 1728 828 charta
1754 794 1920 839 laevigata,
1939 795 1974 827 in
2001 794 2081 828 folio
2103 796 2167 828 mi-

1314 853 1397 892 nori,
1417 852 1451 886 ff.
1467 855 1546 892 104,
1565 864 1631 886 see.
1650 864 1717 890 XV„
1736 852 1844 886 nitido
1871 853 2017 897 scriptus
2035 858 2071 887 et
2096 854 2167 898 pie-

1314 912 1398 944 turis
1427 914 1588 950 ornatus;
1627 915 1645 928 “
1664 922 1706 944 ex
1736 911 1825 944 dono
1851 911 2071 956 insignissimi
2103 911 2166 945 viri

1314 968 1442 1001 domini
1459 967 1624 1001 Gulielmi
1642 968 1745 1009 Fane,
1762 968 2015 1001 honoratissimi
2035 969 2165 1002 domini

1316 1026 1486 1059 Francisci
1520 1026 1654 1059 comitis
1686 1025 1987 1059 Westmorlandiae
2021 1027 2165 1071 nepotis,

1315 1084 1407 1117 Nov.
1427 1087 1482 1122 20,
1504 1082 1628 1121 1675.”

1332 1149 1456 1180 Firdusi
1472 1149 1557 1185 liber,
1572 1149 1622 1190 qui
1638 1149 1751 1179 dicitur
1767 1148 1852 1179 Shah
1866 1148 1995 1185 Nameh‚
2010 1159 2026 1179 e
2040 1149 2165 1180 Persico

1352 1201 1383 1230 in
1399 1200 1568 1231 Arabicum
1594 1212 1681 1231 versa.
1704 1211 1758 1241 per
1782 1199 1979 1236 Nasireddim
2003 1200 2041 1230 de
2063 1200 2164 1238 Tous3

1352 1251 1490 1282 Arabia.
