2254 3117
654 156 890 193 COLLEGII
921 156 1294 191 MERTONENSIS.
1839 162 1883 199 69

208 255 267 286 Tit.
291 260 308 272 ‘⁵
324 255 438 297 Incipit
468 255 624 297 exposicio
650 256 833 287 venerabilis
861 255 944 286 Beda

184 306 347 347 presbiteri
364 307 402 337 (10
418 306 619 338 tabernaculo
632 307 660 342 ;”
676 312 734 338 etc.
750 312 785 338 ut
802 318 905 348 supra.

207 358 344 389 Exstant
368 358 505 399 impress.
532 358 613 388 inter
639 369 745 399 opera,
768 359 814 388 ed.
835 359 941 389 colon.

190 410 280 445 1612,
295 413 371 439 tom.
384 410 423 439 iv.
440 409 496 439 col.
511 409 580 450 838.

100 485 129 514 b.
148 484 290 526 Epistola
313 485 352 515 de
379 496 433 516 sex
459 485 608 516 aetatibus
631 485 725 516 seculi
745 485 785 516 ad
811 485 941 526 Plegwi-

164 547 248 566 num.
272 536 323 566 fol.
340 537 388 566 28.

208 587 323 617 Exstat
340 587 371 617 in
387 587 461 618 edit.
478 587 574 618 Giles.
593 591 669 618 tom.
683 587 701 617 i.
719 599 748 629 p.
768 598 835 626 144.

206 637 243 668 In
273 638 367 674 calce,
396 642 414 655 “
428 638 566 679 Explicit
597 639 731 680 epistola,
761 639 943 670 venerabilis

184 689 268 720 Bede
285 689 448 731 presbiteri
467 690 508 721 ad
525 690 716 731 Flegwinum
739 690 778 721 de
801 701 855 721 sex
879 694 944 722 eta-

185 739 270 770 tibus
285 739 411 771 seculi.''

100 818 124 837 c.
143 806 194 837 Ad
212 806 412 837 Nothelmum
435 807 474 838 de
496 807 703 839 {edificatione
727 808 833 850 templi
858 809 944 840 Salo—

162 857 261 888 monis
277 858 346 888 libri
363 859 434 889 duo.
460 858 511 889 fol.
526 868 577 899 30.

207 909 243 939 111
260 909 335 940 edit.
354 909 460 941 Colon.
477 914 552 941 tom.
565 910 626 941 viii.
643 910 698 941 col.
717 921 741 941 1.

101 977 130 1006 d.
152 976 186 1006 In
226 976 375 1017 epistolas
413 980 533 1018 septem
571 977 740 1008 catholicas
778 977 942 1018 expositio.

164 1026 215 1057 fol.
277 1051 282 1057 .

206 1036 270 1108 Tit7.
285 1077 304 1107 i.
321 1077 469 1118 “Incipit
493 1077 524 1108 in
547 1077 712 1119 epistolam
734 1078 848 1109 Jacobi
871 1089 945 1119 apo—

185 1129 256 1160 stoli
272 1129 427 1170 exposicio
443 1129 627 1160 venerabilis
644 1129 728 1160 Bede
745 1129 945 1171 presbiteri.’'

209 1180 288 1210 Ibid.
305 1184 381 1211 tom.
396 1192 423 1211 v.
440 1180 497 1211 001.
511 1182 582 1222 673.

101 1260 126 1279 e.
146 1249 182 1279 111
200 1249 301 1280 Actus
323 1249 549 1290 Apostolorum
577 1250 743 1290 expositio,
767 1250 881 1291 praevia
905 1251 945 1281 ad

163 1302 281 1331 Accam
296 1301 488 1342 praesatione.
512 1301 563 1331 fol.
580 1310 619 1340 74
631 1301 658 1332 b.

206 1352 268 1383 Tit.
296 1357 316 1370 “
332 1353 446 1394 Incipit
475 1352 612 1394 prefacio
642 1352 827 1383 venerabilis
860 1353 945 1384 Bede

184 1403 348 1445 presbiteri
361 1404 391 1434 in
403 1405 504 1435 Actus
514 1404 739 1445 Apostolorum
755 1404 848 1436 missa
860 1407 945 1436 Acce

184 1455 361 1497 episcopo.”

206 1506 287 1537 Ibid.
303 1511 377 1538 tom.
394 1518 418 1538 v.
438 1506 496 1537 001.
510 1507 581 1548 625.

101 1574 120 1604 s.
138 1574 185 1604 De
208 1573 282 1604 locis
304 1574 432 1611 sanctis,
448 1575 556 1606 ordine
579 1575 787 1616 alphabetico.
812 1575 841 1605 ff.
857 1576 894 1616 85
914 1576 943 1613 b,

171 1635 226 1666 152
240 1625 269 1656 b.

207 1677 303 1718 Incip.
330 1677 571 1708 “Acheldemac
598 1682 646 1708 est
672 1689 747 1719 ager
773 1678 943 1719 sanguinis,

186 1729 237 1769 qui
263 1739 360 1769 usque
386 1728 478 1759 hodie
504 1733 700 1760 monstratur
722 1729 753 1759 in
777 1729 892 1770 Hely‚''
909 1738 944 1761 ut

186 1779 259 1810 ibid.
277 1783 353 1811 tom.
367 1791 393 1810 v.
410 1779 467 1810 col.
481 1781 552 1810 666.

101 1866 131 1895 g.
150 1854 356 1885 Homiliarum
381 1855 411 1885 in
435 1855 583 1886 lectiones
607 1855 800 1897 evangelicas
823 1867 878 1897 per
899 1861 944 1888 to-

165 1911 230 1936 tum
247 1917 362 1936 annum
378 1906 449 1937 libri
465 1907 537 1937 duo.
562 1907 612 1937 fol.
628 1909 664 1947 87
682 1908 712 1937 b.

208 1957 305 1998 Incip.
320 1957 340 1987 i.
359 1962 377 1974 ⁴⁶
392 1957 427 1988 ln
451 1957 503 1988 illo
526 1962 669 1998 tempore
692 1958 748 1988 fuit
771 1958 944 1995 Johannes,

186 2013 243 2039 etc.
289 2009 470 2039 Adventum
501 2010 653 2040 dominice
683 2010 904 2050 predicationis
917 2012 945 2045 ;”

186 2059 216 2090 in
233 2060 308 2091 edit.
328 2060 425 2091 Giles.
443 2065 519 2091 tom.
531 2072 559 2091 v.
577 2072 606 2102 p.
621 2063 693 2102 368.

208 2111 260 2141 Ad
276 2111 327 2142 sol.
352 2111 407 2143 ¹06
423 2112 453 2143 b.
473 2112 608 2143 insertus
631 2117 690 2148 est,
706 2116 724 2129 “
738 2112 846 2143 Sermo
865 2113 943 2144 Leo-

186 2161 234 2192 nis
248 2173 328 2204 pape
343 2163 374 2193 in
390 2163 439 2194 die
455 2163 680 2204 purificationis
696 2164 779 2194 beati
793 2164 896 2195 Marie
912 2169 944 2196 et

188 2217 336 2254 perpetue
353 2213 523 2255 Vi1·ginis.”

209 2264 246 2294 In
262 2264 354 2301 calce,
373 2269 392 2281 “
406 2265 489 2296 Laus
508 2265 564 2296 tibi
585 2266 625 2296 sit
642 2265 766 2296 Christe
782 2277 837 2306 per
853 2277 944 2308 quem

185 2314 263 2346 liber
278 2316 405 2357 explicit
422 2316 513 2347 iste.”

209 2365 356 2407 Sequitur
382 2366 542 2408 exemplar
568 2366 652 2397 aliud
680 2366 773 2397 libelli
801 2367 838 2397 sle
869 2368 945 2399 locis

188 2418 313 2454 sanctis,
331 2419 387 2449 sub
406 2418 510 2455 titulo,
528 2422 546 2434 *²
560 2418 654 2448 Liber
676 2417 714 2447 dc
737 2418 945 2459 descriptione

188 2469 266 2499 situs
280 2474 363 2500 terre
379 2480 398 2499 a
414 2469 508 2500 beato
519 2469 607 2499 Beda
622 2469 859 2509 provinciarum,
871 2470 942 2500 civi-

188 2524 299 2557 tatum,
311 2520 480 2550 insularum
497 2520 567 2550 huic
584 2519 663 2550 libro
679 2521 945 2561 congruentium.”

103 2580 133 2612 h.
151 2581 187 2612 ln
203 2582 315 2614 librum
335 2583 454 2624 Regum
470 2583 601 2624 triginta
619 2583 813 2623 qmestiones,
830 2585 945 2625 praevia

166 2634 206 2664 ad
225 2634 426 2665 Nothelmum
443 2634 586 2675 epistola.
610 2633 660 2664 fol.
681 2644 749 2675 ¹55·

209 2685 270 2716 Tit.
287 2690 306 2703 “
323 2685 436 2726 Incipit
459 2685 593 2726 epistola
610 2684 693 2714 Bede
716 2685 881 2725 presbiteri
903 2685 944 2716 ad

186 2735 388 2767 Nothelmum
405 2736 443 2766 de
460 2747 533 2766 xxx.
550 2736 795 2777 questionibus.”

210 2787 246 2817 In
263 2788 336 2818 edit.
354 2787 460 2819 Colon.
477 2793 552 2818 tom.
567 2787 604 2818 iv.
622 2788 677 2818 col.
691 2798 764 2829 333.

1039 253 1057 283 i.
1077 254 1113 283 In
1133 255 1323 295 evangelium
1341 255 1371 286 S.
1392 256 1483 287 Lucae
1498 257 1750 295 commentarius,
1768 259 1880 299 praevia

1101 306 1307 346 capitulorum
1324 307 1441 338 tabula.
1465 308 1517 338 fol.
1536 310 1606 339 161.

1146 355 1222 386 Ibid.
1240 361 1315 387 tom.
1328 368 1355 387 v.
1372 358 1427 388 col.
1446 368 1516 398 217.

1136 406 1170 436 ln
1182 407 1276 444 calce,
1288 413 1308 425 ‘⁶
1322 408 1459 448 Explicit
1473 409 1507 439 Β.
1520 421 1612 450 super
1626 410 1754 441 Lucam.
1771 411 1877 448 1417.''

1039 462 1068 492 k.
1089 463 1128 492 111
1144 463 1277 494 Cantica
1292 464 1491 495 cantieorum
1511 465 1580 495 libri
1602 477 1665 503 sex,
1684 466 1806 507 praeviis
1828 478 1876 496 ca-

1103 514 1220 555 pitulis,
1236 515 1304 544 libri
1321 515 1520 546 Canticorum
1540 521 1639 553 textu,
1656 522 1688 548 et
1708 518 1787 548 libro
1807 529 1876 548 0011-

1103 570 1154 594 tra
1175 565 1336 595 Julianum
1361 566 1470 597 (11111111ὶ
1495 568 1604 608 gratiae
1629 573 1876 610 repugnatorem.

1104 615 1154 645 fol.
1178 616 1234 655 198
1248 616 1277 645 b.

1147 666 1225 696 Ibid.
1243 671 1318 697 tom.
1332 667 1368 697 iv.
1387 668 1441 697 001.
1457 677 1527 707 714.

1149 717 1185 747 111
1210 717 1293 748 calce
1323 723 1395 748 sunt
1416 730 1521 750 versus
1548 731 1655 750 novem
1683 721 1875 757 hexametri3

1126 769 1217 810 incip.
1242 774 1259 785 ‘⁵
1272 769 1359 799 Beda
1390 769 1447 799 Dei
1478 770 1619 808 famulus,
1651 772 1748 802 nostri
1779 771 1878 802 didas-

1126 820 1210 850 calus
1226 819 1301 850 evi.”

1041 875 1058 905 l.
1078 876 1115 905 In
1127 875 1291 916 parabolas
1302 875 1476 906 Salomonis
1486 877 1733 908 commentarius.
1750 878 1770 909 f.
1784 888 1839 919 '231
1850 879 1878 909 b.

1148 927 1230 957 Ibid.
1247 931 1322 957 tom.
1336 927 1374 957 iv.
1391 926 1445 957 col.
1460 928 1531 968 634.

1149 977 1296 1019 Sequitur
1319 978 1432 1008 iterum
1455 977 1574 1008 libellus
1598 979 1635 1008 de
1660 979 1733 1009 10015
1753 980 1878 1015 sanctis,

1129 1034 1146 1045 ‘²
1157 1033 1191 1059 ut
1208 1033 1296 1070 patet
1312 1040 1368 1070 per
1383 1034 1524 1059 sanctum
1541 1029 1683 1059 Orosium
1697 1029 1774 1059 libro
1789 1041 1844 1060 suo
1861 1039 1876 1069 7

1126 1081 1164 1111 de
1180 1080 1356 1111 Oi·1nesta.”

1042 1146 1081 1165 111.
1100 1135 1147 1166 De
1164 1135 1352 1176 ponderibus
1365 1138 1397 1165 et
1413 1134 1563 1164 mensuris
1579 1134 1709 1165 libellus.
1734 1135 1783 1165 fol.
1799 1144 1866 1176 255.

1149 1186 1244 1228 Incip.
1269 1192 1289 1203 ‘⁶
1303 1186 1480 1216 Ponderum
1498 1191 1528 1216 et
1545 1187 1787 1217 mensurarumf*

1149 1237 1186 1268 In
1201 1238 1294 1274 calce,
1306 1243 1323 1254 ‘⁸
1338 1237 1475 1279 Explicit
1493 1237 1578 1268 Beda
1594 1237 1632 1267 de
1648 1237 1835 1278 ponderibus
1850 1243 1881 1267 et

1126 1289 1307 1319 meum-ish*

1021 1343 1221 1374 2..J0ha1mis
1238 1343 1395 1385 Scharprei
1419 1354 1496 1384 opus
1520 1343 1557 1374 (le
1580 1342 1773 1373 orationibus
1797 1353 1882 1372 sanc-

1082 1400 1196 1432 torum,
1208 1396 1246 1426 de
1262 1395 1415 1436 suffragiis
1425 1395 1589 1431 viatorum,
1601 1399 1632 1425 et
1648 1394 1686 1424 de
1703 1393 1882 1435 pluralitate

1084 1447 1313 1478 beneficiorum.
1338 1447 1388 1477 fol.
1405 1455 1476 1487 257.

1127 1498 1225 1539 Incip.
1242 1503 1260 1515 “
1276 1498 1448 1529 Reverendi
1465 1496 1605 1538 magistri
1625 1501 1658 1528 et
1681 1496 1796 1527 domini
1813 1507 1881 1526 eum

1104 1550 1272 1580 secundum
1288 1549 1398 1580 seriem
1411 1548 1561 1590 evangelii
1578 1547 1678 1578 omnis
1693 1547 1881 1588 plantacio.'’

1127 1600 1233 1631 Desin.
1251 1605 1268 1617 “
1282 1601 1322 1631 ad
1339 1601 1538 1631 collacioncm
1555 1599 1660 1641 gracie
1680 1603 1712 1630 et
1729 1598 1882 1629 defunctis

1104 1653 1144 1683 ad
1161 1652 1392 1694 mitigacionem
1409 1663 1497 1693 pene,
1515 1651 1592 1682 etc.”

1127 1703 1164 1734 In
1181 1704 1275 1741 calce,
1292 1708 1309 1721 ‘⁵
1323 1704 1461 1746 Explicit
1476 1715 1553 1745 opus
1571 1702 1712 1744 magistri
1728 1701 1881 1733 Johannis

1105 1755 1254 1795 Scharpff'

1017 1808 1048 1837 3.
1066 1806 1214 1847 Ejusdem
1241 1806 1397 1837 Johannis
1427 1806 1616 1838 tractatulus
1651 1806 1689 1836 de
1724 1808 1881 1846 potestate

1082 1858 1260 1889 sacerdotii.
1285 1858 1336 1888 fol.
1356 1867 1426 1898 270.

1126 1909 1222 1950 Incip.
1254 1914 1274 1926 ‘⁶
1290 1909 1340 1939 Ad
1372 1908 1608 1939 sacrificandum
1644 1912 1679 1938 ut
1709 1917 1820 1948 panem
1851 1912 1879 1935 et

1103 1961 1240 1990 vinum.’'

1127 2012 1164 2041 In
1181 2010 1275 2046 calce,
1289 2014 1309 2027 ‘⁶
1321 2010 1427 2049 Thou3
1445 2011 1522 2041 thou
1539 2021 1617 2040 were
1633 2019 1744 2040 neuere
1760 2019 1794 2038 so
1809 2014 1877 2048 gret

1103 2074 1121 2093 a
1138 2062 1226 2093 theef
1239 2062 1284 2092 thi
1301 2062 1411 2102 modyr
1428 2062 1505 2092 wold
1523 2066 1578 2092 not
1595 2072 1627 2092 se
1643 2061 1696 2092 the
1713 2058 1865 2100 hangydf

1020 2121 1049 2149 4.
1068 2118 1216 2159 Ejusdem
1240 2118 1278 2148 de
1300 2117 1484 2148 adoratione
1500 2116 1668 2158 imaginum
1684 2113 1878 2146 tractatulus.

1083 2169 1133 2200 fol.
1149 2179 1184 2208 27
1190 2179 1206 2210 3
1224 2169 1252 2199 b.

1125 2220 1222 2261 Incip.
1255 2224 1273 2237 ‘⁶
1293 2219 1450 2260 Numquid
1486 2217 1613 2249 Domini
1651 2216 1748 2247 nostri
1783 2215 1878 2245 Jhesu

1104 2270 1219 2302 Christi
1236 2269 1403 2301 crucifixff'

1019 2331 1048 2358 5.
1066 2327 1214 2368 Ejusdem
1230 2327 1268 2357 de
1286 2325 1586 2367 peregrinationibus
1602 2323 1686 2353 liber.
1710 2322 1761 2352 fol.
1777 2330 1834 2361 279
1849 2321 1875 2350 b.

1126 2377 1220 2418 Incip.
1246 2376 1315 2407 “In
1340 2376 1473 2407 materia
1497 2373 1753 2416 peregrinacionis
1776 2373 1877 2402 dicen-

1104 2429 1178 2459 dum
1207 2432 1273 2466 est3
1299 2427 1432 2458 Licitum
1461 2432 1508 2457 est
1539 2425 1713 2456 hominibus
1742 2422 1876 2464 peregri-

1103 2480 1202 2510 nari.”

1018 2531 1038 2561 6
1066 2531 1219 2572 Dialogus
1234 2530 1316 2560 inter
1329 2529 1458 2560 Petrum
1468 2527 1678 2558 Christianum
1691 2530 1722 2555 et
1734 2525 1874 2565 Moysen]

1083 2581 1262 2612 haereticum
1279 2581 1316 2611 de
1332 2581 1415 2621 ligno
1431 2579 1539 2615 crucis,
1555 2582 1613 2608 etc.
1638 2577 1688 2606 sol.
1703 2577 1756 2605 281
1775 2576 1802 2605 b.

1125 2633 1223 2674 Incip.
1238 2637 1257 2651 “
1272 2631 1436 2673 [Moyses]
1456 2629 1534 2668 Quid
1548 2629 1647 2659 adhuc
1661 2626 1747 2667 quasi
1763 2626 1794 2656 111
1809 2625 1875 2656 thc-

1102 2695 1194 2715 sauro
1210 2683 1363 2714 reservavi
1379 2682 1435 2712 tibi
1452 2680 1533 2721 quod
1550 2690 1618 2709 cum
1634 2678 1836 2718 apposuero.’'

1126 2735 1163 2765 In
1179 2735 1271 2771 calce,
1290 2738 1308 2750 “
1322 2734 1386 2764 Iste
1403 2732 1516 2762 Petrus
1535 2730 1632 2770 primo
1649 2729 1706 2759 fuit
1723 2728 1877 2759 hereticus

1103 2791 1135 2817 et
1164 2785 1335 2816 vocabatur
1364 2783 1503 2824 Moyses,
1534 2786 1642 2822 postea
1675 2791 1745 2811 cum
1775 2780 1876 2810 sactus
