2254 3117
313 153 333 182 8
878 147 1177 184 CATALOGUS
1203 150 1437 185 CODICUM
1465 150 1573 184 MSS.

397 248 561 289 compilare
577 245 749 277 sentencias
767 268 919 276 .......
932 246 971 276 de
986 246 1194 278 accidencium

396 297 689 340 pr0110sticacione.”

418 351 596 391 Sequuntur
624 358 659 379 12
685 348 897 379 distinctiones
928 353 960 380 et
988 349 1072 380 tituli
1101 350 1191 391 primi

394 402 473 437 libri,
498 406 515 417 ‘⁴
532 412 608 441 quos
627 399 803 441 compilavit
819 399 866 430 M.
881 399 900 430 J
904 400 1041 431 ohannes
1057 401 1192 431 Eschen-

395 452 454 481 den
470 451 500 480 in
516 451 642 481 civitate
659 451 781 481 Oxou.”

416 502 512 542 Incip.
527 502 577 532 lib.
592 501 611 531 i.
628 506 647 519 ‘⁶
662 501 747 532 Dicit
758 501 862 532 Julius
878 501 1036 532 Fermicus
1051 502 1130 533 libro
1142 503 1191 543 3.”

415 553 452 583 In
466 553 560 589 calce,
572 552 625 583 lib.
639 553 658 582 i.
678 557 696 569 ‘⁴
709 552 871 593 Completa
886 557 934 583 est
950 563 1023 594 ergo
1038 553 1094 584 hec
1110 564 1191 584 com-

393 605 504 645 pilacio
532 608 686 635 tractatus
713 604 803 645 primi
834 615 950 634 summe
973 604 1127 645 judicialis
1154 605 1192 635 de

393 655 606 686 'accidentibus
635 655 742 686 mundi
772 655 802 685 in
832 655 958 686 civitate
985 656 1106 686 Oxonic
1137 667 1192 697 per

392 707 575 747 magistrum
598 706 777 737 Johannem
801 706 838 736 dc
866 706 1053 743 Aschehlen,
1081 716 1119 737 20
1143 707 1192 737 (lie

392 758 503 788 mensis
518 757 604 794 Julii,
621 769 703 788 anno
719 757 838 788 Christi
855 759 967 797 1341.’'

414 808 510 850 Incip.
538 813 630 840 tract.
654 809 685 840 ii.
711 813 731 827 ‘⁶
752 808 840 839 Sicut
866 808 941 839 dicit
968 808 1149 839 Aristotiles
1174 818 1189 839 2

393 859 607 890 Ethicorum.”

415 911 451 941 In
479 911 573 947 calce,
601 915 620 928 “
637 910 802 952 Completa
826 914 874 942 est
897 911 954 941 hec
979 910 1190 951 compilacioss'

393 967 450 992 etc.
473 964 507 992 18
525 963 574 993 die
590 962 702 993 mensis
719 962 902 993 Decembris
919 963 1031 1003 1348.’'

415 1017 547 1054 Deinde,
564 1022 581 1033 “
599 1017 736 1058 Explicit
752 1028 871 1047 sumnia
882 1017 1038 1058 judicialis
1054 1017 1092 1047 de
1112 1017 1189 1047 acci-

393 1068 538 1098 dentibus
561 1069 666 1099 mundi
687 1068 854 1099 secundum
877 1068 1057 1109 magistrum
1073 1068 1092 1098 J
1096 1068 1189 1098 ohan-

394 1129 463 1148 nem
479 1119 517 1149 de
538 1119 723 1150 Escliendon
746 1119 902 1160 quondam
923 1119 1038 1149 socium
1062 1119 1130 1149 aule
1152 1119 1190 1148 dc

394 1171 539 1202 Mertone
569 1172 599 1202 in
630 1172 730 1202 Oxou.
758 1171 845 1212 cujus
871 1171 972 1202 anime
1002 1171 1190 1212 propicietur

394 1221 511 1251 Deus.'’

675 1312 820 1346 XXIV.

307 1382 426 1415 Codex
456 1383 749 1423 membranaceus,
776 1383 810 1415 in
840 1383 931 1422 folio,
956 1383 989 1416 ff.
1010 1382 1089 1419 265,
1118 1395 1185 1416 sec.

330 1441 410 1480 xiv.,
440 1441 529 1474 binis
553 1441 722 1475 columnis
750 1441 859 1475 nitide
890 1446 1069 1479 exaratus:
1105 1441 1187 1475 olim

331 1498 417 1530 liber
444 1496 611 1531 Johannis
636 1498 787 1538 Tailour,
815 1498 849 1532 S.
866 1498 904 1531 T.
920 1498 968 1535 P..
995 1499 1095 1533 datus
1128 1511 1188 1544 per

331 1556 478 1589 eundem
511 1556 686 1589 communi
715 1556 875 1590 electioni
909 1556 1043 1602 collegii
1074 1558 1186 1591 vocati

331 1613 459 1659 OryclL
479 1614 537 1647 ubi
565 1619 720 1659 tempore
744 1614 941 1647 donacionis
967 1619 1040 1648 erat
1066 1627 1187 1660 prepo-

331 1673 425 1705 situs.
708 1711 711 1714 Α

351 1734 375 1761 1.
395 1731 590 1772 Praepositivi
622 1731 805 1762 parisiensis
836 1732 963 1763 Summa
990 1732 1185 1775 Theologica.

411 1783 461 1812 fol.
480 1793 525 1820 14.

456 1833 553 1874 Incip.
571 1840 588 1849 ⁸⁴
605 1833 663 1872 Qui
684 1834 825 1874 producit
841 1839 948 1865 ventos
975 1836 1012 1865 de
1032 1836 1186 1866 thesauris

432 1886 514 1920 suis;
539 1890 597 1916 etc.
644 1885 796 1916 Dominus
813 1886 861 1917 ille
878 1898 1006 1928 maguus
1023 1888 1075 1928 qui
1091 1888 1186 1929 impe-

433 1942 482 1967 rat
498 1936 625 1967 ventis.”

347 1994 374 2022 2.
393 1992 555 2033 Expositio
577 2002 668 2032 super
691 1992 861 2032 symbolum
882 1993 1115 2033 Apostolorum,
1132 2005 1185 2023 au-

411 2048 496 2074 ctore
515 2042 673 2073 &Villelmo
690 2067 695 2073 .
714 2068 719 2073 .
739 2067 745 2073 .
764 2067 770 2073 .
794 2044 844 2073 fol.
858 2046 909 2082 46.

451 2093 546 2134 Incip.
564 2098 582 2110 “
596 2093 782 2124 Ecclesiaste
802 2094 921 2129 ultimo,
941 2094 1045 2125 Verba
1067 2096 1185 2136 sapien·

432 2150 498 2175 tum
514 2144 600 2185 quasi
617 2144 731 2174 stimuli
748 2149 780 2174 et
796 2146 882 2185 quasi
898 2145 1002 2175 clavis*

455 2196 491 2226 In
508 2195 600 2232 calce,
619 2200 636 2212 ‘⁶
654 2196 789 2236 Explicit
808 2197 961 2237 exposicio
978 2198 1097 2228 simboli
1113 2209 1184 2238 apo-

433 2247 582 2277 stolorum
605 2247 772 2277 secundum
796 2248 978 2288 magistrum
995 2248 1185 2279 XVillelmum

346 2355 374 2384 3.
400 2353 574 2394 [Gulielmi]
602 2353 885 2383 Autissiodorensis
913 2354 1039 2384 Summa
1068 2355 1183 2385 theolo-

410 2405 468 2446 giae
485 2404 570 2435 libris
586 2409 720 2446 quatuor
735 2405 964 2445 comprehensa.
988 2406 1037 2435 fol.
1055 2416 1091 2446 51
1112 2406 1141 2436 b.

454 2455 553 2496 Incip.
569 2460 587 2472 “
605 2455 697 2486 Fides
714 2460 770 2492 est,
787 2461 821 2486 ut
837 2456 912 2486 dicit
928 2457 1098 2497 apostolus,
1115 2457 1185 2487 sub-

432 2506 549 2536 stantia
565 2517 667 2536 rerum
679 2506 704 2542 ;”
728 2510 762 2537 ut
777 2506 808 2536 in
825 2507 898 2537 edit.
917 2507 1015 2537 Paris.
1039 2517 1122 2547 ¹500-

454 2557 558 2587 Desiu.
578 2562 595 2574 “
609 2569 667 2598 que
680 2558 856 2599 preparavit
870 2558 1034 2595 Deus-hiis,
1052 2559 1103 2599 qui
1120 2559 1185 2589 ‹lili-

430 2613 508 2649 gunt
524 2608 627 2642 illu1n;
653 2608 704 2639 illa
721 2608 836 2649 gaudia
852 2608 939 2639 nobis
960 2613 1099 2648 prestare
1121 2610 1184 2650 ‹lig-

431 2664 522 2690 nctur
552 2659 668 2690 Jhosus
693 2659 845 2697 Christus,
870 2660 1016 2691 Dominus
1041 2661 1186 2695 nostcr;”

434 2716 490 2740 etc.

1622 248 1747 283 XXV.

1245 310 1364 345 Codex
1389 311 1681 349 membranaceus
1696 311 1731 344 in
1745 311 1827 345 folio
1845 314 1975 358 majori,
1994 314 2027 348 ff.
2043 318 2123 354 222.

1269 380 1334 402 sec.
1353 369 1431 405 xiv.,
1451 368 1540 401 binis
1559 367 1727 401 columnis
1745 368 1834 402 bene
1852 376 2020 405 exaratus.

1287 427 1468 458 Aristotelis
1483 438 1577 468 opera
1590 427 1732 468 quaedam
1744 439 1781 458 ex
1794 429 1890 459 veteri
1905 430 2122 465 translatione;

1308 478 1432 514 scilicet,

1266 533 1292 563 1.
1311 532 1493 562 Ethicorum
1508 531 1578 562 libri
1595 532 1712 570 decem,
1729 544 1798 564 cum
1818 534 1928 575 glossis
1949 535 2124 577 marginali-

1327 583 1394 613 bus.
1419 583 1469 613 fol.
1488 593 1513 613 1.

1370 634 1468 675 Incip.
1483 638 1500 651 ‘⁶
1514 634 1622 665 Omnis
1643 646 1694 665 ars
1710 639 1742 666 et
1761 635 1859 666 omnis
1879 637 2022 668 doctrina.
2043 637 2124 668 simi-

1348 686 1418 716 liter
1434 689 1465 716 et
1481 690 1570 716 actus
1585 690 1617 717 et
1634 686 1775 717 eleccio.”

1370 737 1408 767 In
1423 736 1515 774 calce,
1533 742 1551 754 ‘⁴
1566 736 1703 778 Explicit
1725 737 1803 767 liber
1819 737 2002 769 Ethicorum
2020 739 2123 770 Mora-

1347 787 1450 818 liu1n.”

1263 840 1290 868 2.
1309 839 1356 869 De
1379 839 1461 869 bona
1476 838 1602 869 fortuna
1617 839 1746 870 libellus.
1770 840 1820 870 fol.
1839 841 1876 879 78
1894 840 1923 871 b.

1374 889 1473 930 Incip.
1492 894 1510 906 “
1524 889 1679 920 Habitum
1695 897 1800 921 autem
1816 891 1956 932 utique.’'

1370 941 1407 971 In
1419 941 1510 978 calce,
1526 945 1543 957 ‘⁴
1559 941 1696 982 Explicit
1708 941 1786 972 liber
1799 942 1979 973 Aristotelis
1991 942 2029 973 de
2044 942 2126 973 bona

1346 992 1501 1023 fortuna.”

1261 1045 1292 1074 3.
1309 1043 1598 1085 Mctaphysicorum
1614 1043 1684 1074 libri
1700 1044 1853 1075 undecim.
1878 1045 1929 1075 fol.
1948 1045 1997 1074 81.

1367 1095 1464 1136 Incip.
1484 1099 1502 1111 ‘⁸
1515 1095 1630 1126 Omnes
1651 1095 1790 1126 homines
1812 1099 1926 1127 natura
1952 1095 2030 1126 scire
2046 1096 2125 1126 desi-

1345 1147 1466 1177 derant.
1511 1146 1640 1187 Signum
1656 1150 1703 1177 est
1719 1148 1898 1177 sensuum.'’

1368 1197 1406 1227 In
1423 1197 1516 1234 calce,
1531 1202 1548 1214 “
1562 1197 1699 1238 Explicit
1715 1197 1914 1228 duodecimus
1930 1197 2008 1228 liber
2020 1197 2124 1229 Meta-

1345 1248 1460 1290 phisico
1476 1248 1680 1279 Aristotiliss'

1261 1301 1288 1330 4.
1306 1299 1566 1330 Rhothoricorum
1582 1299 1650 1329 libri
1666 1302 1739 1330 tres.
1764 1299 1814 1329 fol.
1832 1307 1899 1340 157.

1368 1350 1463 1391 Incip.
1483 1353 1501 1367 ⁴‘
1515 1350 1684 1380 Rethorica
1699 1350 1872 1381 assecutiva
1888 1350 2072 1391 dyaletice.”

1368 1402 1405 1432 In
1431 1402 1524 1438 calce,
1553 1406 1570 1418 “
1588 1401 1726 1442 Explicit
1756 1402 1912 1433 rethorica
1943 1402 2123 1434 Aristotelis

1344 1453 1498 1483 translata
1513 1463 1532 1483 a
1547 1453 1648 1483 Greco
1664 1453 1694 1483 in
1714 1453 1891 1484 Latinum.’'

1365 1504 1540 1535 Occurrunt
1552 1504 1581 1534 in
1595 1504 1730 1545 tegmine
1742 1504 1882 1535 interiori
1894 1505 2029 1543 nomina,
2041 1510 2058 1521 “
2070 1504 2122 1534 W.

1345 1554 1527 1591 Stretforth‚
1545 1554 1686 1585 dominus
1703 1554 1732 1585 J.
1748 1555 1872 1592 Bolton,
1889 1555 1926 1586 T.
1939 1555 2088 1597 Wyoth.''

1608 1645 1753 1679 XXVI.

1239 1704 1538 1743 Membranaceus,
1570 1705 1605 1737 in
1631 1706 1702 1744 4to>
1726 1704 1759 1737 ff.
1781 1707 1862 1743 282,
1892 1716 1957 1739 sec.
1976 1716 2053 1744 XV.;
2079 1716 2122 1738 ex

1262 1764 1363 1803 dono,
1392 1764 1504 1808 quoad
1532 1768 1665 1808 partem
1692 1764 1851 1808 priorem,
1874 1763 2014 1798 Thomae
2033 1763 2123 1797 Her-

1262 1822 1340 1861 low,
1375 1821 1487 1865 quoad
1528 1822 1753 1865 posteriorem
1795 1822 1817 1855 J
1820 1822 1974 1862 ohannis,
2010 1822 2122 1856 fratris

1264 1879 1435 1913 Willelmi
1456 1879 1558 1918 Corff,
1578 1880 1759 1924 praepositi.

1281 1940 1308 1970 1.
1326 1939 1446 1969 Tabula
1469 1938 1668 1979 alphabetico,
1693 1951 1786 1981 super
1812 1951 1889 1981 opus
1915 1951 2045 1981 sequens
2068 1951 2123 1982 per

1345 1991 1382 2021 T.
1402 1990 1540 2021 Derliam
1556 1995 1591 2022 ut
1608 1991 1732 2022 videtur
1748 1992 1898 2022 confecta.
1924 1992 1976 2023 fol.
1998 2003 2020 2022 1.

1388 2042 1424 2072 In
1451 2044 1543 2079 calce,
1572 2047 1590 2059 “
1616 2042 1753 2084 Explicit
1790 2043 1898 2074 tabula
1925 2044 2121 2084 questionum

1364 2093 1496 2123 Antonii
1521 2105 1614 2134 super
1643 2104 1678 2124 12
1705 2094 1800 2124 libros
1827 2095 2052 2136 Metaphisice;
2085 2095 2120 2125 T.

1367 2144 1538 2175 Derliam.’'

1280 2198 1308 2226 2.
1327 2195 1457 2226 Antonii
1475 2196 1611 2226 Andreae
1628 2196 1701 2226 Ord.
1721 2196 1798 2226 Min.
1816 2197 2009 2235 Quaestiones
2031 2208 2122 2238 super

1344 2246 1524 2277 Aristotelis
1562 2246 1850 2288 Metaphysicorum
1884 2247 1978 2277 libros
2009 2248 2119 2278 duode-

1344 2298 1412 2328 cim.
1436 2297 1487 2328 sol.
1506 2308 1550 2328 11.

1387 2348 1485 2389 Incip.
1504 2353 1523 2366 “
1538 2348 1647 2379 Girum
1670 2349 1737 2385 celi,
1753 2352 1812 2379 etc.
1859 2348 2034 2379 Secundum
2049 2350 2120 2380 Ari-

1365 2399 1486 2430 stotelis
1502 2399 1676 2430 doctrinam
1688 2401 1719 2434 ;'’
1744 2403 1778 2430 ut
1794 2400 1824 2429 in
1841 2399 1930 2430 editt.
1948 2400 2086 2441 impress.

1387 2451 1425 2481 In
1441 2450 1533 2487 calce⁷
1551 2455 1569 2468 “
1587 2450 1724 2492 Explicit
1739 2450 1888 2491 scriptum
1907 2462 1998 2492 super
2018 2452 2120 2483 Meta-

1365 2502 1483 2543 phisica
1506 2501 1686 2532 Aristotelis
1708 2503 1875 2532 secundum
1891 2513 2003 2533 novam
2019 2510 2119 2533 trans-

1365 2553 1515 2583 lacionem
1540 2552 1741 2593 compilatum
1763 2553 1804 2583 ab
1827 2553 1966 2584 Antonio
1982 2553 2118 2588 Andree,

1366 2603 1482 2634 ordinis
1499 2604 1651 2634 minorum
1667 2604 1704 2634 de
1724 2604 1901 2644 provincia;
1925 2604 2014 2643 Quod
2032 2604 2119 2634 Wal-

1365 2660 1450 2685 tcrus
1467 2655 1605 2696 Savager
1621 2655 1823 2696 capellanus.”

1386 2705 1518 2741 Deinde,
1537 2712 1554 2722 ‘⁴
1572 2706 1670 2737 Orate
1694 2717 1750 2747 pro
1768 2706 1872 2737 anima
1898 2706 2114 2748 Karkeregge‚

1364 2757 1416 2797 qui
1433 2757 1464 2787 in
1480 2757 1540 2788 isto
1556 2757 1634 2788 libro
1651 2757 1826 2798 proficietis.
