2254 3117
755 160 991 194 COLLEGH
1018 160 1156 195 NOVI.

472 261 510 292 C.

56 323 173 356 Codex
193 322 404 358 chartaceus,
426 323 457 355 in
479 322 572 360 folio,
591 321 625 355 ff.
649 324 729 357 158,
748 332 813 354 Sec.
834 333 888 353 xv.

97 393 124 421 l.
143 390 310 421 Hieremiae
338 391 375 421 de
404 391 632 431 Montagnano.
663 389 815 426 Paduani,
843 390 932 420 Gom-

158 442 303 483 pendium
330 442 497 472 Moralium
525 441 705 472 notabilium
732 452 768 471 cx
795 441 933 482 pluribus
963 471 964 481 γ

158 493 320 523 collectum
344 493 542 534 scriptoribus
565 498 596 523 et
620 492 649 522 in
673 496 777 532 partes
800 491 933 533 quinque

158 545 334 585 ‹ligestum;
358 555 426 575 cum
443 544 633 585 praesatione.
659 543 708 573 sol.
728 553 752 573 1.

204 599 302 640 Incip.
334 599 419 638 prais.
457 598 649 629 “Dividitur
684 597 766 627 istud
797 608 873 637 opus
904 596 932 626 in

181 651 315 691 quinque
346 654 451 692 partes
481 655 512 681 et
540 649 674 690 quelibet
705 659 777 689 pars
803 648 833 678 in
862 659 932 678 suos

180 701 274 731 libros
297 704 328 731 ct
352 701 480 742 quilibet
502 701 579 730 liber
605 700 635 730 in
659 711 714 729 sua
741 698 876 739 capitula
901 703 932 728 et

180 752 336 794 quodlibet
352 752 521 793 capitulum
538 752 568 782 in
585 762 656 782 suas
672 750 906 781 auctoritates*

203 804 299 845 Incip.
317 815 384 844 cap.
402 804 419 833 i⁴
441 810 458 818 “
473 803 520 833 De
543 802 689 843 religione
714 802 780 832 Dei.
825 801 932 831 Tulius

180 857 218 886 de
241 860 353 886 natura
376 855 513 885 Deorum
534 855 562 884 li.
584 855 602 884 i.
629 854 787 884 Sanctitas
809 858 857 883 est
878 853 932 883 sci·
963 864 964 875 ¹

180 907 265 938 entia
280 906 477 937 colendorum
493 905 660 936 Deorum.”

204 958 239 988 ln
251 957 343 993 calce,
360 963 377 972 “
391 957 527 998 Explicit
538 956 761 997 Compendium
772 955 933 985 moralium

180 1009 334 1039 dictorum
350 1007 464 1038 domini
486 1007 644 1038 Jheremic
665 1007 702 1036 de
720 1007 933 1046 Montagnone
963 1031 965 1038 Α

181 1060 254 1091 civis
271 1059 443 1090 Paduani.'’

205 1113 293 1143 Idem
308 1112 412 1142 forsan
435 1122 512 1152 opus
535 1114 582 1141 est
605 1122 641 1140 ac
660 1110 754 1147 istud,
771 1121 789 1140 a
806 1109 933 1139 Nicolao

182 1164 338 1194 comneno
369 1166 583 1197 memoratum,
615 1162 695 1202 quod
729 1161 827 1191 lucem
858 1160 933 1190 vidit

184 1213 326 1244 Venetiis
348 1222 434 1254 1505.

204 1265 351 1306 Sequitur
374 1264 481 1295 tabula.
504 1264 695 1294 rubricarum
715 1264 760 1294 ita
776 1264 934 1304 inscripta,
964 1253 966 1260 Ι

185 1323 201 1331 “
217 1315 373 1356 Incipiunt
410 1314 543 1345 Rubrice
581 1314 680 1344 tocius
716 1313 804 1344 istius
834 1312 934 1354 operis

183 1368 201 1398 J
205 1367 349 1398 eremiani
367 1366 482 1397 domini
498 1365 635 1396 Jeremie
655 1365 827 1395 Paduani.”

99 1438 127 1466 9..
148 1435 291 1466 Homiliae
312 1434 454 1465 undecim
479 1433 508 1463 in
525 1433 610 1463 varia
627 1432 680 1463 SS.
697 1432 785 1465 loca:
814 1432 935 1471 [eodem

162 1487 324 1526 auctore3]
350 1485 401 1516 fol.
420 1495 486 1526 130.

207 1540 305 1580 Incip.
322 1539 341 1570 i.
369 1545 386 1554 ‘¹
404 1539 528 1569 Mecum
549 1544 621 1569 sunt
644 1538 752 1568 divicie
775 1542 806 1568 et
828 1538 934 1577 gloria,

185 1598 242 1623 etc.
289 1590 460 1622 Reverendi
488 1595 594 1631 patres
621 1601 656 1620 ac
683 1589 796 1619 domini
828 1600 933 1629 quam-

185 1644 350 1685 plurimum
375 1641 551 1673 extollendi.
587 1641 618 1671 Si
646 1641 810 1681 diligenter
831 1651 867 1670 ac
891 1644 936 1670 at·
966 1654 967 1660 =

185 1699 271 1726 tente
287 1692 610 1725 consideraverimus.”

208 1746 391 1777 Inscribitur
407 1744 533 1774 homilia
548 1745 580 1774 in
600 1743 694 1779 istud,
713 1749 718 1756 ‘
734 1742 886 1783 Egressus
905 1754 937 1773 es
967 1765 968 1769 ,

185 1799 215 1829 iu
239 1798 370 1829 salutem
394 1796 497 1838 populi
521 1795 588 1832 t-ui‚’
611 1795 650 1825 ad
668 1794 718 1824 fol.
741 1805 808 1833 144,
829 1800 845 1809 ‘⁴
862 1795 936 1824 Am-

185 1849 373 1880 bassiatores
389 1846 621 1878 communitatis
641 1845 846 1875 Bononiensis
867 1857 938 1875 cun-

186 1906 235 1931 tes
256 1900 376 1931 obviam
404 1898 570 1929 reverendo
594 1898 624 1927 in
649 1897 773 1927 Christo
796 1896 878 1937 patri
900 1896 937 1926 D.

185 1956 291 1982 nostro
316 1951 353 1982 N.
378 1949 549 1991 apostolico
571 1949 684 1989 legato,
708 1952 767 1978 ete.
797 1948 938 1977 dominus

188 2003 332 2033 Andreas
342 2002 379 2032 dc
392 2006 500 2032 sancto
512 1999 674 2031 Jeronimo
685 1999 929 2040 p1·ominciavit.”

209 2055 247 2084 In
260 2054 342 2084 calce
357 2053 439 2083 hom.
451 2052 506 2083 ult.
519 2052 564 2091 (in
577 2051 660 2082 istud
675 2051 799 2081 ‘Oleum
810 2050 938 2080 effusum

186 2116 297 2136 nomen
320 2104 435 2142 tuuin')
457 2104 572 2144 scripta,
593 2107 640 2133 est
664 2103 776 2133 notitia
799 2113 937 2143 sequens.

188 2156 313 2187 “Hunc
344 2166 515 2186 sermonem
545 2155 582 2185 de
613 2155 692 2185 festo
723 2154 939 2194 Conceptiouis

187 2207 312 2249 virginis
327 2207 458 2248 gloriose
471 2207 562 2236 beate
579 2206 681 2236 Marie
697 2205 804 2246 scripsi
820 2205 850 2234 in
870 2205 938 2234 Pul-

187 2259 302 2290 veniria
318 2259 349 2289 in
367 2258 525 2289 territorio
544 2258 705 2292 Paduam),
721 2257 772 2287 ubi
789 2268 845 2298 pro
866 2262 938 2287 tunc

187 2312 260 2343 steti
276 2315 404 2353 propter
419 2309 629 2352 pestilenciam
647 2309 799 2350 vigentem
820 2309 937 2343 Padue,
968 2347 969 2352 1

187 2374 317 2404 eumque
336 2361 483 2403 complevi
505 2361 554 2391 die
570 2361 641 2391 xvii.
667 2360 779 2390 mensis
800 2360 937 2400 Septem-

187 2414 250 2444 bris
272 2424 353 2444 anno
376 2412 500 2443 Domini
531 2411 691 2441 millesimo
723 2410 937 2450 quadrigente-

189 2465 296 2495 simo.”

464 2543 523 2577 CI.

64 2607 357 2645 Membranaceus,
389 2606 422 2638 in
453 2604 546 2642 folio,
578 2603 611 2636 ff.
643 2606 722 2641 138,
758 2615 823 2637 sec.
855 2604 936 2639 xiii..

88 2665 174 2698 binis
201 2664 369 2698 columnis
400 2664 489 2696 bene
517 2666 700 2701 exaratus3
730 2661 823 2701 olim,
850 2673 938 2694 anno
969 2678 970 2681 =

87 2721 216 2755 scilicet
236 2724 340 2759 1358,
367 2720 519 2765 magistri
544 2718 708 2752 Lodovici
732 2720 774 2752 de
800 2718 940 2752 Cherle-

88 2785 178 2813 tone.

1812 164 1831 193 3
1836 164 1856 197 7

1031 259 1113 289 Petri
1130 260 1317 290 (Jonwstoris
1338 259 1479 290 Historia
1496 258 1696 293 Scholastica,
1713 269 1732 287 η
1749 257 1859 287 Genesi

1049 310 1164 341 scilieet
1197 322 1291 351 usquc
1321 311 1360 341 ad
1392 310 1551 341 historiam
1583 309 1787 349 evangelicam
1819 308 1861 337 in-

1049 361 1168 399 clusive,
1186 373 1254 392 cum
1270 362 1379 403 glossis
1395 361 1624 402 marginalibus.

1091 413 1151 443 Tit.
1177 420 1193 428 ‘¹
1210 413 1320 453 Incipit
1342 413 1471 443 historia
1492 412 1675 443 scholastica
1691 411 1860 451 theologice

1070 463 1256 504 discipline.”

1092 513 1128 543 In
1146 514 1257 554 pagina
1273 514 1371 554 prima
1395 518 1575 544 “notantur
1596 513 1677 544 tituli
1695 518 1726 543 ct
1742 513 1862 543 rubricv

1070 565 1274 605 capitulorum
1291 565 1417 595 historie
1434 565 1622 596 scolastice*

1092 615 1129 645 In
1153 616 1181 645 ff.
1212 626 1233 645 1.
1259 616 1287 645 b.
1312 621 1343 646 et
1368 626 1384 647 2
1408 617 1531 657 scriptae
1562 622 1634 646 sunt
1665 616 1784 646 notitiae
1816 627 1860 645 se-

1071 672 1211 707 qucntcs,

1050 729 1077 747 a.
1096 724 1113 732 ⁴‘
1128 717 1241 747 Caucio
1259 717 1413 747 -Joliannis
1435 718 1472 748 (le
1492 718 1660 758 Hormysbi
1686 723 1717 748 et
1739 718 1861 748 Stifl'ani

1113 770 1151 799 (le
1179 769 1346 809 Hormysbi
1371 769 1512 810 exposita
1539 770 1568 799 in
1587 794 1740 800 .......
1759 770 1788 800 in
1814 770 1862 799 ‹lit-

1115 821 1201 851 Lune
1225 821 1365 862 proxima
1385 826 1457 851 ante
1476 822 1586 852 festum
1603 822 1700 852 sancti
1719 821 1859 861 Gregorii

1113 884 1193 903 anuo
1211 872 1335 902 Domini
1352 879 1405 902 inl*
1416 880 1490 903 ccc.⁰
1502 873 1584 913 liiij.”

1051 929 1078 959 b.
1097 936 1114 944 ‘¹
1127 929 1240 959 Caucio
1253 928 1392 969 magistri
1411 952 1565 958 .......
1583 929 1723 969 expositu
1740 929 1768 958 in
1785 928 1860 957 cista

1114 981 1152 1010 de
1177 979 1319 1010 Turwille
1346 1003 1478 1009 ......
1503 980 1637 1010 crastino
1662 980 1766 1009 Sancti
1794 979 1862 1008 Vin-

1115 1031 1208 1062 cencii
1225 1042 1305 1061 anno
1322 1030 1445 1060 Domini
1463 1037 1517 1060 m.o
1528 1037 1605 1060 ccc.0
1616 1030 1653 1060 lvi
1668 1031 1698 1048 ⁰²*

1051 1099 1075 1118 c,
1097 1093 1113 1102 '¹
1128 1086 1220 1116 Liber
1235 1086 1421 1126 ystoriarum
1441 1085 1601 1125 Lodowyci
1617 1086 1654 1115 dc
1669 1085 1861 1116 Cherletone.

1115 1148 1203 1178 quem
1223 1137 1298 1168 emit
1315 1137 1416 1167 Oxun.
1435 1137 1472 1166 de
1490 1136 1623 1166 Ricardo
1642 1136 1757 1177 Lynue,
1773 1137 1863 1167 staci-

1114 1189 1220 1219 onario
1238 1188 1460 1218 Universitatis
1477 1188 1576 1218 Oxun.
1595 1193 1704 1218 octavo
1720 1188 1768 1217 die
1786 1187 1862 1217 Feb-

1115 1240 1208 1270 ruarii
1225 1251 1305 1270 anno
1322 1239 1447 1269 Domini
1465 1245 1522 1269 m.⁰
1534 1247 1610 1270 eccf*
1621 1239 1723 1278 lviijfl'·

1385 1333 1464 1366 CII.

989 1397 1109 1430 Codex
1136 1396 1425 1433 membranaceus
1453 1396 1486 1428 in
1516 1395 1606 1433 folio,
1634 1395 1666 1428 ff.
1692 1397 1771 1434 122,
1799 1407 1864 1428 sec.

1014 1456 1082 1488 xiv.
1096 1455 1265 1493 ineuntis3
1284 1454 1371 1487 binis
1390 1453 1558 1487 columnis
1573 1453 1681 1486 nitide
1695 1458 1863 1486 exaratus.

1033 1523 1119 1553 Petri
1137 1522 1326 1553 Comestoris
1345 1521 1486 1553 Historia
1503 1521 1706 1551 Scholastica.

1097 1573 1249 1604 Praecedit
1265 1573 1387 1609 notitia,
1412 1578 1429 1588 ‘¹
1445 1572 1597 1613 Hystoria
1618 1577 1665 1602 est
1686 1572 1775 1602 testis
1791 1577 1865 1602 tem-

1074 1626 1167 1667 poris,
1182 1625 1234 1655 lux
1250 1625 1401 1661 veritatis,
1416 1624 1566 1665 magistra
1582 1625 1652 1659 vite,
1669 1624 1732 1654 vita
1753 1634 1864 1653 memo-

1074 1677 1127 1712 rie,
1145 1676 1273 1706 nuncius
1288 1676 1483 1707 vetustatisf*

967 1751 968 1764 ¹
1096 1727 1209 1758 Deficit
1243 1727 1373 1758 historia
1403 1729 1542 1758 Actuum
1573 1727 1804 1769 Apostolorunn
1836 1726 1865 1755 in

1075 1790 1141 1820 cap.
1158 1779 1244 1809 cxvii.
1262 1779 1336 1809 edit.
1357 1789 1444 1820 ¹503›
1462 1779 1491 1809 in
1510 1779 1619 1813 verbis,
1639 1785 1655 1794 ‘⁴
1669 1790 1747 1809 unus
1763 1785 1865 1808 tamen

1076 1830 1194 1860 illorum
1211 1842 1247 1861 ex
1266 1831 1360 1861 xxiiii.
1378 1831 1541 1861 summus.”

1378 1925 1478 1958 Clll.

992 1985 1107 2019 Hodie
1125 1986 1347 2019 desideratur.
1376 1986 1596 2024 Continebat,

1036 2055 1121 2085 Petri
1138 2054 1326 2085 Comestoris
1351 2055 1500 2085 Historiae
1525 2054 1723 2085 Scholastiew
1747 2060 1864 2094 partein

968 2115 969 2139 1
1055 2106 1228 2136 secundam.

968 2179 969 2206 l
1382 2176 1479 2209 CIV.

993 2239 1292 2277 Membranaceus,
1320 2239 1353 2272 in
1382 2239 1463 2272 folio
1490 2239 1618 2282 majori,
1646 2238 1679 2270 ff.
1702 2239 1780 2271 124,
1800 2247 1864 2269 sec.

1016 2298 1086 2336 xii„
1113 2297 1202 2330 binis
1226 2297 1395 2330 columnis
1421 2297 1552 2341 optime
1574 2300 1753 2333 exaratum
1785 2293 1864 2326 olim

1016 2354 1158 2387 Thomae
1178 2353 1334 2399 Cranley,
1353 2354 1502 2398 archiep.
1524 2352 1755 2386 Dublineusis.

1035 2423 1121 2452 Petri
1138 2423 1325 2453 Uomestoris
1350 2422 1498 2453 Historia}
1520 2420 1717 2451 Scholastica}
1734 2430 1805 2459 pars
1822 2431 1865 2449 se-

1056 2473 1167 2509 cunda,
1185 2473 1359 2514 incipientis
1382 2473 1497 2503 scilicet
1513 2483 1532 2501 a
1548 2471 1652 2501 Tobiae
1676 2470 1753 2500 libro
1775 2470 1866 2499 inclu-

1056 2525 1138 2559 sive;
1166 2524 1251 2554 initio
1267 2524 1376 2557 mutil.,
1394 2524 1496 2554 evulso
1513 2523 1583 2552 folio
1600 2522 1706 2562 primo.

1099 2575 1195 2616 Incip.
1221 2587 1290 2606 cum
1314 2575 1421 2609 verbis,
1448 2575 1582 2604 ''dec-em
1607 2573 1725 2603 talenta
1748 2573 1867 2613 argenti

969 2633 970 2656 l
1077 2626 1107 2656 in
1135 2626 1274 2667 Rages;”
1302 2626 1331 2656 in
1357 2626 1428 2656 edit.
1463 2635 1549 2665 1503‚
1576 2624 1651 2664 sign.
1677 2635 1702 2652 v.
1734 2633 1755 2652 ι.
1782 2634 1867 2652 vers-0

969 2684 970 2710 l
1077 2678 1132 2708 col.
1150 2678 1168 2707 i.
1188 2678 1204 2708 l.
1222 2677 1337 2718 penult.

969 2721 970 2724 Ἴ
1100 2729 1316 2763 Praemittitur,
1346 2738 1436 2757 mauu
1463 2725 1635 2759 recentiori,
1665 2725 1770 2755 tabula
1797 2736 1866 2754 con-

1076 2785 1243 2811 tent-orum.
