2254 3117
363 161 408 192 28
919 148 1221 184 CATALOGUS
1247 147 1481 183 CODICUM
1512 148 1552 181 M
1556 147 1619 181 SS.

490 253 585 295 Incip.
618 256 636 270 ‘⁶
652 252 700 283 Ut
733 250 808 281 dicit
846 247 1047 290 philosophus
1081 246 1242 277 Eticorum

468 305 576 347 quinto
597 314 630 334 re
650 301 793 333 familiari
814 302 939 341 oportet
956 299 985 329 ei
999 298 1052 340 qui
1069 297 1203 339 gratiam
1215 296 1243 331 ;”

467 361 503 387 ut
518 357 549 387 in
565 355 638 386 edit.

490 407 528 437 In
541 405 623 436 calce
633 404 695 434 tab.
708 403 762 433 ult.
777 406 794 418 ‘⁶
806 400 943 442 Explicit
954 400 1031 431 liber
1042 399 1243 430 Politieorum

467 462 499 488 et
514 457 591 487 liber
607 454 790 485 Ethicorum
806 453 837 482 in
853 452 961 482 eodem
976 451 1160 482 volumine.”

489 507 526 537 In
542 507 610 543 fine,
629 510 646 522 “
660 505 704 536 Et
719 505 750 535 in
770 504 829 534 hoc
850 503 957 534 finitur
971 503 1106 534 intencio
1122 502 1244 532 Aristo-

466 559 536 590 telis
563 568 654 598 super
680 560 782 587 totum
809 555 891 595 quod
917 554 1105 585 translatum
1132 558 1180 584 est
1206 554 1244 584 de

468 610 569 639 Greco
585 608 615 638 in
630 607 777 638 Latinum
793 617 885 647 super
897 606 1011 636 librum
1022 605 1224 636 Politicorum
1236 616 1243 639 ;

465 665 497 692 et
504 661 572 691 Deo
581 660 631 701 qui
640 659 727 690 dedit
735 658 905 699 intelligere
915 658 977 689 sint
986 657 1087 699 gratie
1097 656 1244 687 infinitos*

736 735 873 771 XCVI.

361 802 480 835 Codex
499 800 795 837 membranaceus,
814 799 847 831 in
866 797 948 831 folio
967 797 1101 836 minori,
1115 796 1149 830 ff.
1164 799 1243 834 102,

385 871 451 893 sec.
474 870 531 892 xv,
558 858 720 898 ineuntis,
745 856 835 890 binis
865 856 1034 890 columnis
1062 860 1245 894 exaratusss.

385 930 429 951 ex
448 917 547 955 dono,
569 920 720 950 testante
740 914 964 960 Langbainio,
980 912 1080 946 Will.
1095 912 1197 956 Gray.

404 977 532 1008 Domini
555 975 690 1012 MarloiS,
711 974 853 1016 magistri
876 974 906 1004 in
927 973 1048 1004 artibus
1067 972 1244 1007 Tholosmii,

426 1034 458 1060 et
481 1028 619 1059 canonici
642 1028 680 1058 de
697 1027 830 1067 Timsey‚
853 1025 1040 1067 quaestiones
1062 1035 1155 1065 super
1175 1028 1246 1053 octo

424 1081 519 1111 libros
537 1079 741 1121 Physicorum
758 1077 957 1113 Aristotelis;
983 1087 1053 1107 cum
1069 1075 1206 1117 prologo.

469 1131 565 1172 Incip.
590 1130 666 1172 prol.
692 1134 710 1147 “
724 1129 839 1159 Venite
861 1128 902 1159 ad
924 1139 982 1164 me⁷
1004 1131 1063 1158 etc.
1109 1127 1192 1165 Quot
1215 1132 1247 1156 (fb

447 1185 581 1223 quantos
604 1181 723 1211 fructus
744 1179 947 1210 scienciarum
966 1177 1115 1209 noticiam
1131 1181 1162 1207 ct
1178 1188 1247 1217 cog-

448 1232 599 1263 nicionem
615 1231 704 1261 nobis
719 1230 860 1261 inferatff*

471 1283 566 1324 Incip.
594 1286 702 1323 quaest.
730 1281 750 1312 i.
782 1286 800 1298 ‘⁴
817 1280 965 1319 Queritur
993 1280 1105 1321 primo,
1130 1279 1246 1309 Utrum

448 1333 627 1365 substancia
642 1333 731 1364 finita
746 1332 777 1362 in
798 1343 853 1362 suo
869 1335 1020 1372 conceptu
1035 1330 1201 1367 communi,
1216 1330 1246 1360 in

449 1390 600 1427 quantum
616 1384 768 1415 naturalis
784 1383 853 1414 sits*

470 1436 577 1467 Desin.
601 1439 664 1466 “et
687 1446 742 1476 per
765 1445 954 1475 consequens
977 1434 1015 1464 de
1036 1433 1249 1474 questionibus

450 1488 550 1519 tocius
565 1487 634 1517 libri
652 1485 875 1516 Phisicorum.”

473 1540 509 1570 In
540 1539 633 1575 calce,
660 1542 679 1555 “
697 1537 877 1579 Expliciunt
904 1536 1081 1577 questiones
1111 1547 1204 1577 super
1231 1537 1248 1566 8

450 1592 544 1622 libros
563 1590 752 1631 phisicorum
769 1588 934 1629 compilato
950 1599 969 1618 a
984 1587 1109 1618 domino
1125 1587 1250 1617 Marios

449 1643 600 1684 magistro
627 1642 657 1671 in
682 1640 803 1671 artibus
827 1639 960 1670 Tholose
983 1650 1019 1670 ac
1042 1639 1188 1669 canonico
1212 1639 1250 1669 (10

452 1695 586 1734 Timsey,
601 1692 678 1723 etos*

472 1745 651 1786 Sequuntur
677 1742 793 1773 indices
820 1742 892 1778 duo,
919 1741 999 1771 alter
1025 1739 1249 1781 alphabeticus,

452 1796 656 1837 quaestionum
672 1794 761 1824 alter.

731 1866 891 1900 XCVII.

370 1932 670 1970 Menibranaceus,
688 1932 722 1963 in
745 1929 837 1968 folio,
857 1928 889 1962 ff.
908 1931 986 1967 135,
1008 1940 1074 1962 sec.
1095 1929 1162 1961 xiv.
1182 1928 1254 1961 ine-

393 1992 495 2029 untis,
525 1990 614 2023 binis
645 1988 815 2022 columnis
849 1987 959 2020 nitide
990 1991 1173 2024 exaratus;
1210 1997 1252 2018 ex

394 2050 484 2082 dono
506 2047 675 2080 Willelmi
695 2046 798 2090 Gray.

412 2110 440 2139 1.
457 2108 478 2138 J
482 2107 611 2138 ohannis
632 2105 782 2137 Buridani
806 2105 991 2146 quaestiones
1014 2116 1106 2146 super
1128 2108 1199 2134 octo
1222 2103 1254 2133 li-

475 2160 547 2189 bros
562 2158 782 2199 Physieorum:
802 2156 916 2197 praevia
931 2156 1042 2197 cuique
1055 2156 1133 2186 libro
1146 2155 1254 2186 tabula

477 2209 693 2251 capitulorum.
717 2208 810 2249 *bl-‚²-

523 2259 617 2300 lncip.
641 2264 658 2274 ⁵*
671 2258 792 2288 Bonum
816 2257 895 2288 sicut
919 2257 1052 2288 habetur
1072 2257 1255 2288 Ethicorum

499 2318 626 2351 quart0;
646 2313 704 2340 ete.
731 2309 834 2347 Quero
847 2308 941 2349 igitur
954 2309 1062 2349 primo,
1072 2309 1187 2339 Utrum
1200 2309 1255 2339 sci-

499 2361 584 2392 entia
606 2360 757 2391 naturalis
780 2364 827 2389 est
847 2359 975 2390 scientia
992 2360 1030 2390 de
1049 2360 1191 2390 omuibus
1212 2370 1256 2389 re-

498 2412 586 2443 bus.”

521 2463 628 2495 Desiu.
650 2463 701 2493 lib.
719 2463 748 2499 8,
774 2466 791 2478 ⁴⁸
805 2461 877 2492 Siue
903 2462 1129 2503 composicione
1153 2463 1256 2504 aliqua

500 2520 532 2547 ot
547 2515 648 2547 trinus
664 2518 696 2545 et
711 2524 809 2547 unus:
834 2513 893 2552 Qui
909 2517 956 2544 est
973 2513 1183 2550 benedictus?
1196 2518 1254 2544 etc.

522 2566 671 2607 Sequitur
685 2565 803 2601 tabula,
817 2565 864 2595 cui
881 2564 1030 2601 succedit,
1047 2570 1065 2581 “
1077 2565 1256 2606 Expliciunt

502 2617 679 2659 questiones
701 2615 800 2646 tocius
826 2615 896 2645 libri
922 2614 1109 2656 phisieorum
1133 2615 1215 2645 edite
1238 2626 1257 2644 a

501 2668 668 2699 reverendo
681 2666 862 2709 philosopho
873 2665 1024 2707 magistro
1035 2666 1182 2696 ‚Johanno
1196 2666 1257 2696 Bu-

501 2719 601 2750 ridani
614 2719 729 2758 scripte
742 2717 882 2748 Parisius
894 2721 926 2748 et
938 2716 1025 2748 finite
1038 2728 1120 2748 anno
1133 2717 1257 2748 Domini

502 2783 542 2802 1n.
555 2782 634 2802 cccc.
650 2769 812 2801 secundo.n

1423 246 1507 277 Ordo
1530 245 1671 276 foliorum
1699 244 1775 274 mire
1797 254 1817 274 a
1839 243 2014 285 bibliopego
2036 244 2179 275 confusus

1403 301 1462 334 est,
1477 297 1619 327 omnibus
1640 295 1755 327 scilieet
1778 306 1797 325 a
1817 295 1919 325 medio
1940 295 2044 336 quarti
2063 295 2104 326 ad
2124 295 2179 326 ini-

1403 348 1480 379 tium
1496 348 1597 379 octavi
1617 347 1688 378 libri
1707 347 1747 377 ad
1766 346 1858 376 finem
1874 350 2031 377 tractatus
2053 357 2180 387 sequen-

1403 400 1444 430 tis
1476 399 1609 439 rejectis,
1640 398 1693 429 ubi
1727 398 1840 428 iterum
1871 397 2071 439 transpositae
2109 402 2181 428 sunt

1404 450 1631 491 quaterniones.

1318 502 1347 532 Q.
1364 501 1512 542 Ejusdem
1538 501 1643 531 forsan
1669 503 1878 530 commentum
1905 510 1997 540 super
2022 500 2116 530 libros
2144 501 2182 530 de

1382 552 1459 583 coelo
1475 555 1507 583 et
1522 552 1647 582 mundo.
1671 551 1722 581 fol.
1738 552 1777 581 80
1789 551 1818 581 b.

1426 603 1524 644 Incip.
1545 603 1691 633 “Utrum
1712 602 1938 643 philosophiam
1961 603 2183 643 speculativam

1404 653 1526 684 ratione
1558 665 1612 683 sue
1642 652 1818 693 diguitatis,
1848 656 1967 683 rectum
2001 651 2042 682 sit
2072 663 2183 683 vocare

1405 704 1567 735 scientiam
1582 703 1752 734 veritatis.”

1426 755 1523 786 Defic.
1540 755 1571 785 in
1587 755 1696 790 verbis,
1711 758 1759 784 “a
1775 754 1862 784 Beda
1879 753 1994 784 Strabo
2010 758 2042 784 et
2059 753 2185 790 Basilio,

1405 806 1485 837 sicut
1500 806 1576 836 dicit
1593 806 1727 836 Sanctus
1743 804 1897 835 Thomas'

1651 887 1829 922 XCVIII.

1300 952 1419 986 Codex
1438 951 1730 990 membranaceus,
1750 951 1784 983 iu
1806 950 1888 983 folio
1908 950 2037 994 majori,
2057 950 2091 983 ff.
2104 953 2185 985 282,

1325 1020 1391 1043 see.
1412 1020 1478 1048 xv„
1503 1008 1593 1042 binis
1619 1007 1789 1041 columnis
1813 1008 1902 1041 bene
1928 1012 2098 1047 exaratus,
2126 1008 2185 1041 sed

1325 1067 1424 1099 initio
1442 1065 1607 1098 mutilus:
1635 1077 1679 1098 ex
1698 1065 1788 1098 douo
1807 1065 1974 1108 ejusdem.

1344 1128 1371 1157 1.
1389 1125 1513 1156 Alborti
1532 1125 1640 1166 Magni
1659 1124 1866 1155 Elenchorum
1885 1124 2133 1165 Sophisticorum
2154 1124 2188 1154 li-

1407 1177 1455 1207 bri
1472 1177 1542 1207 duo.
1568 1176 1619 1206 fol.
1637 1186 1662 1206 2.

1452 1228 1547 1268 Incip.
1580 1227 1609 1257 in
1640 1238 1707 1268 cap.
1733 1226 1763 1257 ii.
1794 1226 1905 1262 vorbis,
1937 1231 1955 1243 ‘⁶
1971 1227 2190 1267 consequentie

1428 1279 1549 1309 evenire
1565 1278 1611 1309 vel
1630 1278 1788 1309 accidere:
1815 1278 1969 1308 divorsum
1985 1278 2054 1308 (lico
2072 1278 2112 1308 ab
2129 1278 2188 1314 his,

1430 1342 1488 1371 que
1505 1329 1608 1370 posita
1624 1333 1696 1359 sunt
1708 1329 1736 1363 2³³
1758 1332 1793 1359 ut
1809 1328 1840 1358 in
1856 1328 1930 1359 edit.
1947 1332 2023 1358 tom.
2040 1328 2058 1358 i.
2075 1339 2103 1369 p.
2118 1328 2187 1366 842.

1452 1382 1489 1412 Iu
1509 1381 1598 1417 calce,
1621 1386 1638 1398 ‘²
1652 1380 1788 1421 Explicit
1812 1380 1889 1411 liber
1910 1380 2106 1411 elenchorum
2129 1380 2190 1410 frae

1430 1433 1487 1463 tris
1515 1431 1637 1462 Alberti
1667 1431 1776 1472 Magni
1805 1431 1988 1462 Theotonici
2019 1430 2057 1460 de
2083 1430 2190 1461 ordine

1430 1485 1562 1515 fratrum
1581 1483 1837 1520 P1·edicat01·um;
1862 1483 1930 1514 Deo
1945 1482 2093 1523 g1·atias.”

1346 1538 1376 1567 Q.
1393 1536 1542 1578 Ejusdem
1558 1535 1773 1566 commentarii
1790 1546 1883 1576 super
1894 1533 2074 1565 Aristotelis
2087 1533 2190 1565 Meta-

1410 1587 1607 1629 physicorum
1623 1586 1719 1617 libros
1735 1586 1895 1617 tredecim.
1918 1585 1970 1616 fol.
1982 1586 2032 1615 61.

1454 1638 1551 1679 Incip.
1572 1643 1588 1654 ‘⁸
1603 1637 1811 1668 Naturalibus
1832 1640 1865 1667 et
1884 1635 2107 1667 doctrinalibus
2123 1635 2190 1676 jam

1433 1694 1585 1730 quantum
1614 1688 1702 1719 licuit
1732 1688 1868 1719 scientiis
1881 1689 1908 1725 ;”
1944 1687 2018 1718 ibid.
2048 1691 2125 1718 tom.
2150 1687 2191 1717 iii.

1432 1743 1512 1781 part.
1531 1739 1561 1770 ii.

1456 1791 1492 1820 In
1523 1791 1614 1826 calce,
1648 1794 1664 1807 “
1679 1790 1816 1831 Explicit
1846 1794 2055 1821 commentum
2085 1790 2191 1821 fratris

1434 1842 1558 1872 Alberti
1574 1841 1756 1872 Theotonici
1773 1842 1811 1872 (le
1827 1841 1935 1872 ordine
1951 1841 2191 1882 predicatorum⁷

1433 1894 1567 1935 episcopi
1602 1893 1759 1934 quondam
1798 1892 2045 1934 Ratisponensis‚
2081 1892 2192 1922 summi

1432 1944 1617 1986 philosophi,
1651 1955 1744 1985 super
1780 1944 2037 1985 methaphisicam
2072 1944 2193 1974 Aristo-

1434 1996 1536 2027 telis.”

1679 2062 1818 2096 XCIX.

1309 2129 1610 2166 Membrauaceus,
1629 2127 1662 2159 in
1689 2125 1780 2164 folio,
1801 2125 1833 2158 ff.
1850 2128 1931 2164 319,
1956 2137 2022 2159 see.
2042 2127 2120 2165 xiv„
2143 2126 2193 2159 bi-

1333 2188 1384 2220 nis
1402 2185 1572 2219 columnis
1596 2188 1777 2221 exaratus3
1806 2195 1850 2216 ex
1869 2184 1959 2216 dono
1979 2183 2031 2216 M.
2048 2183 2192 2217 Roberti

1333 2243 1504 2278 Clothale.

1352 2307 1379 2336 1,
1398 2304 1518 2335 Alberti
1532 2303 1640 2343 Magni
1654 2301 1894 2332 conuuentarius
1907 2312 2000 2342 super
2013 2301 2195 2332 Aristotelis

1416 2354 1703 2395 Metaphysicormn
1721 2353 1813 2382 libros
1829 2352 1987 2383 tredecim.
2011 2352 2062 2382 fol.
2080 2362 2104 2382 Ι.

1457 2405 1519 2435 Tit.
1545 2404 1689 2445 “Incipit
1712 2403 1789 2433 liber
1812 2402 2041 2444 Methaphisice
2064 2403 2192 2444 primus,

1438 2457 1488 2498 qui
1510 2460 1596 2487 totus
1619 2459 1667 2485 est
1690 2455 1728 2485 (le
1751 2454 1962 2485 stabilimento
1985 2454 2076 2495 hujus
2099 2455 2194 2485 scien-

1437 2509 1509 2545 tie?
1525 2512 1601 2543 etc.;
1628 2512 1663 2537 ut
1680 2507 1761 2537 iuter
1776 2518 1846 2548 opp.
1864 2510 1938 2536 tom.
1955 2506 1995 2536 iii.
2013 2510 2093 2547 part.
2111 2506 2140 2536 ii.

1352 2564 1380 2592 Ω.
1399 2561 1566 2602 Ejusdem?
1592 2559 1722 2599 quzestio
1749 2558 1788 2588 dc
1815 2557 2012 2598 separatione
2039 2557 2150 2587 anima*
2176 2568 2196 2587 a

1416 2623 1555 2653 corpore,
1572 2614 1631 2641 etc.
1656 2610 1707 2640 fol.
1727 2618 1793 2649 174.

1461 2662 1556 2703 Incip.
1582 2668 1599 2678 ‘⁴
1614 2661 1694 2700 Quia
1720 2660 1803 2701 apud
1827 2659 1988 2690 nonnullos
2015 2670 2121 2689 eorum
2144 2660 2195 2701 qui

1438 2713 1664 2755 philosophiam
1702 2711 1889 2753 profitentur
1919 2710 2047 2741 dubium
2080 2715 2127 2741 est
2157 2711 2197 2741 de

1439 2765 1540 2796 anime
1557 2763 1753 2805 separatione
1770 2774 1789 2793 a
1804 2761 1961 2803 corpores*
