2254 3117
349 159 395 194 26
901 152 1204 189 CATALOGUS
1230 152 1466 188 CODICUM
1494 153 1604 188 MSS.

370 259 397 290 7.
415 259 465 289 De
485 256 588 298 gratia
606 255 722 287 Christi
747 258 778 285 et
800 257 930 295 peccato
954 253 1097 295 originali
1122 256 1233 284 contra

434 308 596 349 Pelagium
612 306 683 336 libri
699 306 769 336 duo.
793 305 845 335 fol.
858 315 909 346 59.

476 359 555 390 Ibid.
573 362 648 389 tom.
662 368 691 387 x.
708 356 764 387 001.
779 365 848 395 229.

370 417 398 445 8.
417 416 466 445 De
482 417 590 444 sancta
605 411 809 453 Virginitate.
835 411 885 441 101.
901 419 950 451 74.

477 465 556 495 Ibid.
573 468 648 495 tom.
661 463 701 493 vi.
716 462 773 493 001.
785 472 857 503 341.

370 522 399 553 9.
418 521 466 550 De
504 519 700 549 inhonestate
738 517 901 548 mulierum
938 521 970 547 et
1007 515 1232 546 familiaritate.

433 570 484 601 sol.
503 570 553 608 84.

477 621 558 652 Ibid.
576 625 650 651 tom.
662 631 690 651 v.
708 620 791 661 App.
807 618 864 649 col.
876 619 950 657 488.

352 678 402 707 10.
421 678 469 707 De
485 676 680 707 antichristo
704 675 755 705 sol.
774 675 823 715 85.

478 727 560 758 Ibid.
576 732 652 758 tom.
663 727 700 757 vi.
718 726 801 767 App.
819 725 876 756 001.
892 734 962 765 ²43·

352 785 401 814 11.
420 785 469 814 De
485 783 647 813 duodecim
662 782 812 823 gradibus
827 780 997 811 abusionis.
1019 779 1069 810 fol.
1088 780 1127 809 86
1140 780 1168 809 b.

479 834 560 864 Ibid.
577 838 652 864 tom.
666 833 704 863 vi.
721 833 803 873 App.
821 832 961 863 col.211.

352 890 401 919 12.
420 890 469 920 De
485 888 647 930 disciplina
662 887 921 918 Christianorum.
946 886 996 916 fol.
1014 896 1063 926 90.

478 939 560 970 Ibid.
576 944 653 970 tom.
666 939 705 969 vi.
722 938 779 969 001.
792 939 864 979 581.

355 996 403 1026 13.
420 995 469 1026 De
484 994 662 1025 visitatione
678 993 872 1024 infirmorum
886 992 958 1022 libri
974 992 1043 1022 duo.
1068 991 1118 1021 fol.
1137 1001 1155 1031 9
1158 1001 1188 1031 3.

480 1046 562 1076 Ibid.
579 1050 654 1076 tom.
668 1045 708 1074 vi.
725 1046 809 1085 App.
827 1044 882 1074 col.
899 1053 968 1084 253.

354 1103 404 1132 14.
422 1102 469 1132 De
485 1101 555 1142 igne
571 1100 754 1141 purgatorio
771 1111 880 1130 sermo.
906 1099 958 1129 fol.
971 1107 1022 1139 97.

479 1152 560 1183 Ibid.
575 1157 650 1183 tom.
665 1163 691 1181 v.
709 1152 794 1192 App.
812 1151 868 1181 001.
886 1152 953 1191 185.

355 1209 403 1238 15.
423 1209 473 1238 De
490 1208 522 1238 S.
533 1207 673 1248 Josepho
690 1217 800 1236 sermo.
820 1206 874 1236 fol.
886 1207 937 1245 98.

482 1258 563 1289 Ibid.
581 1262 656 1288 tom.
669 1269 696 1287 v.
714 1257 795 1298 App.
814 1257 868 1287 001.
883 1266 933 1297 35.

356 1315 404 1347 16.
423 1316 473 1346 De
488 1314 609 1345 cantico
625 1325 703 1344 novo
719 1324 829 1344 sermo.
853 1313 904 1343 sol.
922 1324 970 1353 99.

482 1365 564 1396 Ibid.
580 1369 655 1395 tom.
666 1364 704 1394 vi.
721 1363 778 1394 001.
792 1373 866 1403 590.

356 1422 407 1454 17.
425 1421 518 1451 Liber
536 1420 784 1451 Annotationum
801 1419 831 1449 in
847 1419 919 1449 -J0b.
944 1418 995 1448 fol.
1019 1428 1069 1448 101
1088 1418 1116 1447 b.

485 1471 567 1502 Ibid.
584 1475 659 1502 tom.
674 1470 715 1500 iii.
732 1470 790 1500 001.
805 1471 877 1510 625.

358 1529 407 1558 18.
424 1527 474 1558 De
491 1526 631 1558 oratione
648 1525 813 1556 Dominiea
828 1535 938 1555 sermo.
963 1524 1018 1554 101.
1034 1532 1086 1553 121
1105 1523 1134 1553 b.
1146 1556 1154 1562 .

484 1577 567 1608 Ibid.
583 1582 658 1608 tom.
671 1588 698 1607 v.
715 1577 770 1607 col.
784 1586 854 1618 322.

358 1635 406 1667 19.
425 1633 474 1663 De
490 1633 625 1674 perjurio
640 1643 751 1663 sermo.
774 1632 824 1662 fol.
846 1641 904 1671 124
916 1633 945 1662 b.

484 1684 565 1714 Ibid.
582 1688 659 1714 tom.
670 1695 697 1714 v.
715 1683 772 1714 001.
787 1684 856 1724 859.

357 1740 408 1769 20,
424 1739 474 1769 Βο
491 1739 684 1779 eleemosyna
700 1750 810 1769 sermo.
834 1739 883 1769 101.
906 1749 916 1768 1
927 1748 975 1778 27.

485 1790 566 1820 Ibid.
582 1794 655 1821 tom.
670 1802 696 1821 v.
714 1790 770 1821 col.
788 1792 877 1831 1496.
891 1802 893 1805 ·

357 1848 409 1877 21.
424 1847 475 1877 De
490 1846 610 1876 excidio
625 1846 719 1877 urbis.
744 1846 796 1876 fol.
817 1855 884 1886 129.

486 1898 569 1928 11)ἰ(1.
585 1902 660 1929 tom.
674 1898 712 1927 vi.
729 1898 784 1928 001.
800 1899 870 1929 622.

357 1956 406 1984 22.
425 1955 473 1985 Βο
488 1954 610 1995 gaudiis
631 1954 798 1985 electorum
822 1958 853 1984 et
880 1953 976 1995 poenis
1001 1954 1241 1995 reprobatorum

442 2016 554 2036 sermo.
578 2005 631 2035 fol.
652 2015 705 2047 131
722 2005 751 2036 b.

487 2056 570 2087 Ibid.
585 2060 661 2087 tom.
674 2056 711 2087 vi.
730 2056 811 2097 App.
828 2056 884 2086 001.
905 2064 970 2097 159.

357 2112 408 2142 23.
425 2112 474 2142 De
498 2111 562 2142 vita
589 2111 766 2142 Christiana
796 2111 873 2141 liber
902 2111 943 2141 ad
975 2121 1113 2141 sororem
1143 2121 1241 2141 suam.

442 2162 491 2193 fol.
514 2172 569 2203 133
585 2162 614 2193 b.

485 2213 565 2244 Ibid.
583 2218 657 2245 tom..
670 2213 708 2244 vi.
726 2214 811 2254 App.
828 2214 884 2245 col.
900 2214 970 2255 183.
1001 2247 1007 2254 ³

357 2270 409 2299 24.
427 2268 477 2299 De
493 2269 661 2310 praesentia
678 2269 746 2299 Dei.
771 2269 821 2299 101.
838 2278 892 2310 137
907 2269 936 2299 b.

487 2320 567 2351 Ibid.
585 2324 661 2351 tom.
676 2320 706 2350 ii.
724 2320 780 2350 col.
794 2322 866 2360 678.

358 2376 409 2405 25.
429 2375 478 2405 De
494 2374 710 2405 ecclesiasticis
729 2374 937 2416 dogmatibus.
955 2374 1070 2416 praevia
1092 2373 1241 2415 capitulo-

443 2437 511 2456 rum
528 2426 645 2456 tabula.
669 2426 721 2456 fol.
742 2436 796 2463 141
813 2426 842 2456 b.

488 2478 565 2508 Ibid.
584 2482 659 2508 tom.
674 2478 736 2508 viii.
756 2478 838 2518 App.
855 2478 912 2508 001.
928 2487 977 2518 75.

486 2527 525 2557 111
539 2528 630 2565 calce,
640 2533 659 2545 ‘⁸
671 2528 808 2569 Explicit
822 2528 899 2558 liber
909 2527 1066 2570 dogmatis
1078 2527 1110 2557 in
1120 2526 1245 2557 Christo

469 2578 487 2609 J
491 2590 544 2609 esu
560 2579 694 2609 Domino
710 2579 849 2610 nostro.”

361 2632 411 2663 26.
429 2634 478 2664 Βο
492 2634 589 2665 libero
605 2634 736 2665 arbitrio
752 2634 822 2665 libri
839 2638 913 2665 tres.
940 2634 990 2664 fol.
1012 2643 1080 2674 145.

488 2684 548 2715 Tit.
572 2685 724 2716 “Aurelii
750 2685 918 2726 Augustini
947 2685 1024 2716 liber
1051 2684 1168 2725 incipit.
1194 2684 1246 2724 qui
1294 2678 1297 2681 .

467 2735 641 2775 appellatur
657 2740 664 2754 ‘
679 2737 774 2767 Unde
792 2736 956 2767 Malum.'”

494 2786 572 2817 Ibid.
590 2792 663 2818 tom.
678 2788 696 2818 i.
713 2788 771 2819 001.
785 2790 858 2829 569.

1285 253 1335 285 27.
1353 252 1592 293 Soliloquiorum
1609 251 1681 282 libri
1696 252 1769 282 duo.
1793 251 1845 282 fol.
1866 260 1934 291 171.

1415 303 1496 333 Ι1)1(1.
1515 307 1590 333 tom.
1605 302 1622 332 i.
1639 302 1697 332 001.
1710 309 1782 342 355.

1285 369 1336 397 28.
1355 366 1405 397 Βο
1421 366 1546 397 Musica
1564 366 1658 396 Liber
1671 369 1787 402 sextus.
1801 376 1870 396 eum
1883 365 2020 407 prolog0.
2038 365 2088 396 fol.
2104 367 2172 397 182.

1416 417 1495 447 Ibid.
1514 422 1590 447 tom.
1604 417 1623 446 i.
1641 416 1697 447 001.
1711 426 1784 457 511.

1286 483 1336 514 29.
1354 481 1401 511 Βο
1424 480 1620 521 correptione
1643 483 1675 510 et
1698 480 1802 521 gratia
1823 480 1865 511 ad
1880 480 2085 511 Valentinum
2108 491 2172 511 mo-

1372 532 1512 562 nachum.
1539 531 1588 561 sol.
1610 541 1664 571 191
1681 531 1710 561 b.

1416 583 1495 612 111111.
1514 588 1588 613 tom.
1602 594 1632 613 x.
1650 582 1706 612 001.
1721 590 1792 623 750.

1286 648 1337 677 80.
1355 647 1403 676 De
1421 651 1533 676 natura
1550 646 1633 681 boui,
1650 656 1719 675 011111
1736 645 1874 687 prologo.
1898 646 1950 676 fol.
1968 655 2038 676 202.

1417 696 1497 727 Ibid.
1515 702 1591 727 tom.
1605 696 1667 727 viii.
1683 697 1737 727 001.
1751 705 1825 737 502.

1287 763 1337 792 31.
1356 761 1405 792 Βο
1421 761 1554 791 videndo
1572 762 1640 791 Βο0
1656 761 1696 791 ad
1715 761 1889 791 Paulinam.
1914 760 1966 791 fol.
1980 762 2050 791 208.

1418 811 1497 841 Ibid.
1512 816 1588 841 toul.
1602 811 1632 841 ii.
1649 811 1704 841 001.
1718 819 1792 851 473.

1287 876 1339 906 32.
1358 875 1405 905 Βο
1421 874 1506 904 falsis
1521 875 1660 905 articulis
1676 874 1736 905 sibi
1753 875 1915 916 impositis.
1941 875 1993 905 fol.
2012 876 2082 907 216.

1417 925 1496 956 Ibid.
1514 930 1590 956 tom.
1603 937 1631 955 x.
1650 927 1733 967 App.
1750 926 1805 956 eol.
1821 935 1891 965 204,
1909 927 2064 967 Prospero
2077 927 2176 968 Aqui—

1395 982 1470 1008 tano
1487 977 1675 1018 adscriptus.

1287 1039 1338 1068 533.
1358 1038 1406 1068 De
1421 1037 1525 1078 gratia
1541 1042 1572 1068 et
1588 1037 1686 1068 libero
1702 1037 1842 1068 arbitrio.
1867 1037 1916 1068 fol.
1936 1039 2005 1069 218.

1419 1090 1494 1119 Ibid.
1514 1094 1589 1120 tom.
1606 1101 1634 1120 x.
1652 1089 1710 1120 col.
1726 1090 1795 1129 718.

1289 1151 1339 1180 34.
1356 1149 1406 1179 De
1422 1149 1516 1179 beata
1529 1149 1604 1186 vita,
1620 1160 1673 1179 seu
1690 1149 1729 1180 de
1742 1160 1813 1180 vera
1830 1149 1989 1191 religione-
2002 1150 2053 1180 fol.
2072 1158 2131 1191 225
2145 1151 2175 1180 b.

1421 1201 1499 1231 Ibid.
1516 1206 1593 1231 tom.
1605 1200 1624 1230 i.
1642 1200 1698 1231 eol.
1713 1209 1784 1241 747.

1291 1266 1341 1295 35.
1358 1265 1410 1295 Ad
1427 1265 1571 1295 Orosium
1596 1265 1635 1294 (le
1658 1264 1823 1305 sexaginta
1847 1264 1980 1306 quinque
2000 1264 2178 1305 quaestioni-

1376 1317 1443 1346 bus.
1467 1316 1517 1346 sol.
1536 1325 1605 1355 241.

1419 1367 1501 1397 Ibid.
1518 1371 1592 1398 tom.
1607 1366 1645 1397 vi.
1663 1366 1748 1408 App.
1765 1366 1821 1397 001.
1836 1376 1864 1406 7.

1290 1431 1342 1463 36.
1360 1433 1408 1463 De
1424 1437 1537 1463 natura
1552 1437 1583 1462 et
1599 1432 1712 1473 gratia.
1736 1431 1787 1461 fol.
1808 1441 1864 1471 247
1880 1432 1908 1462 b.

1422 1484 1498 1514 lbid.
1516 1488 1591 1514 tom.
1605 1490 1636 1514 x.
1653 1483 1709 1514 eol.
1729 1493 1798 1522 127.

1292 1550 1341 1581 37.
1360 1550 1409 1579 Βο
1426 1548 1701 1589 0110110311110110110
1718 1552 1906 1579 sanctorum.
1931 1547 1982 1577 fol.
2000 1549 2060 1578 260
2073 1548 2102 1578 b.

1422 1600 1503 1630 Ibid.
1522 1604 1597 1631 tom.
1612 1611 1641 1630 x.
1658 1600 1714 1630 001.
1732 1600 1803 1639 789.

1292 1665 1342 1693 38.
1360 1664 1408 1694 Βο
1425 1675 1497 1694 vera
1513 1667 1545 1694 et
1560 1663 1638 1693 falsa
1654 1662 1852 1704 poenitentia.
1874 1662 1925 1692 fol.
1944 1671 2014 1702 270.

1424 1714 1502 1745 Ibid.
1520 1719 1594 1745 tom.
1610 1714 1646 1744 vi.
1665 1715 1747 1755 App.
1765 1713 1819 1744 001.
1836 1723 1906 1754 231.

1293 1779 1344 1811 39.
1364 1777 1414 1808 De
1430 1777 1622 1817 poenitentiae
1638 1777 1799 1809 medicina.
1824 1776 1875 1807 fol.
1895 1778 1954 1816 276
1967 1777 1998 1807 b.

1424 1827 1506 1857 Ibid.
1522 1832 1598 1857 tom.
1613 1839 1638 1857 v.
1655 1827 1712 1858 col.
1730 1837 1821 1868 1350-

1295 1892 1346 1921 40.
1364 1890 1634 1931 Hypomnestioon
1665 1894 1776 1921 contra
1803 1890 1990 1932 Pelagianos
2016 1890 2104 1921 liber.
2126 1889 2179 1920 fol.

1382 1942 1437 1972 281
1454 1942 1483 1971 b.

1425 1992 1508 2023 Ibid.
1527 1996 1602 2023 tom.
1616 2003 1644 2022 x,
1662 1991 1744 2034 App.
1763 1992 1819 2023 001.
1835 1994 1864 2022 6.

1296 2050 1347 2079 41.
1365 2048 1412 2079 De
1428 2047 1601 2078 mendacio.
1626 2047 1677 2077 101.
1696 2057 1767 2088 295.

1424 2100 1504 2130 Ibid.
1523 2104 1599 2130 tom.
1612 2100 1651 2130 vi.
1667 2099 1725 2130 001.
1737 2110 1810 2141 419.

1297 2158 1346 2186 42.
1365 2156 1483 2187 Contra
1499 2154 1695 2185 mendacium
1710 2155 1750 2185 ad
1768 2154 2001 2186 Consentinum.
2023 2154 2077 2185 101.
2093 2163 2164 2195 303.

1426 2207 1507 2237 Ibid.
1524 2210 1600 2237 tom.
1613 2206 1653 2236 vi.
1670 2206 1727 2236 eol.
1739 2214 1810 2245 447.

1297 2265 1348 2294 43.
1367 2263 1582 2302 Quaestionum
1598 2262 1710 2292 veteris
1733 2265 1765 2292 et
1786 2261 1864 2292 Novi
1881 2260 2075 2292 Testamenti
2093 2260 2180 2295 liber,

1382 2314 1504 2356 praeviis
1519 2313 1670 2355 capitulis.
1695 2313 1746 2343 fol.
1763 2323 1835 2354 3¹2·

1426 2365 1509 2396 Ibid.
1525 2370 1602 2396 tom.
1616 2364 1656 2395 iii.
1676 2365 1761 2405 App.
1780 2364 1836 2394 001.
1849 2374 1900 2402 41.

1428 2418 1467 2448 In
1484 2417 1578 2454 ealce,
1592 2422 1608 2433 *⁵
1620 2416 1801 2457 Expliciunt
1814 2415 2002 2456 quaestiones
2014 2413 2181 2456 Augustini

1405 2468 1443 2498 de
1458 2467 1555 2498 veteri
1571 2471 1603 2497 et
1619 2477 1699 2497 nova
1714 2466 1808 2507 lege.”

1300 2524 1348 2553 44.
1368 2522 1415 2553 De
1431 2522 1543 2553 timore
1560 2521 1631 2551 Dei.
1654 2520 1706 2550 fol.
1722 2528 1783 2561 377
1799 2520 1828 2550 b.

1428 2573 1510 2603 Ibid.
1525 2577 1600 2603 tom.
1613 2583 1639 2602 v.
1656 2571 1712 2602 col.
1730 2571 1820 2612 1338.

1299 2630 1349 2659 45.
1367 2628 1415 2659 De
1431 2629 1543 2659 timore
1559 2627 1617 2658 Dei
1634 2637 1791 2657 sermones
1807 2625 1859 2656 alii
1875 2625 1949 2655 duo.
1973 2624 2026 2654 fol.
2036 2624 2108 2665 378.

1428 2680 1508 2710 Ibid.
1524 2684 1601 2711 tom.
1614 2690 1642 2709 v.
1658 2678 1715 2709 col.
1732 2687 1822 2719 1340.

1300 2734 1351 2765 46.
1367 2736 1417 2765 De
1433 2735 1524 2765 laude
1540 2733 1683 2765 caritatis
1699 2743 1810 2763 sermo.
1836 2731 1887 2762 fol.
1900 2731 1972 2771 380.

1430 2785 1512 2815 Ibid.
1528 2788 1605 2815 tom.
1620 2796 1647 2815 v.
1666 2783 1722 2815 col.
1739 2783 1828 2824 1348.
