2254 3117
350 157 396 191 86

718 253 867 289 CCXX.

352 318 471 353 Codex
502 316 792 354 membranaceus,
822 315 857 348 in
890 314 982 351 folio.
1008 315 1041 349 ff.
1058 317 1138 355 179,
1165 327 1231 349 sec.

376 376 456 415 xiv.‚
474 375 562 408 binis
580 373 749 407 columnis
767 376 939 406 exaratus.

393 437 421 465 1.
433 435 455 465 J
458 433 617 469 ohannstii,
630 432 756 469 Arabis,
768 433 903 474 Isagoge
914 432 976 463 sive
989 432 1179 464 introductio
1192 433 1231 463 ad

455 483 565 515 Galerii
580 486 680 513 artem
697 494 835 524 parvam.
859 483 912 514 fol.
923 493 954 524 3.

391 540 418 568 Ξ.
437 537 600 578 Theophili
628 537 881 578 Protospatharii
908 537 947 568 de
976 537 1073 568 urinis
1102 538 1231 576 libellus,

457 589 642 630 [interprete
658 588 792 619 Pontico
809 589 963 629 Virunio.]
989 589 1041 619 fol.
1055 590 1073 619 6
1087 589 1116 620 b.

496 641 558 671 Tit.
576 644 594 657 “
609 640 726 681 Incipit
741 640 819 671 liber
835 641 1025 671 urinarum.”

390 697 419 727 3.
438 696 589 727 Philareti
606 696 644 726 de
660 696 803 737 pulsuum
819 697 949 728 scientia
965 697 1094 734 libellus,
1108 697 1231 739 [eodeni

452 747 648 788 interprete]
674 747 726 778 fol.
744 758 781 778 10
795 748 824 778 b.

497 799 536 828 In
553 798 647 836 calce,
664 805 682 815 ‘⁵
696 798 833 840 Explicit
849 799 927 830 liber
944 799 1095 830 Philareti
1112 800 1150 830 dc
1167 799 1232 841 pul-

474 849 585 880 sibus.”

496 900 685 941 Sequuntur,
723 911 815 931 manu
851 900 990 937 secunda,
1028 902 1086 939 (a.)
1112 901 1233 932 Tabula

474 951 735 992 Aphorismornm
771 951 988 993 alphabetica;
1024 952 1083 991 (b.)
1113 951 1233 982 Tabula

475 1003 681 1043 quaestionum
698 1013 791 1044 super
805 1003 911 1044 Tegni.

391 1060 420 1088 4.
439 1058 645 1099 Hippocratis
670 1058 940 1099 prognosticorum
964 1058 1052 1095 liber,
1077 1070 1146 1089 curn
1169 1059 1232 1090 Ga-

454 1109 514 1140 leni
551 1108 787 1145 commentario,
822 1108 992 1150 interprete
1025 1109 1233 1140 Constantino

454 1160 613 1190 Africano.
638 1160 690 1190 fol.
707 1169 754 1200 13.

496 1212 533 1241 In
559 1211 652 1247 ealce,
676 1217 694 1228 ⁴⁸
708 1211 847 1252 Explicit
876 1211 953 1242 liber
983 1212 1232 1253 pronosticorum

476 1262 558 1303 Ypo.
577 1273 645 1293 cum
662 1266 806 1293 comento
823 1262 882 1293 GJ*

390 1319 419 1347 5.
438 1316 586 1358 Ejusdem
614 1317 874 1358 Aphorismorum
904 1317 992 1354 liber,
1023 1329 1092 1348 cum
1120 1318 1232 1349 Galeni

454 1368 695 1405 connnentariis,
717 1369 825 1399 eodem
849 1369 1031 1410 interprete,
1051 1370 1166 1411 praevia
1189 1370 1232 1400 in-

454 1420 601 1461 terpretis
617 1420 748 1461 epistola
763 1420 803 1450 ad
821 1420 1021 1451 Glauconem.
1046 1421 1096 1451 fol.
1113 1431 1161 1461 39.

498 1472 537 1501 In
567 1471 661 1508 ealce,
687 1475 704 1488 ‘²
718 1471 856 1512 Explicit
886 1471 964 1502 liber
993 1472 1233 1504 Afforismoruni

478 1522 562 1564 Ypo.
579 1533 649 1553 cum
665 1527 808 1553 comento
824 1522 884 1553 (ΞΓ

391 1578 419 1609 6,
437 1578 590 1609 Johannis
607 1578 798 1609 Damasceni
811 1579 1002 1620 Aphorisnii,
1020 1591 1089 1611 cum
1105 1580 1233 1622 prologo

453 1631 495 1662 ad
511 1630 617 1662 filium.
640 1630 690 1661 fol.
706 1639 756 1671 75.

496 1682 535 1713 In
551 1682 644 1719 calce,
660 1687 678 1699 ⁴⁶
692 1682 873 1722 Expliciunt
895 1683 1096 1724 amphorismi
1113 1683 1133 1714 J
1135 1684 1232 1715 ohan-

475 1733 523 1764 nis
539 1733 757 1764 Damasceni.’'

392 1790 420 1821 7.
437 1788 642 1829 Hippocratis
660 1788 737 1819 liber
749 1789 787 1819 (le
803 1789 951 1830 regimine
966 1793 1129 1820 acutorum
1145 1790 1231 1827 liber,

454 1850 524 1870 cum
550 1838 662 1870 Galeni
692 1840 925 1878 commentario,
955 1841 1126 1882 interprete
1153 1842 1233 1873 Con-

455 1890 602 1921 stantino.
627 1890 679 1921 fol.
694 1892 743 1931 78.

498 1941 536 1971 In
574 1941 666 1978 calce,
699 1947 716 1958 ‘⁵
734 1942 915 1984 Expliciunt
949 1944 1123 1985 regimenta
1159 1955 1232 1975 acu-

478 1992 612 2023 torum.”

392 2057 420 2085 8.
438 2054 550 2085 Galeni
567 2055 675 2096 Tcgni,
689 2055 752 2086 sive
764 2057 829 2086 Ars
842 2056 955 2093 Parva,
967 2068 1036 2087 cum
1054 2056 1138 2098 Haly
1150 2057 1233 2088 Rho-

455 2106 548 2137 doani
563 2107 797 2144 commentario,
811 2107 995 2149 [interprete
1007 2109 1147 2140 Gerardo
1158 2108 1232 2140 Cre-

454 2158 593 2189 monensi
606 2159 626 2198 3]
653 2158 706 2189 fol.
724 2168 791 2189 110.

465 2208 504 2239 In
515 2209 589 2240 cale.
598 2214 615 2226 2⁴
624 2209 761 2250 Explicit
768 2209 899 2250 tegniG.
908 2221 977 2240 cum
984 2211 1231 2242 commentoH.”

391 2274 420 2306 9.
437 2272 570 2313 AEgidii‚
594 2273 737 2303 monachi
753 2273 956 2309 Corbeiensis‚
980 2273 1018 2304 de
1041 2274 1137 2304 urinis
1155 2274 1233 2305 V'er-

456 2334 517 2353 sus.
556 2334 625 2353 cum
665 2323 800 2355 Gilberti
838 2324 961 2366 Anglici
1000 2327 1232 2357 commentario.

455 2374 504 2405 fol.
525 2382 592 2414 157.

499 2425 599 2466 Incip.
611 2429 774 2456 comment.
787 2430 805 2442 “
818 2425 906 2457 Sicut
920 2426 996 2457 dicit
1010 2427 1234 2459 Constantinus

476 2476 507 2507 in
524 2476 721 2518 Pangtengni
737 2481 770 2507 et
785 2476 843 2507 hoe
863 2477 943 2508 idem
960 2481 1098 2508 testatur
1114 2479 1135 2508 J
1139 2478 1233 2510 ohan-

477 2527 603 2558 nicius.”

500 2578 538 2608 In
553 2577 692 2619 margine
708 2578 832 2619 scripsit
853 2589 964 2610 manus
985 2580 1138 2611 recentior
1154 2592 1234 2612 com-

477 2628 663 2660 mentarium
679 2628 821 2667 alterum,
833 2630 925 2671 incip.
939 2634 945 2647 ‘
961 2630 1054 2661 Liber
1069 2631 1127 2662 iste
1143 2643 1234 2672 quem

477 2680 698 2723 proponimus,7
714 2684 750 2711 ut
765 2680 797 2711 in
812 2681 880 2712 cod.
894 2681 985 2712 Omn.
998 2681 1104 2712 Anim.
1119 2682 1232 2713 lxxviii.

500 2733 539 2763 In
562 2732 654 2769 calce,
672 2736 689 2748 ‘⁶
703 2732 883 2773 Expliciunt
906 2743 1011 2764 versus
1034 2732 1138 2774 Egidii
1165 2744 1233 2764 cum

477 2787 621 2814 nomento
637 2782 803 2814 Gilberti.”

1259 1493 1265 1519 l

906 152 1208 188 CATALOGUS
1234 153 1468 189 CODICUM
1496 154 1605 190 MSS.

1453 254 1642 295 Sequuntur⁷

1346 315 1377 335 a.
1393 305 1674 347 Apophthegmata
1703 305 1833 344 medica,
1864 307 1992 338 metrice
2026 309 2163 351 scripta;

1411 368 1503 398 incip.

1433 411 1451 424 “
1465 407 1532 438 Ista
1555 407 1656 438 calore
1679 407 1784 449 vigent
1806 408 1881 446 tria,
1902 409 2012 447 salsus,
2029 421 2165 448 amarus,

1410 457 1549 488 acutus.”

1347 512 1375 542 b.
1393 512 1514 544 Tabula.
1536 512 1794 554 Aphorismorum
1826 513 2032 555 Hippocratis
2062 515 2166 556 alpha-

1411 563 1522 594 betica.

1347 629 1373 648 c.
1392 618 1512 649 Tabula
1540 618 1801 659 Aphorismorum
1831 619 2000 649 secundum
2028 619 2167 650 ordinem

1411 669 1552 710 magistri
1568 669 1710 700 Nicholai
1726 669 1765 700 de
1781 669 1968 711 Tyngewyk.

1344 724 1374 754 d.
1391 724 1586 763 Quaestiones
1602 724 1695 755 variae
1711 725 1751 755 ad
1767 724 1953 756 medicinam
1969 730 2165 767 spectantes:

1411 786 1502 806 mamb
1517 776 1680 807 recentiori.

1642 878 1813 913 CCXXI.

1285 941 1405 975 Codex
1433 942 1729 981 membranaceus,
1755 941 1791 974 in
1820 941 1913 981 folio,
1941 940 1974 974 ff.
1994 940 2075 980 263,
2102 953 2167 976 sec.

1308 1000 1389 1039 xiv„
1408 999 1497 1033 binis
1516 999 1685 1033 columnis
1704 1003 1886 1039 exaratus;
1914 1009 1958 1032 ex
1984 999 2074 1032 dono
2098 1010 2169 1033 ma-

1307 1057 1405 1102 gistri
1424 1057 1597 1091 willelmi
1617 1056 1771 1097 Duffeld‚
1789 1057 2021 1090 archidiaconi
2046 1057 2169 1102 Clyve-

1309 1114 1442 1148 landiae.

1328 1176 1355 1205 1.
1371 1175 1393 1205 J
1397 1175 1549 1206 ohannitii
1568 1176 1700 1217 Isagoge
1716 1175 1757 1206 ad
1774 1175 1883 1206 Artem
1902 1185 2032 1216 parvam
2048 1175 2168 1212 Galcni,

1391 1238 1460 1257 cnm
1475 1227 1628 1268 glossulis.
1652 1227 1704 1257 fol.
1723 1235 1751 1267 7.

1326 1284 1356 1312 2.
1375 1282 1540 1323 Theophili
1566 1282 1820 1323 Protospatharii
1851 1282 1973 1314 libellus
2000 1283 2039 1314 de
2062 1283 2169 1320 urinis,

1390 1335 1561 1376 interprete
1578 1334 1711 1366 Pontico
1729 1334 1867 1365 Virunio.
1892 1335 1942 1365 fol.
1960 1344 2005 1366 12.

1433 1386 1495 1417 Tit.
1515 1391 1532 1403 ⁴²
1546 1386 1662 1427 Incipit
1678 1386 1756 1417 liber
1771 1385 1932 1417 urinarum
1948 1385 2141 1427 Theophili?

1327 1443 1356 1473 3.
1375 1441 1528 1472 Philareti
1552 1441 1673 1472 libellus
1697 1441 1736 1472 de
1760 1441 1911 1482 pulsibus,
1928 1440 2053 1483 [eodem
2076 1440 2169 1471 inter-

1390 1493 1504 1534 prete]
1523 1503 1593 1523 cum
1608 1492 1761 1534 glossulis.
1785 1492 1835 1523 fol.
1854 1501 1899 1532 17.

1327 1549 1355 1578 4.
1374 1547 1578 1589 Hippocratis
1593 1547 1858 1590 Aphorismorum
1880 1547 1958 1578 liber
1973 1558 2042 1578 cum
2059 1546 2170 1578 Galeni

1390 1598 1631 1634 commentariis.
1656 1598 1828 1640 interprete
1855 1598 2062 1630 Constantino
2086 1597 2170 1628 Afri-

1391 1660 1480 1687 cano,
1497 1650 1613 1691 praevia
1635 1649 1816 1690 interpretis
1831 1649 1964 1691 epistola
1974 1662 1983 1687 3
2006 1660 2075 1680 cum
2089 1649 2169 1691 glos-

1390 1701 1464 1732 sulis
1479 1700 1711 1742 marginalibus.
1736 1700 1787 1731 fol.
1804 1711 1851 1742 ¹9·

1433 1753 1494 1784 Tit.
1527 1756 1544 1769 “
1558 1752 1673 1793 Incipit
1704 1752 1782 1782 liber
1811 1750 2051 1782 Afforismorum
2083 1750 2167 1792 Ypo.

1410 1815 1481 1835 cum
1496 1807 1672 1834 commento
1688 1803 1840 1834 Galieni.”

1433 1855 1470 1885 In
1486 1855 1580 1891 calce,
1602 1859 1619 1871 ‘⁴
1635 1853 1773 1894 Explicit
1796 1855 2007 1884 commentum
2023 1852 2059 1883 G.
2077 1862 2169 1893 super

1412 1904 1525 1935 librum
1540 1903 1783 1934 Afforismorum
1800 1902 1904 1944 Ypo.”
1947 1903 1961 1914 '¹

1325 1961 1355 1990 5.
1373 1959 1522 2001 Ejusdem
1538 1959 1750 2001 prognostica,
1767 1970 1837 1989 cum
1853 1958 1964 1989 Galeni
1980 1962 2167 1989 commenta—

1389 2010 1442 2041 riis
1457 2011 1567 2041 eodem
1582 2011 1765 2052 interprete,
1776 2014 1808 2041 et
1823 2009 1938 2051 duplici
1953 2009 2166 2040 translatione.

1388 2062 1442 2093 sol.
1457 2063 1496 2102 69
1510 2063 1539 2093 b.

1432 2114 1495 2145 Tit.
1510 2118 1528 2130 “
1541 2113 1655 2155 Incipit
1671 2113 1749 2144 liber
1764 2112 2013 2155 pronosticorum
2029 2122 2099 2142 cum
2114 2111 2168 2142 du-

1410 2165 1481 2206 plici
1497 2165 1734 2196 translationes*

1325 2219 1354 2250 6.
1371 2220 1521 2261 Ejusdem
1550 2219 1588 2250 de
1618 2218 1766 2260 regimine
1793 2222 1958 2250 acutorum
1983 2217 2069 2254 liber,
2098 2227 2167 2248 cum

1389 2271 1528 2312 ejusdem
1559 2274 1745 2308 commento,
1770 2269 1943 2311 interprete
1973 2268 2093 2299 eodem.
2116 2267 2166 2298 fol.

1394 2331 1451 2353 102
1464 2322 1493 2352 b.

1433 2372 1495 2403 Tit.
1514 2376 1531 2389 “
1544 2371 1662 2413 Incipit
1682 2371 1760 2403 liber
1776 2371 1858 2413 Ypo.
1876 2372 1914 2402 de
1933 2370 2082 2413 regimine
2097 2380 2167 2401 acu-

1410 2428 1515 2454 torum
1531 2434 1601 2454 cum
1617 2422 1733 2464 duplici
1748 2422 1984 2454 translationes*

1434 2476 1472 2506 In
1488 2475 1581 2513 calce,
1599 2475 1718 2506 “Finit
1738 2475 1815 2505 liber
1837 2475 1876 2505 de
1898 2474 1984 2505 dieta
2005 2478 2168 2504 acutarum

1411 2527 1653 2569 egritudinum.''

1327 2583 1356 2614 7.
1374 2581 1484 2612 Galeni
1506 2582 1615 2623 Tegni,
1646 2581 1709 2612 sive
1733 2582 1798 2611 Ars
1830 2582 1943 2618 Parva,
1969 2591 2039 2611 eum
2054 2579 2167 2621 duplici

1389 2632 1606 2669 translatione,
1628 2636 1661 2663 et
1682 2632 1766 2673 Haly
1790 2631 1955 2663 Rhodoani
1981 2634 2166 2667 commento,

1392 2683 1579 2724 [interprete
1595 2683 1739 2714 Gerardo
1755 2683 1954 2714 Cremonensi
1965 2683 1986 2723 3]
2014 2682 2067 2713 fol.
2084 2684 2152 2712 160.

1432 2735 1495 2766 Tit.
1523 2739 1540 2751 “
1556 2734 1672 2775 Incipit
1701 2738 1910 2765 commentum
1939 2744 2032 2775 super
2055 2733 2166 2764 librum

1411 2786 1508 2828 Tegni
1525 2786 1635 2818 Galeni
1650 2785 1691 2816 ab
1708 2785 1822 2827 Haly.”
