2254 3117
361 157 406 187 gg
923 143 1224 179 CATALOGUS
1251 143 1486 179 CODICUM
1514 145 1622 180 MSS.

466 250 528 281 Tit.
559 247 706 288 “Incipit
735 246 813 275 liber
842 243 966 275 canonis
996 242 1126 284 primus,
1151 252 1243 283 quem

445 301 586 342 princeps
607 296 741 328 Abohali
766 295 923 326 Avicenne
946 293 984 324 de
1004 293 1157 324 medicina
1181 292 1243 323 edi-

444 352 490 382 dit
506 350 619 384 verba;
639 347 774 378 Abohali
790 345 945 377 Aviseni.''

466 406 503 435 Iu
519 404 610 440 calce,
630 408 649 421 “
661 401 841 443 Completus
860 404 908 431 est
928 400 1006 430 liber
1025 399 1151 440 quintus
1173 398 1243 429 libri

443 455 580 491 canonis,
607 454 659 495 qui
693 457 740 483 est
771 451 1010 483 Antidotarium
1043 451 1124 482 senis
1162 449 1244 491 regis

444 505 569 536 Alohali
602 504 698 534 hasen
729 502 783 533 filii
808 502 884 533 Hali
910 501 1085 532 Abuicenni
1116 504 1147 531 et
1177 499 1244 541 ejus

443 554 669 596 complemento
692 553 863 595 completus
889 557 937 584 est
961 553 1038 583 liber
1062 556 1148 582 totus
1172 561 1243 580 con-

443 607 538 637 fectio
562 605 764 637 trociscorum
789 604 827 635 de
849 604 962 635 caca-be
986 604 1023 634 de
1046 603 1125 633 libro
1146 600 1242 632 Aneti

443 658 496 688 filii
525 658 611 688 Ysac
638 661 670 687 et
697 657 739 687 sic
770 655 941 696 completus
972 659 1019 685 est
1050 654 1127 684 liber
1157 656 1244 683 totus

444 708 618 740 Abvicenni
634 709 672 739 de
687 707 829 738 medicali
845 706 1012 737 scientia.”

465 760 613 802 Sequitur
629 764 647 776 ‘⁶
660 759 822 790 Confectio
838 758 1039 789 trociscorum
1052 755 1244 787 molariumf'

465 812 597 848 Deinde,
622 810 849 852 Interpretatio
872 820 980 840 vocum
1004 807 1244 842 chraicarum,

443 863 550 894 ordine
565 862 771 905 alphabetico.

709 986 892 1020 CCXXV.

360 1060 481 1094 Codex
509 1059 801 1097 membranaceus
831 1058 864 1090 in
896 1056 987 1095 folio,
1012 1056 1045 1089 ff.
1072 1056 1152 1091 247.
1177 1063 1242 1086 sec.

384 1120 466 1158 xiv.,
490 1118 578 1152 binis
602 1116 771 1151 columnis
798 1120 980 1154 exaratus3
1008 1113 1095 1147 liber
1121 1111 1244 1156 “lega-

385 1182 442 1210 tus
468 1175 545 1210 coll.
573 1175 615 1209 de
646 1173 882 1208 Mertonhalle
907 1172 1020 1206 Oxou.
1048 1182 1109 1216 per
1136 1169 1244 1213 magi-

386 1244 494 1272 strum
533 1236 755 1270 XVillelmum
789 1235 940 1274 Duffeld,
975 1245 1084 1279 nuper
1111 1232 1242 1266 socium

386 1295 572 1341 ejusdem.''

406 1365 435 1394 1.
453 1363 601 1394 Averrois
618 1373 705 1403 opus,
722 1362 803 1403 quod
820 1361 934 1391 dicitur
946 1359 1085 1400 Colliget,
1103 1358 1133 1388 in
1150 1358 1244 1388 libros

467 1419 585 1456 septem
596 1414 786 1447 distinctum,
798 1413 966 1454 interprete
977 1421 1139 1451 anonymo.
1156 1409 1207 1439 fol.
1216 1418 1243 1438 2.

512 1466 551 1496 Iu
573 1465 665 1500 calce,
683 1470 700 1481 ⁴⁴
714 1464 851 1505 Explicit
873 1462 1081 1494 collectorium
1104 1462 1244 1501 Averoys

490 1516 712 1548 comentatoris
728 1515 914 1557 peritistimi.

512 1567 648 1609 Explicit
665 1567 818 1608 expliceat
835 1566 967 1606 scriptor
982 1564 1087 1595 ludere
1102 1562 1182 1593 cat.”

406 1635 434 1664 2.
450 1633 573 1675 AEgidii
600 1632 794 1664 Corbeiensis
824 1632 862 1662 de
894 1630 990 1661 urinis
1016 1639 1149 1666 carmen,
1175 1638 1245 1659 cum

469 1684 690 1715 commentario
707 1683 840 1714 Gilbcrti
857 1682 991 1723 Anglici.
1015 1681 1064 1711 fol.
1083 1688 1132 1720 77.

512 1735 549 1765 In
571 1735 662 1771 calce,
688 1734 896 1775 “Expliciuut
919 1744 1025 1764 versus
1050 1731 1153 1773 Egidii
1175 1740 1245 1761 cum

489 1792 664 1818 commento
680 1786 841 1817 Gilbertif·

404 1847 433 1877 3.
450 1846 605 1877 Johannis
616 1845 803 1877 Damasceni
815 1844 1072 1886 Aphorismorum
1085 1843 1162 1873 liber
1176 1852 1246 1872 cum

490 1897 603 1928 Isidori
634 1897 767 1938 Hispani
803 1900 996 1932 commeut03
1028 1895 1117 1926 initio
1147 1892 1244 1926 mutil.

488 1947 540 1977 fol.
557 1955 607 1987 97.

512 1998 610 2040 Incip.
638 1999 669 2029 in
700 1998 811 2035 verbis,
834 1998 913 2029 “vel
940 1998 1057 2028 olerum
1082 1996 1128 2028 vel
1154 1996 1246 2038 hujus

489 2049 575 2090 siripi
590 2054 664 2080 ante
680 2049 811 2080 cibum.”

512 2100 550 2130 In
583 2100 676 2136 calce,
709 2099 874 2140 “Explicit
909 2099 986 2130 liber
1012 2099 1246 2140 Amphorisnio-

489 2161 557 2181 rum
581 2150 734 2180 Johannis
761 2150 947 2180 Damasccni
972 2149 1027 2179 filii
1058 2149 1244 2190 Serapionis,

489 2213 559 2232 cum
596 2205 770 2232 commento
798 2200 937 2238 Ysidori,
967 2201 1157 2242 Ypaniensis
1183 2200 1245 2241 epi-

489 2253 572 2294 scopi
587 2266 594 2288 ;
620 2252 688 2282 Deo
703 2252 858 2293 gracias.”

405 2314 433 2342 4.
450 2311 620 2342 Tractatus
643 2311 680 2341 de
703 2310 851 2351 gradibus
874 2310 1035 2340 ordinatus
1055 2321 1074 2340 a
1096 2310 1247 2350 magistro

468 2362 631 2393 Bernardo
647 2362 685 2392 (10
701 2361 861 2392 Gordonio
883 2361 914 2392 in
937 2362 1018 2392 almo
1034 2362 1138 2392 studio
1155 2362 1246 2391 Mon-

467 2413 690 2444 tis-pessulani
713 2423 794 2443 anno
823 2422 921 2453 13033
946 2413 997 2453 [an
1017 2424 1053 2443 cx
1082 2412 1160 2443 Lilio
1184 2423 1246 2443 me-

467 2464 576 2495 dicinae
588 2464 613 2506 ?]
637 2464 687 2494 fol.
703 2474 741 2504 99
756 2464 786 2494 b.

510 2515 608 2557 Incip.
635 2515 847 2546 “Doctrinam
878 2515 921 2548 (10,
940 2515 1088 2556 gradibus
1114 2515 1246 2546 intendi-

488 2576 557 2598 mus
573 2567 725 2608 triplicem
742 2566 919 2597 ordinare.”

511 2617 547 2648 In
563 2618 655 2655 calce⁷
674 2623 691 2635 ⁶·
706 2617 843 2659 Explicit
859 2617 897 2647 de
911 2617 1087 2658 gra‹libus.”

403 2680 432 2708 5.
451 2678 575 2709 Tabula
597 2679 735 2719 ejusdem
754 2677 906 2708 Bernardi
928 2677 966 2707 (10
989 2677 1094 2708 decem
1118 2677 1247 2718 ingeniis

468 2729 595 2760 curandi
612 2730 746 2760 morbos.
771 2729 821 2759 fol.
839 2738 895 2759 102
913 2728 942 2759 b.

511 2779 609 2821 Incip.
627 2786 645 2798 ‘⁶
660 2780 787 2822 Ingenia
804 2778 974 2811 curacionis
990 2779 1200 2810 morborum.'’

1338 242 1366 273 6.
1383 242 1533 283 Ejusdem
1548 247 1703 274 tractatus
1726 243 1827 274 brevis
1843 247 1875 274 et
1891 243 1977 275 utilis
1993 255 2086 286 supra
2102 246 2181 287 regi-

1401 298 1541 324 mentum
1556 299 1729 325 acutorum.
1753 293 1803 324 fol.
1822 304 1889 331 ¹04·

1444 345 1542 387 Incip.
1570 350 1591 364 “
1605 345 1755 387 Regimen
1781 349 1944 377 acutarum
1970 347 2180 388 egritudinum

1422 395 1593 427 consistit.”

1339 455 1367 486 7.
1385 453 1535 495 Ejusdem
1554 459 1710 486 tractatus
1729 455 1830 486 brevis
1849 462 1881 486 et
1901 455 1988 487 utilis
2003 456 2042 487 de
2057 457 2127 487 crisi
2149 462 2181 488 et

1402 506 1511 537 diebus
1523 507 1655 544 creticis,
1672 507 1856 548 compilatus
1868 507 1898 537 in
1915 508 2065 549 praeclaro
2078 508 2182 539 studio

1404 557 1713 588 Montis-pessulani.
1737 558 1788 588 fol.
1806 560 1874 588 106.

1446 608 1545 650 Incip.
1563 613 1582 626 “
1597 609 1747 640 Senectus
1763 609 1888 640 domina
1903 610 2064 641 oblivionis
2079 611 2156 641 est?5

1445 660 1483 690 In
1509 660 1601 697 calce,
1630 664 1647 677 “
1661 660 1799 701 Explicit
1829 660 1908 691 liber
1932 661 2181 702 pronosticorum

1423 711 1604 741 Gordoniif'

1339 766 1368 796 8.
1385 765 1565 806 Sequuntur
1587 765 1735 796 nonnulla
1750 766 1788 795 de
1804 764 1952 806 pulsibus,
1973 770 2005 796 et
2026 766 2064 796 de
2084 766 2182 797 urinis

1402 817 1539 847 versibus
1555 828 1719 858 expressa3
1743 816 1834 857 incip.

1390 871 1408 884 ‘⁴
1421 867 1469 898 Ut
1485 879 1555 898 reor
1570 867 1685 898 nostris
1701 867 1785 898 calor
1800 871 1889 898 extat
1905 878 1999 898 causa
2014 868 2163 899 ruboriss'

1339 928 1367 959 9.
1385 926 1552 957 Avicennae
1575 927 1652 957 liber
1667 927 1705 957 de
1727 927 1829 957 cordis
1845 927 1960 957 viribus
1976 931 2007 958 et
2024 927 2182 958 medicinis

1403 978 1590 1008 cordialibus
1619 978 1791 1009 translatus
1817 989 1836 1009 a
1861 978 2012 1019 magistro
2042 979 2182 1010 Arnaldo

1405 1029 1456 1070 [(10
1477 1029 1669 1072 Villa-nova]
1695 1029 1903 1060 Barchinonie
1928 1028 2182 1073 [Barcinonensi]

1403 1081 1455 1111 fol.
1472 1091 1478 1111 ι
1492 1091 1527 1121 19
1543 1081 1572 1111 b.

1446 1130 1484 1160 In
1509 1130 1601 1167 calce,
1627 1129 1794 1171 “Explicit
1819 1130 1981 1161 Avicenna
2005 1131 2043 1162 de
2067 1131 2183 1162 viribus

1424 1183 1525 1213 cordis
1539 1197 1545 1217 ;
1571 1183 1640 1213 Deo
1655 1182 1805 1223 gracias.”

1320 1243 1368 1272 10.
1385 1242 1553 1272 Avicennae
1578 1241 1713 1273 Canouis
1735 1241 1812 1272 liber
1835 1244 1965 1282 quartus
1987 1245 2019 1272 et
2043 1241 2181 1283 quintus,

1403 1293 1517 1335 praevia
1533 1293 1740 1334 capitulorum
1757 1293 1874 1323 tabula.
1899 1293 1950 1323 sol.
1967 1293 2035 1324 128.

1446 1344 1509 1375 Tit.
1541 1350 1558 1361 ‘⁸
1574 1344 1666 1375 Liber
1696 1345 1822 1375 canonis
1849 1348 1980 1386 quartus
2010 1344 2117 1385 incipit
2143 1345 2182 1376 de

1424 1396 1651 1438 egritudinibus
1678 1397 1918 1438 particularibus
1948 1408 2007 1438 que
2036 1397 2183 1429 accidunt

1424 1459 1486 1478 non
1511 1448 1753 1489 appropriantur
1776 1448 1924 1484 membro,
1946 1447 2108 1479 continens
2132 1448 2181 1490 vij.

1424 1499 1499 1536 sere,
1524 1511 1582 1540 que
1603 1499 1842 1541 apprehendunt
1867 1499 1949 1530 xxiii.
1971 1503 2128 1530 tractatus
2150 1503 2183 1531 et

1424 1561 1560 1581 summas
1576 1550 1682 1581 (luas.”

1446 1602 1543 1633 Defic.
1561 1601 1592 1632 in
1611 1601 1721 1638 verbis,
1745 1604 1805 1632 “et
1825 1611 1886 1631 non
1908 1600 2000 1631 fuerit
2020 1600 2120 1632 virtus
2140 1600 2182 1632 vi-

1424 1652 1547 1684 rulenta
1562 1656 1594 1684 et
1609 1663 1670 1683 non
1686 1652 1815 1683 festinat
1830 1651 1931 1683 ad—⁸'

1638 1760 1846 1795 CCXXVI.

1298 1827 1419 1861 Codex
1437 1828 1731 1867 membranaceus,
1750 1828 1784 1860 in
1803 1826 1886 1860 folio
1903 1826 2035 1871 majori,
2050 1826 2083 1860 ff.
2099 1829 2181 1867 207,

1323 1897 1391 1919 sec.
1411 1886 1490 1925 xiV.‚
1510 1886 1598 1919 binis
1617 1885 1786 1919 columnis
1804 1890 1977 1919 exaratus.

1341 1945 1474 1977 Gilberti
1491 1945 1613 1987 Anglici
1635 1945 1870 1986 Compendium,
1893 1944 1955 1976 sive
1979 1945 2102 1982 Lilium,
2120 1955 2181 1976 me-

1362 1996 1484 2033 dicinae‚
1510 1997 1539 2026 in
1571 1996 1666 2027 libros
1693 2001 1812 2037 septem
1839 1995 2031 2032 distinctum,
2061 1996 2183 2037 praeviis

1361 2048 1471 2088 cuique
1487 2047 1565 2078 libro
1581 2047 1734 2088 capitulis.

1405 2099 1466 2130 Tit.
1485 2099 1628 2140 “Incipit
1646 2098 1724 2129 liber
1742 2099 1921 2129 morborum
1941 2102 2006 2129 tam
2028 2099 2183 2130 universa-

1382 2150 1457 2181 lium
1473 2162 1565 2192 quani
1579 2150 1813 2192 particularium
1825 2161 1844 2181 a
1854 2150 2005 2191 magistro
2021 2150 2184 2181 Gileberto

1384 2201 1518 2241 Anglico
1530 2201 1632 2231 editus
1647 2200 1688 2231 ab
1701 2200 1843 2231 omnibus
1858 2200 2037 2231 auctoribus
2050 2205 2081 2232 et
2093 2211 2181 2242 prac-

1382 2252 1452 2283 ticis
1474 2252 1693 2293 magistrorum
1713 2254 1873 2282 extractus
1899 2254 1931 2281 et
1952 2255 2112 2293 exceptus,
2132 2251 2184 2293 qui

1383 2303 1607 2344 Compendium
1623 2303 1774 2333 medicine
1789 2302 1998 2334 intitulatur.”

1405 2354 1521 2386 Exstat
1538 2354 1677 2395 impress.
1695 2353 1725 2384 in
1741 2357 1807 2393 4to,
1825 2353 1925 2394 Lugd.
1946 2363 2032 2394 1510.

1406 2406 1443 2435 In
1467 2405 1557 2442 calce,
1576 2410 1594 2422 ‘⁵
1607 2404 1744 2446 Explicit
1760 2404 1976 2446 compendium
1997 2405 2180 2439 medicinae;

1382 2457 1450 2488 Deo
1465 2457 1612 2498 g1·atiaS.”

1626 2542 1854 2578 CCXXVII.

1300 2605 1600 2645 Membranaceus,
1628 2606 1663 2639 in
1689 2605 1771 2638 folio
1798 2605 1931 2643 minori,
1959 2605 1993 2638 ff.
2013 2607 2096 2644 209,
2115 2615 2180 2638 see.

1306 2663 1406 2701 xixa,
1442 2663 1530 2697 binis
1573 2663 1742 2697 columnis
1786 2667 1968 2702 exaratus3
2013 2674 2056 2696 ex
2092 2662 2181 2696 dono

1324 2720 1424 2754 Will.
1441 2720 1549 2759 Reed,
1568 2732 1620 2766 ep.
1635 2720 1869 2757 Cicestrensis.

1342 2782 1370 2811 1.
1389 2780 1546 2811 Abubecri
1577 2780 1700 2817 Rhasis,
1731 2779 1784 2811 filii
1819 2779 1989 2814 Zachariae.
2025 2779 2102 2809 liber
2130 2777 2181 2820 qui
