2254 3117
350 153 389 188 32
896 143 1198 180 CATALOGUS
1224 141 1460 178 CODICUM
1487 140 1595 176 MSS.

470 249 568 290 Incip.
585 250 604 265 “
616 247 733 277 Utrum
756 245 881 276 credere
903 243 1074 286 prophetas
1092 242 1130 274 de
1145 242 1221 274 arti-

448 301 516 332 culo
532 296 752 338 contingenti.”

488 351 595 382 Desin.
631 353 650 367 “
668 347 886 379 commorimur
925 349 958 377 et
1000 345 1225 386 consepelimur

447 401 601 434 Christo.”

468 453 615 494 Sequitur
630 450 738 482 tabula
753 449 968 491 quaestionum.

362 523 391 552 2.
405 519 547 552 Godfridi
558 519 596 549 de
607 517 771 556 Fontibus,
779 516 1118 559 episcopi‚quaestiones
1129 516 1224 558 qnod-

424 570 578 602 libetales.
602 569 655 599 sol.
670 570 721 608 84.

470 621 569 662 Incip.
590 620 773 658 “Queritur
795 620 895 662 primo
918 620 955 650 dc
982 618 1112 650 scientia
1138 629 1224 649 sacre

447 672 631 714 tlleologie.”

469 725 568 755 Defic.
590 724 621 754 in
643 723 757 760 verbis,
773 722 886 753 “circa
909 722 1043 763 primum
1067 722 1225 752 sciendum

448 776 529 817 quod
543 775 664 806 non—'³

696 850 868 885 CXLIV.

343 916 462 950 Codex
482 915 775 951 membranaceus,
791 915 824 947 in
845 913 928 946 folio
946 913 1081 952 minori,
1095 912 1129 945 ff.
1144 914 1224 952 137,

366 986 433 1008 sec.
447 975 530 1014 xiv„
549 973 638 1007 binis
663 972 833 1006 columnis
858 981 1042 1009 exaratum
1071 982 1114 1004 ex
1134 971 1224 1004 dono

367 1030 420 1063 Μ.
441 1030 585 1063 Roberti
606 1028 752 1074 Wyght.

386 1092 415 1121 1.
437 1090 594 1132 [Gulielmi
614 1089 778 1130 Alvcrni'3]
805 1088 988 1119 I‘arisiensis
1011 1088 1225 1119 distinctiones

448 1142 641 1183 theologicae,
657 1141 764 1172 ordine
779 1140 987 1181 alphabetico.
1011 1140 1062 1170 fol.
1077 1149 1104 1181 7.

471 1196 532 1227 Tit.
564 1205 645 1225 mans.
671 1205 723 1224 sec.
750 1192 1006 1223 “Distinctiones
1036 1192 1225 1224 Parisienses

449 1244 706 1277 Bonaventurae.”

471 1296 568 1338 Incip.
601 1295 757 1336 “Duplex
788 1298 836 1326 est
865 1294 1060 1325 abstinencia
1090 1295 1225 1326 detesta-

449 1347 519 1378 bilis
534 1350 566 1377 et
582 1346 764 1383 laudabilis3
787 1346 1009 1376 (letestabilis.”

470 1398 579 1430 Desin.
597 1402 615 1414 “
629 1409 688 1439 que
711 1397 891 1438 preparavit
914 1397 1001 1428 Deus
1024 1397 1129 1429 electis
1152 1399 1223 1436 suis,

450 1451 491 1481 ad
507 1461 566 1491 que
582 1460 638 1479 nos
649 1450 681 1485 ;''
697 1452 757 1479 etc.

514 1510 700 1541 Praecedunt

407 1573 435 1592 a.
453 1561 538 1592 Nota
553 1561 591 1591 de
607 1559 815 1591 celebratione
833 1560 997 1590 missarum
1020 1571 1077 1602 pro
1100 1561 1225 1592 defunc-

471 1612 513 1643 tis
528 1623 590 1642 non
606 1611 852 1642 intermittenda.
876 1611 927 1642 fol.
944 1623 970 1642 1.

407 1672 436 1702 b.
453 1671 573 1702 Versus
589 1675 719 1712 septem,
735 1670 825 1711 incip.
843 1675 861 1687 ‘⁶
875 1671 933 1709 Qui
950 1671 1017 1711 plus
1033 1671 1214 1712 expendit.⁷'

407 1743 432 1763 c.
450 1731 682 1772 Adaptationes
698 1731 833 1761 omnium
857 1742 1032 1761 sermonum
1055 1732 1087 1762 in
1110 1732 1167 1763 hoc
1190 1732 1225 1763 li-

471 1783 551 1813 bello
561 1786 777 1813 contentorum
788 1786 882 1824 prout
892 1787 1072 1824 competunt
1083 1784 1225 1815 omnibus

470 1834 640 1865 Dominicis
656 1834 756 1864 tocius
770 1834 853 1864 anni.
876 1834 927 1865 fol.
940 1845 969 1875 3.

407 1894 436 1925 d.
455 1893 603 1935 Capitula
617 1893 718 1924 tocius
738 1893 808 1923 libri
829 1895 997 1924 secundum
1020 1894 1159 1925 ordinem
1181 1895 1225 1926 al-

471 1945 609 1987 phabeti.
634 1945 684 1975 fol.
698 1947 726 1976 6.

385 2010 415 2040 2.
432 2009 672 2044 Bonaventurae,
696 2008 758 2038 sive
785 2008 1004 2049 cujuscumque
1030 2008 1080 2045 sit,
1106 2020 1226 2041 summa

450 2060 488 2091 de
503 2059 706 2090 sacramentis
721 2058 864 2088 ccclesiae.
889 2058 938 2089 fol.
956 2069 967 2089 1
977 2068 1014 2099 29
1025 2060 1055 2090 b.

494 2111 593 2151 Incip.
608 2114 626 2127 ‘⁶
639 2109 859 2140 Infirmitatem
875 2114 1069 2142 contractam
1084 2123 1140 2153 per
1155 2123 1224 2154 pec-

470 2166 575 2193 catum
591 2161 761 2203 primorum
777 2162 971 2202 pai-emtum.”

714 2278 865 2313 CXLV.

345 2340 646 2380 hlembranaeeus,
674 2341 708 2373 in
736 2340 819 2374 folio
845 2342 980 2381 minori,
1002 2342 1035 2375 ff.
1052 2345 1132 2383 102,
1159 2355 1227 2377 see.
1257 2329 1259 2353 ἶ

368 2399 448 2438 xiV.,
467 2399 556 2432 binis
575 2398 745 2432 columnis
762 2404 943 2439 exaratus;
971 2412 1014 2433 ex
1039 2400 1154 2446 legato
1174 2401 1227 2434 M.

367 2456 390 2490 J
393 2456 448 2490 oh.
468 2457 661 2502 Raynham,
679 2456 756 2490 coll.
778 2456 884 2491 Mert.
903 2459 996 2492 socii.

387 2518 414 2547 1.
433 2517 465 2547 S.
481 2516 501 2546 J
504 2516 636 2547 ohannis
652 2516 836 2547 Damasceni
859 2518 1085 2548 sententiarum
1108 2518 1146 2549 de
1168 2518 1229 2549 fide

450 2567 627 2598 orthodoxa
642 2567 712 2597 libri
726 2571 880 2607 quatuor;
906 2567 1076 2609 interprete
1089 2568 1229 2610 Burgun-

450 2618 541 2649 dione
559 2618 685 2648 Pis-ano.
709 2618 761 2648 fol.
779 2628 808 2649 2.

493 2669 555 2700 Tit.
573 2673 592 2687 “
606 2669 761 2700 Johannis
787 2669 951 2710 presbiteri
976 2671 1175 2708 Damasceni,
1198 2671 1229 2701 in

471 2731 532 2761 quo
555 2724 603 2751 cst
619 2721 750 2752 tradicio
775 2725 861 2751 certa
885 2721 1040 2752 ortodoxa
1056 2721 1126 2752 fidei
1143 2734 1169 2752 e.
1185 2722 1229 2753 di-

470 2773 536 2803 visa
551 2784 576 2802 c.
600 2783 619 2803 a
643 2772 866 2814 Burgundione
888 2772 992 2813 judice
1015 2773 1080 2804 cive
1103 2774 1230 2812 Pisano,

1401 241 1440 272 de
1463 240 1567 271 Greco
1588 239 1622 270 in
1646 239 1794 270 Latinum
1818 239 1944 270 domino
1959 239 2004 282 iij.
2020 240 2161 282 Eugenio

1404 291 1496 322 beate
1512 289 1660 321 memorie
1675 300 1755 331 pape
1771 289 1972 321 translatus.”

1426 342 1542 373 Exstat
1557 341 1698 382 impress.
1716 340 1799 371 inter
1814 351 1885 382 opp.
1899 343 1974 372 tom.
1988 340 2006 371 i.
2022 352 2052 382 p.
2070 350 2139 382 123.

1425 393 1464 423 In
1491 393 1585 429 calce,
1611 396 1629 409 “
1643 391 1823 433 Expliciunt
1848 391 2003 423 sententie
2030 393 2162 423 Damas-

1404 444 1471 475 ceni
1482 445 1511 481 ;''
1535 447 1567 474 et
1584 442 1695 473 deinde
1711 442 1820 473 tabula
1835 443 2056 484 capitulorum.

1299 501 1328 530 2.
1346 498 1495 540 Ejusdem
1511 498 1620 540 logica.
1645 497 1697 527 fol.
1709 506 1762 538 50.

1408 549 1507 590 Incip.
1527 553 1547 566 “
1565 549 1834 588 Quemadmodum
1856 548 1945 580 dulce
1966 549 2164 591 philocosmis

1384 601 1493 631 existit
1508 600 1698 631 sensibilium
1713 600 1958 641 pa1·adisorum.”

1299 657 1327 686 3.
1346 655 1495 696 Ejusdem
1510 655 1756 692 elementarium,
1770 655 1833 686 sive
1850 656 1888 686 de
1903 656 2024 687 duabus
2040 657 2161 688 naturis

1362 710 1395 738 et
1410 718 1517 737 earum
1529 706 1762 747 operationibus
1777 707 1808 737 in
1821 706 1956 744 Christo,
1967 707 2044 738 liber
2058 719 2078 739 a
2089 719 2162 739 voce

1364 759 1395 789 S.
1413 758 1485 789 Joh.
1503 758 1700 789 Damasceni.
1724 758 1775 789 fol.
1789 760 1840 789 68.

1406 810 1467 841 Tit.
1479 814 1496 827 “
1506 809 1705 840 Introduccio
1716 810 1930 841 doctrinarum
1942 810 2133 842 elementarii
2143 822 2164 843 a

1384 872 1457 891 voce
1480 861 1510 891 S.
1527 861 1683 891 Johannis
1708 861 1894 892 Daniasccni
1917 862 1959 892 ad
1984 861 2007 892 J
2010 862 2164 894 ohannem

1384 911 1614 942 sanctissimum
1629 912 1808 953 episcopum
1826 912 1999 944 Laodicie.”

1407 962 1502 1004 Incip.
1519 967 1540 980 ‘⁶
1554 962 1624 996 Que
1640 963 1682 994 sit
1704 963 1838 995 intencio
1855 964 2042 996 Damasceni
2058 965 2089 996 in
2104 966 2163 998 hoc

1382 1013 1472 1044 libro.
1518 1013 1708 1044 Substancia
1723 1018 1756 1045 et
1772 1019 1886 1046 natura
1900 1019 1933 1046 et
1948 1016 2078 1047 forma.”

1407 1065 1445 1095 In
1460 1064 1555 1101 calce,
1574 1069 1592 1081 ‘⁴
1606 1065 1772 1106 Explicit.”

1301 1122 1330 1150 4.
1347 1120 1499 1162 Ejusdem
1529 1120 1568 1150 de
1595 1120 1738 1161 Trisagio
1764 1121 1897 1162 epistola
1925 1122 1966 1153 ad
1992 1122 2012 1153 J
2015 1123 2164 1154 ordanem

1363 1170 1651 1202 archimandritam.
1675 1171 1725 1201 fol.
1742 1172 1792 1201 80.

1406 1222 1506 1263 Incip.
1525 1226 1543 1238 ⁴²
1556 1222 1616 1252 Dei
1632 1222 1800 1253 honoracio
1815 1226 1848 1253 et
1863 1222 1927 1253 zelo
1943 1223 2074 1255 divino?

1299 1280 1328 1308 5.
1346 1278 1388 1308 A.
1403 1278 1450 1308 M.
1464 1278 1495 1308 S.
1509 1277 1633 1309 Boethii
1648 1278 1726 1309 liber
1742 1279 1780 1309 de
1797 1279 1828 1310 S.
1842 1278 2008 1310 Trinitate.
2032 1279 2083 1310 fol.
2097 1281 2148 1321 87.

1407 1330 1470 1360 Tit.
1489 1334 1509 1348 ‘⁶
1524 1329 1638 1371 Incipit
1654 1330 1800 1371 prologus
1823 1331 1854 1361 in
1876 1331 1989 1362 librum
2005 1331 2110 1363 Boecii
2125 1332 2164 1363 de

1386 1382 1507 1412 unitate
1524 1381 1689 1412 Trinitatis
1704 1382 1744 1412 ad
1761 1382 1959 1423 Symaeum.”

1408 1433 1524 1463 Exstat
1540 1433 1677 1474 impress.
1696 1433 1795 1475 Lugd.
1812 1434 1884 1465 Bat.
1907 1435 1997 1475 1656,
2013 1445 2041 1476 p.
2059 1443 2127 1475 147.

1300 1488 1329 1519 (i.
1348 1488 1497 1529 Ejusdem
1521 1489 1664 1529 quaedam
1688 1488 1819 1530 quaestio
1841 1489 1882 1520 ad
1898 1489 1918 1520 J
1921 1490 2075 1521 ohannem
2090 1489 2163 1521 eccl.

1364 1539 1453 1569 Rom.
1485 1539 1659 1577 diaconum,
1684 1543 1791 1570 utrum
1817 1540 1916 1571 Pater
1945 1545 1977 1571 et
2004 1540 2102 1571 Filius
2131 1544 2164 1571 et

1364 1590 1500 1630 Spiritus
1521 1590 1656 1621 Sanctus
1680 1591 1890 1632 praedicentur
1914 1591 2164 1623 substantialiter

1364 1642 1402 1672 dc
1419 1648 1533 1672 natura
1548 1642 1661 1673 divina.
1686 1642 1736 1673 fol.
1751 1653 1800 1684 90.

1407 1693 1523 1724 Exstat
1540 1693 1612 1724 ibid.
1630 1705 1660 1735 p.
1679 1695 1745 1735 163.

1300 1750 1329 1780 7.
1348 1749 1497 1789 Ejusdem
1513 1749 1633 1779 libellus
1649 1750 1687 1780 de
1703 1749 1948 1781 hebdomadibus
1963 1750 2004 1782 ad
2020 1750 2162 1781 eundem.

1363 1801 1414 1831 fol.
1432 1811 1468 1841 91
1484 1801 1512 1831 b.

1408 1851 1489 1882 Ibid.
1506 1863 1534 1892 p.
1552 1852 1622 1882 166.

1300 1910 1328 1939 8.
1349 1908 1496 1948 Ejusdem
1512 1912 1622 1938 contra
1639 1908 1803 1949 Eutychen
1824 1912 1856 1939 et
1872 1908 2052 1939 Nestorium
2074 1908 2162 1939 libel-

1363 1959 1419 1995 lus,
1437 1959 1540 2000 potius
1555 1958 1627 1989 fidei
1644 1959 1805 1990 confessio.
1828 1959 1880 1990 fol.
1892 1969 1942 2000 92.

1409 2010 1486 2041 lbid.
1505 2022 1535 2052 p.
1554 2019 1621 2049 172.

1301 2068 1329 2100 9.
1348 2066 1495 2107 Ejusdem
1511 2066 1631 2097 libellus
1641 2070 1751 2097 eontra
1761 2067 1885 2097 eosdem
1898 2067 1937 2098 de
1952 2067 2073 2098 naturis
2088 2067 2163 2098 dua-

1365 2118 1422 2148 bus
1443 2121 1475 2148 ct
1493 2129 1557 2148 una
1572 2129 1704 2159 persona
1720 2117 1838 2149 Christi
1854 2118 1895 2148 ad
1910 2117 1930 2148 J
1933 2118 2087 2149 ohannem
2102 2118 2164 2149 Ro-

1367 2180 1466 2200 manae
1483 2169 1619 2200 ecclesiae
1635 2169 1881 2200 sub-diaconum.
1897 2169 1947 2200 fol.
1961 2180 2011 2210 94.

1409 2220 1489 2251 Ibid.
1506 2232 1535 2261 p.
1552 2222 1619 2262 183.

1284 2276 1331 2306 10.
1349 2276 1499 2316 Ejusdem
1514 2277 1552 2306 de
1569 2276 1690 2306 unitate
1705 2279 1738 2306 et
1753 2286 1815 2306 uuo
1830 2275 1960 2306 libellus.
1984 2275 2036 2306 fol.
2053 2286 2121 2307 100.

1412 2328 1509 2368 Incip.
1526 2331 1543 2345 ‘⁶
1558 2327 1675 2358 Unitas
1690 2332 1738 2358 est
1754 2338 1815 2368 qua
1830 2338 2024 2369 unaquaeque
2039 2338 2089 2358 res
2103 2337 2166 2357 una

1389 2388 1455 2408 esse
1470 2377 1612 2408 dicitur.”

1411 2428 1447 2458 In
1463 2429 1559 2467 calce,
1574 2434 1592 2446 ‘⁶
1605 2429 1743 2470 Explicit
1758 2428 1838 2460 liber
1853 2429 1891 2460 de
1906 2429 2028 2460 unitate
2043 2433 2076 2460 et
2091 2439 2164 2466 uno,

1389 2481 1441 2521 qui
1457 2492 1476 2511 a
1491 2481 1677 2522 quibusdam
1693 2481 1807 2512 dicitur
1822 2492 1889 2512 esse
1905 2481 2038 2512 Boeeii.”

1637 2596 1808 2631 CXLVI.

1283 2657 1403 2691 Codex
1422 2658 1717 2700 membranaceus,
1733 2659 1768 2692 in
1786 2658 1868 2693 folio
1885 2658 2020 2699 minori,
2035 2657 2068 2692 ff.
2086 2660 2163 2697 189,

1307 2727 1375 2749 sec.
1392 2716 1473 2757 xiv„
1493 2717 1582 2751 binis
1600 2717 1769 2751 columnis
1788 2722 1958 2751 exaratus.

1327 2775 1548 2808 Bartholomaei
1572 2778 1610 2808 de
1634 2777 1666 2808 S.
1683 2777 1865 2815 Concordio,
1896 2778 1934 2809 de
1962 2776 2053 2814 Pisis,
2079 2776 2164 2808 Pisa-
