2254 3117
353 201 398 231 22
914 191 1211 227 CATALOGUS
1238 190 1469 226 CODICUM
1499 190 1607 225 MSS.

705 292 879 327 LXXIV.

353 358 474 392 Codex
497 357 787 394 membranaceus,
806 355 840 387 in
859 353 950 392 folio,
969 353 1002 387 ff.
1018 355 1074 393 44,
1092 364 1158 387 sec.
1173 365 1229 387 xv.

378 417 552 459 utrimque
570 413 723 448 mutilus.

397 474 584 506 Psalterium
599 472 739 509 Davidis,
754 482 823 502 cum
844 471 981 501 versione
996 474 1028 501 et
1048 470 1150 512 glossa
1166 471 1230 501 An-

416 526 548 568 glicana,
567 524 749 565 [interprete
766 522 831 553 Ric.
847 522 945 559 Rolle,
962 522 999 553 de
1019 521 1198 562 Hampole.]

459 576 555 617 Ineip.
573 575 604 605 in
619 574 720 605 verbis
736 577 900 604 comment.
916 584 1008 614 super
1024 573 1076 603 Ps.
1091 582 1139 614 23,
1152 583 1230 603 vers.

437 639 468 666 4,
485 632 502 644 ‘⁴
515 627 541 656 is
555 626 609 657 the
624 625 724 666 image
740 625 774 655 of
786 624 840 655 the
855 624 963 666 deuyle
975 624 1058 655 whos
1074 624 1151 654 wille
1166 623 1230 654 thei

437 677 542 708 fulfille
557 677 619 707 and
635 676 661 706 if
671 675 737 706 thei
753 686 793 717 go
808 686 921 716 among
935 675 994 705 alle
1010 675 1097 705 these
1113 674 1129 704 I
1147 673 1231 705 schal

437 732 492 759 not
508 727 603 758 drede
625 727 681 757 her
702 727 787 768 yvele
807 737 903 767 pryue
923 737 962 756 ne
982 730 1099 766 apeert,
1115 725 1163 755 for
1179 725 1232 755 the

438 779 507 809 loue
523 778 557 809 of
569 778 652 809 Crist
667 777 693 808 is
708 789 742 808 so
758 777 903 818 kyndelid
918 777 950 807 in
966 788 1038 819 myn
1053 777 1142 808 herte
1160 777 1232 807 that

438 829 453 860 I
470 829 564 859 drede
579 839 619 859 no
635 828 724 869 thing
738 828 795 859 but
810 832 844 859 to
859 828 929 859 falle
945 828 1016 858 ther
1030 828 1105 858 fro.”

459 879 557 910 Defic.
574 879 605 909 in
619 890 666 920 ps.
683 879 746 909 xlii.
763 890 838 910 vers.
856 889 887 920 3,
901 883 921 895 “
934 890 968 909 as
986 878 1049 909 thei
1071 878 1172 908 hadde
1193 888 1232 907 no

441 931 512 962 God
528 941 564 961 or
579 930 650 961 that
670 930 709 960 he
725 930 821 960 wolde
842 936 897 960 not
917 929 988 970 help
1009 929 1094 959 them
1115 928 1171 958 but
1187 928 1233 957 for

438 982 531 1013 suche
547 992 654 1012 scorne
670 981 723 1012 the
739 981 827 1012 meke
843 981 975 1011 in”——-

461 1033 608 1074 Sequitur
628 1032 742 1063 notitia
762 1032 862 1063 brevis
882 1036 1108 1073 computorum,
1131 1034 1148 1048 ‘⁴
1163 1030 1233 1071 Oly-

439 1095 529 1121 uere;
553 1095 572 1114 a
594 1088 695 1114 russet
718 1094 825 1124 gowne
849 1083 965 1120 schort,
982 1082 1066 1123 xij.d.
1113 1081 1194 1112 Item
1215 1092 1233 1111 a

440 1140 531 1177 capte
547 1135 654 1173 howft,
671 1135 761 1165 vi.d.”
777 1138 835 1165 etc.

723 1227 879 1262 LXXV.

357 1291 576 1329 Chartaceus‚
595 1292 630 1324 in
648 1290 740 1329 folio,
759 1290 794 1323 ff.
810 1292 890 1328 150,
909 1301 975 1323 sec.
994 1301 1049 1322 xv.

399 1352 542 1383 Gulielmi
561 1351 729 1392 [Peraldi]‚
745 1350 968 1392 Lugdunensis,
986 1350 1149 1380 Sermones
1170 1349 1234 1379 Do—

420 1403 577 1434 minicales
599 1413 690 1444 super
714 1401 871 1443 Epistolas
894 1412 949 1442 per
969 1401 1041 1432 anni
1067 1401 1233 1437 circuhnn3

421 1454 503 1485 notis
519 1454 739 1495 marginalibus
754 1453 906 1484 instructi.

463 1505 561 1546 Incip.
578 1510 596 1522 “
612 1505 702 1535 Hora
716 1508 764 1535 est
776 1504 842 1545 jam
858 1503 944 1540 nos‚”
958 1507 1017 1534 eto.
1062 1503 1134 1533 Hoc
1157 1507 1235 1533 tem-

444 1568 500 1598 pus
530 1556 643 1587 dicitur
669 1559 792 1596 tempus
821 1555 970 1585 adventus
983 1556 1014 1589 ;”
1044 1558 1079 1584 ut
1105 1554 1136 1584 in
1162 1554 1234 1584 edit.

445 1609 544 1650 Lugd.
564 1609 651 1650 1566.

467 1661 504 1690 In
520 1660 613 1696 ealce,
629 1663 647 1676 “
661 1658 841 1700 Expliciunt
863 1668 1018 1688 sermones
1032 1657 1138 1687 fratris
1153 1656 1238 1687 Guil-

444 1711 525 1741 lelmi
560 1709 784 1751 Lugdunensis,
814 1709 890 1739 alias
924 1708 1118 1744 Parisiensis,
1148 1718 1239 1748 super

445 1761 591 1803 epistolas
606 1760 842 1791 Dominicales.”

468 1813 614 1854 Sequitur
650 1813 741 1843 index
772 1811 994 1854 alphabeticus,
1026 1811 1073 1842 cui
1103 1810 1240 1842 succedit

446 1865 553 1896 tabula
568 1875 742 1895 sermonum
758 1875 827 1894 cum
844 1863 1048 1905 explicatione
1063 1873 1192 1893 annexa.

716 1936 892 1992 L‘xxw.

364 2022 584 2062 Chartaceus,
610 2021 645 2054 in
676 2020 768 2059 folio,
795 2020 828 2053 ff.
848 2022 930 2059 310,
957 2031 1023 2053 566.
1042 2031 1119 2058 xv.;
1159 2018 1239 2052 olim

388 2079 410 2113 J
414 2079 557 2113 ohannis
575 2078 716 2112 Castell.

407 2139 635 2180 Repertorium,
652 2138 713 2168 sive
737 2138 925 2169 collectanea
949 2138 987 2168 de
1011 2148 1044 2168 re
1070 2136 1243 2177 theologica

427 2190 706 2232 philosophicaque,
723 2199 761 2219 ex
777 2189 904 2219 diversis
922 2188 1101 2219 auctoribus
1115 2188 1155 2218 ab
1171 2199 1242 2218 ano-

428 2252 520 2282 nymo
535 2240 668 2281 quodam
684 2239 908 2270 consarcinata.

471 2291 618 2332 Sequitur
633 2291 725 2321 index
741 2301 856 2327 corum,
874 2301 942 2331 quae
960 2289 1087 2330 majoris
1101 2289 1244 2320 videntur

450 2354 516 2374 esse
536 2342 695 2378 momenti,
713 2352 803 2382 quem
826 2341 1013 2382 [Gulielmus
1035 2340 1147 2377 Smith,
1172 2340 1243 2370 olim

450 2394 516 2425 coll.
534 2393 628 2424 Univ.
645 2393 759 2434 socius]
780 2392 913 2423 confecit
934 2392 1064 2423 feliciter
1084 2396 1116 2423 et
1137 2392 1168 2422 in
1185 2392 1244 2422 fine

452 2445 586 2486 scripsit,

390 2498 417 2527 1.
436 2497 509 2527 Loci
530 2506 707 2527 communes
722 2495 760 2525 de
776 2494 909 2530 Christo,
926 2494 964 2524 de
987 2493 1124 2529 ecclesia,
1144 2504 1244 2523 sacra-

452 2547 565 2578 mentis
580 2551 612 2578 et
627 2545 776 2576 ministris
787 2545 931 2581 ecclesiae,
948 2544 1049 2585 [Beda
1064 2544 1102 2574 de
1117 2544 1245 2584 mystica

453 2597 676 2640 significatione
702 2596 755 2638 xij.
784 2596 921 2636 lapidum
947 2595 1179 2636 pretiosorum],
1207 2594 1245 2625 de

453 2649 588 2690 peccatis
610 2649 641 2679 in
663 2659 774 2689 genere
800 2650 833 2678 et
862 2646 970 2687 specie,
997 2646 1035 2676 dc
1061 2645 1244 2681 virtutibus;

453 2705 511 2731 etc.
537 2711 565 2741 p.
584 2710 606 2730 1.

390 2754 418 2781 2.
435 2752 631 2783 Collectanea
646 2751 766 2781 diversa
782 2748 1001 2790 philosophica,
1013 2759 1051 2778 cx
1067 2747 1245 2778 Aristotelis

456 2802 585 2838 Ethicis,
603 2802 738 2843 Organo‚
755 2805 813 2832 etc.
837 2811 865 2841 p.
883 2810 931 2841 90.

1299 289 1328 318 3.
1345 287 1444 329 Super
1459 287 1629 318 Proverbia
1650 286 1834 323 Salomonis,
1852 287 2103 319 Ecclesiasticum
2127 293 2158 319 et

1364 338 1566 379 Sapientiam.
1589 349 1619 379 p.
1640 347 1705 368 100.

1301 391 1328 419 4.
1347 389 1446 430 Super
1464 389 1498 429 [J
1501 389 1549 419 oh.
1566 389 1605 419 de
1621 388 1738 429 Balbis]
1759 388 1942 419 catholicon.
1966 399 1995 429 p.
2012 399 2079 419 111.

1300 441 1328 469 5.
1348 440 1394 470 De
1410 450 1443 470 re
1458 439 1672 480 grammatica,
1690 449 1728 469 ex
1744 438 1880 469 Britono.
1905 449 1936 478 p.
1954 439 2021 468 161.

1301 490 1330 521 6.
1348 490 1397 520 Ex
1413 490 1557 520 Johaune
1574 490 1776 520 Damasceno.
1799 501 1828 530 p.
1847 498 1916 528 ¹7¹-

1302 543 1331 573 7.
1350 542 1397 571 Ex
1413 541 1498 571 libris
1515 540 1545 571 S.
1557 540 1726 582 Augustini
1741 541 1782 570 ad
1794 540 1956 576 Orosium3
1980 540 2018 571 de
2029 540 2163 571 Civitate

1367 592 1446 629 Dei;
1470 592 1507 622 de
1524 591 1643 633 Spiritu
1659 595 1690 622 et
1707 591 1807 622 litera.
1830 602 1861 632 p.
1879 600 1946 630 174.

1302 646 1333 673 8.
1350 643 1398 674 De
1413 643 1604 684 temporibus
1619 642 1692 673 anni
1708 653 1746 672 ex
1761 642 1922 673 Januensi.
1946 653 1975 683 p.
1992 652 2060 682 191.

1302 695 1331 727 9.
1350 694 1400 724 Ex
1417 695 1448 724 S.
1462 693 1639 734 Augustino
1655 693 1693 723 de
1709 693 1851 724 doctrina
1867 693 2055 730 Christiana,
2073 693 2110 723 de
2129 693 2163 723 11-

1367 745 1441 775 bero
1465 744 1596 775 arbitrio
1620 748 1652 775 et
1676 748 1785 775 contra
1807 744 2003 785 Pelagianos,
2028 748 2088 775 etc.
2111 755 2163 785 pp.

1372 806 1439 836 ¹95,
1457 805 1527 835 253-

1284 848 1323 877 10
1350 846 1397 877 De
1414 847 1553 877 oratione
1569 845 1733 876 Dominica
1755 845 1921 876 seeundum
1944 844 2088 886 [Petrum
2105 846 2162 876 Co-

1368 898 1548 939 mestorcm]
1567 897 1749 938 magistrum
1766 896 1977 927 Historiarum
1997 896 2029 926 in
2049 897 2162 938 allego-

1368 949 1420 979 riis
1437 949 1510 979 suis.
1535 959 1565 989 p.
1582 949 1650 978 216.

1285 1001 1334 1030 11.
1353 1000 1401 1030 Ex
1420 999 1531 1041 [Petro
1550 999 1727 1029 Lombardo
1739 1002 1771 1028 et
1784 998 1879 1028 Petro
1891 998 2096 1041 Comestore]
2114 1010 2165 1040 pp.

1368 1060 1441 1092 300,
1457 1062 1533 1092 seqq.

1286 1104 1334 1133 12.
1352 1102 1401 1132 Ex
1415 1103 1542 1133 Summa
1553 1101 1681 1132 Thomae
1694 1101 1862 1142 Aquinatis
1879 1101 2037 1131 notabilia.
2054 1112 2165 1143 p.349.

1286 1155 1335 1184 18.
1356 1153 1514 1184 Notabilia
1540 1164 1632 1194 super
1658 1152 1735 1182 Rob.
1764 1152 1892 1183 Cowton
1917 1152 1948 1182 in
1978 1152 2164 1183 Sententias.

1370 1216 1399 1245 P·
1412 1214 1485 1245 455·

1287 1257 1336 1285 14.
1356 1255 1403 1285 Ex
1421 1255 1453 1286 C.
1473 1259 1504 1286 ct
1526 1255 1559 1285 T.
1582 1266 1623 1285 an
1645 1254 1774 1286 Cowton
1796 1259 1828 1285 et
1852 1254 1973 1286 Thoma
1994 1255 2163 1296 Aquinate.

1371 1318 1400 1347 p.
1419 1308 1490 1344 484.

1288 1359 1337 1388 15.
1356 1357 1404 1387 Ex
1421 1357 1598 1398 Augustino
1614 1357 1652 1387 (16
1667 1356 1795 1387 civitate
1811 1355 1869 1387 Dei
1887 1356 2015 1397 aliisque
2031 1356 2167 1397 ejusdem

1372 1409 1524 1450 operibus.
1548 1419 1578 1449 p.
1592 1417 1666 1448 524.

1290 1459 1338 1490 16.
1356 1459 1515 1490 Notabilia
1537 1470 1575 1490 ex
1596 1459 1735 1490 Roberto
1758 1458 1887 1495 Holcot,
1904 1458 2091 1499 Augustino,
2108 1462 2168 1489 etc.

1372 1522 1399 1552 P·
1417 1520 1488 1551 541⁹
1504 1521 1577 1551 seqq·

1288 1563 1338 1594 17.
1356 1561 1406 1591 Ex
1422 1561 1561 1602 epistolis
1576 1560 1763 1592 Cassiodori.
1787 1571 1816 1601 p.
1833 1561 1906 1601 588.

1289 1615 1338 1644 18.
1356 1613 1404 1643 Ex
1418 1612 1566 1643 Anselmo
1579 1612 1617 1642 de
1633 1623 1705 1642 casu
1724 1611 1848 1649 diaboli,
1862 1612 1900 1642 de
1914 1611 2055 1648 veritate,
2066 1623 2169 1643 mono-

1373 1663 1465 1704 logio,
1483 1668 1542 1694 etc.
1567 1674 1615 1704 pp.
1632 1671 1706 1703 593,
1723 1664 1792 1702 609.

1290 1715 1337 1748 19.
1356 1715 1456 1745 Index
1472 1714 1696 1757 alphabeticus.
1720 1725 1750 1755 p.
1766 1723 1838 1754 597.

1289 1768 1338 1797 ΩΟ.
1357 1765 1497 1807 Epistola
1508 1765 1730 1795 Universitatis
1741 1765 1840 1795 Oxou.
1853 1765 1891 1795 de
1902 1765 2108 1806 persolvendis
2118 1765 2168 1795 de-

1374 1817 1461 1848 cimis
1477 1817 1517 1847 ad
1532 1817 1683 1857 synodum
1701 1816 1937 1852 Londinensem,
1952 1825 2039 1854 1420.
2056 1827 2085 1856 p.
2097 1817 2167 1856 619.

1418 1868 1531 1899 Exstat
1555 1869 1693 1909 impress.
1718 1868 1748 1898 in
1773 1869 1813 1898 A.
1832 1867 1938 1898 Wood
1963 1867 2049 1898 Hist.
2067 1867 2166 1898 Oxon.

1396 1924 1479 1960 part.
1497 1929 1521 1949 1.
1539 1931 1568 1961 p.
1583 1928 1652 1949 210.

1419 1971 1456 2001 In
1469 1971 1561 2007 calce,
1575 1974 1595 1988 “
1608 1970 1649 2001 Ce
1665 1974 1713 2001 est
1725 1981 1820 2000 ouure
1837 1970 1926 2000 Sieur
1942 1970 1986 2000 M.
1999 1969 2085 2000 John
2098 1970 2169 2000 Cas-

1398 2021 1480 2053 t011.”

1636 2082 1834 2116 LXXVII.

1292 2146 1413 2181 Codex
1442 2145 1733 2183 membranaceus,
1761 2145 1795 2177 in
1824 2143 1916 2183 folio,
1943 2143 1977 2177 ff.
1997 2144 2077 2184 136,
2104 2155 2170 2178 sec.

1318 2204 1399 2241 xiii„
1419 2203 1501 2236 olim
1520 2202 1606 2235 liber
1619 2203 1663 2235 de
1678 2202 1929 2235 communitate
1947 2202 2091 2235 fratrum
2109 2203 2172 2235 mi-

1318 2272 1440 2294 norum
1460 2260 1617 2304 Salophr,
1632 2264 1752 2304 postea
1765 2270 1809 2292 ex
1823 2259 1961 2293 librario
1975 2260 2171 2293 monasterii

1319 2319 1361 2351 de
1391 2318 1578 2362 Hangmod
1607 2322 1765 2361 sumptus
1795 2322 1831 2350 et
1863 2317 2010 2350 Ricardo
2038 2317 2174 2350 Fowler

1320 2380 1542 2421 praesentatus
1559 2387 1580 2408 a
1596 2374 1619 2408 J
1623 2375 1757 2408 ohanne
1782 2374 1960 2414 Shelrock,
1979 2379 2112 2409 rectore
2130 2375 2172 2408 de

1320 2433 1529 2471 Smethcott,
1549 2435 1570 2466 4
1589 2432 1680 2478 Aug.
1702 2432 1807 2466 1606.

1338 2495 1366 2524 1.
1384 2493 1585 2534 Evangelium
1609 2493 1777 2523 secundum
1801 2493 1833 2524 S.
1849 2492 2050 2530 Matthaeum,
2066 2493 2174 2534 glossis

1402 2544 1623 2585 marginalibus
1639 2544 1950 2585 interlinearibusque
1965 2543 2128 2574 ordinariis
2141 2544 2173 2573 il-

1402 2595 1579 2625 lustratum.
1603 2595 1654 2624 sol.
1676 2605 1699 2624 1.

1445 2646 1481 2675 ln
1497 2646 1588 2681 calce,
1607 2650 1624 2662 “
1639 2645 1821 2686 Expliciunt
1837 2645 1994 2686 evangelia
2009 2646 2174 2675 secundum

1423 2697 1612 2733 Matthcum,
1629 2707 1743 2733 versus,
1761 2696 1911 2737 ij.111d.oc.”

1337 2749 1366 2778 Q.
1383 2748 1550 2778 Tractatus
1562 2748 1600 2778 de
1613 2753 1807 2778 sacramento
1818 2747 1926 2778 altaris
1937 2746 2000 2777 sive
2012 2747 2050 2777 de
2059 2757 2175 2777 canone

1425 2797 1538 2834 missae,
1551 2803 1582 2828 et
1595 2798 1632 2828 de
1648 2797 1735 2839 signo
1751 2798 1849 2828 crucis
1864 2796 1938 2827 inibi
1954 2797 2045 2828 facto.
2062 2797 2111 2826 sol.
2125 2806 2174 2838 50.
