2254 3117
393 149 439 185 76
945 143 1245 180 CATALOGUS
1271 145 1504 183 CODICUM
1531 147 1640 184 MSS.

475 251 540 276 tam
570 255 660 286 quain
690 244 728 274 de
753 243 814 273 alio
841 243 879 273 dc
905 253 990 274 more
1021 243 1136 274 Sancte
1165 243 1266 285 Scrip-

474 298 575 328 ture.”

495 347 599 378 Desin.
618 352 635 363 “
648 345 800 376 voluntati
818 345 944 375 Domini
961 345 1166 376 ministrare.''

388 499 505 532 Codex
536 497 828 536 membranaceus,
859 497 893 529 in
922 496 1016 536 folio,
1045 496 1078 530 ff.
1100 499 1180 536 143,
1199 509 1264 531 soc.

410 557 468 590 xii.
503 555 682 595 exeuntis;
717 554 798 587 olim
836 555 982 588 abbatia:⁴
1012 556 1047 588 S.
1071 555 1191 589 Mariae
1222 556 1265 590 (le

411 613 584 658 Ratliugis.

428 676 455 704 1.
473 674 505 704 S.
520 673 665 704 Matthaei
691 673 904 714 Evangeliuni,
929 673 1039 714 glossis
1063 673 1264 704 interlineari-

489 725 545 755 bns
561 724 843 765 marginalibus-pie
858 723 1054 754 instructum.
1078 724 1128 754 fol.
1149 734 1174 755 2.

531 775 627 815 Incip.
653 775 855 816 “Hystoria3
882 775 984 806 ,Iudas
1010 775 1118 806 babuit
1143 781 1207 806 tros
1230 775 1263 805 fi-

509 827 574 863 lios,
600 826 678 863 Her,
703 827 803 864 Onam,
827 827 920 863 Sela3
944 824 1031 858 dedit
1053 831 1157 858 autem
1183 827 1262 857 Tha-

509 879 607 908 mar.”

425 931 453 960 2.
471 929 564 960 Liber
579 929 806 971 evangeliorum
828 929 995 960 secundum
1014 929 1166 967 Marcum,
1182 930 1261 971 glos-

487 980 528 1011 sis
544 980 712 1011 instructus
729 981 893 1022 perpetuis.
918 980 970 1012 fol.
987 991 1036 1021 91.

531 1031 627 1072 Incip.
645 1036 662 1048 “
678 1031 805 1061 Marcus
817 1031 1007 1073 evangelista,
1018 1031 1086 1065 Dei.
1102 1032 1187 1062 l'etri
1201 1032 1260 1062 dis-

507 1082 632 1123 cipulus,
652 1082 807 1113 Leviticns
822 1083 962 1124 genere.”

422 1134 450 1163 53.
469 1132 610 1174 Origenis
633 1133 759 1164 homilia
773 1133 803 1163 in
820 1134 914 1170 istud,
933 1138 939 1150 ι
956 1133 993 1164 111
1017 1134 1166 1175 principio
1191 1139 1260 1166 crat

488 1184 648 1215 Verbum?
671 1184 721 1214 fol.
740 1194 806 1226 132.

529 1233 625 1275 Incip.
644 1238 660 1250 ²⁶
675 1234 747 1264 Vox
764 1234 932 1275 spiritualis
947 1235 1080 1275 aquile.’'

528 1283 714 1325 Sequuntur,
732 1296 823 1315 manu
839 1285 938 1316 altera
955 1286 1008 1316 scd
1024 1286 1164 1327 antiqua,
1179 1286 1259 1327 glos-

506 1335 579 1366 sulae
604 1336 634 1365 in
659 1336 744 1366 Juris
771 1336 917 1367 Canonici
945 1337 1050 1378 capita
1075 1338 1192 1378 aliquot
1220 1338 1258 1369 dc

505 1387 711 1425 matrimonio,
725 1392 783 1418 etc.
800 1388 890 1429 incip.
910 1392 927 1405 “
941 1388 973 1419 Si
987 1389 1054 1429 quis
1070 1390 1258 1430 presbytei·.”

527 1437 562 1467 In
579 1449 647 1479 pag.
670 1448 692 1468 1.
710 1442 852 1469 notatum
869 1443 926 1476 est,
944 1444 962 1456 “
976 1439 1037 1470 Hic
1058 1444 1105 1470 est
1126 1440 1203 1470 liber
1225 1440 1255 1471 S.

506 1489 606 1520 Marie
623 1490 660 1520 dc
676 1490 843 1532 Radingis;
869 1502 959 1532 quem
976 1491 1028 1532 qui
1049 1492 1194 1523 celaverit
1210 1493 1255 1523 vel

504 1540 644 1571 fraudem
660 1541 697 1572 de
713 1553 749 1572 eo
764 1542 882 1578 fecerit,
899 1542 1067 1573 anatliema.
1082 1542 1155 1573 sit.”

694 1634 933 1669 CCCXVIII.

376 1694 722 1735 Menib1·auaceus‚in
741 1697 832 1736 folio,
847 1697 880 1730 ff.
898 1700 976 1737 128,
996 1708 1062 1731 sec.
1076 1698 1144 1737 xii„
1164 1697 1252 1731 binis

399 1753 567 1787 columnis
584 1755 693 1787 nitide
711 1760 890 1794 exaratus,
915 1755 950 1788 in
969 1755 1062 1789 calce
1081 1756 1234 1790 mutilus.

416 1818 556 1859 Origenis
586 1819 756 1859 presbytcri
786 1819 818 1849 in
850 1820 880 1850 S.
903 1820 992 1850 Pauli
1022 1821 1061 1850 ad
1093 1820 1250 1851 Romanos

436 1869 596 1910 epistolam
618 1871 865 1907 commentarius,
881 1882 919 1901 ex
940 1871 1043 1901 Rufini
1065 1871 1249 1912 interpreta-

435 1921 529 1957 tione,
546 1932 614 1951 cum
631 1921 808 1962 interpretis
822 1922 1015 1963 pra-satione.

478 1972 538 2002 Tit.
565 1976 582 1989 ‘⁴
598 1972 712 2013 Incipit
736 1973 867 2014 prefatio
895 1974 996 2004 Rufini
1021 1974 1184 2015 presbiteri
1209 1975 1248 2004 ad

456 2023 611 2053 Eracliuni
629 2023 658 2053 in
674 2024 867 2066 expositione
883 2025 1024 2066 Origcnis
1040 2026 1071 2055 in
1087 2025 1248 2066 epistolam

457 2075 544 2105 Pauli
564 2075 603 2105 ad
628 2075 785 2106 Romanos
806 2077 845 2106 ab
871 2077 937 2117 ipso
961 2077 1073 2107 Rufino
1089 2078 1127 2107 de
1149 2078 1248 2108 Greco

454 2126 484 2155 in
502 2125 648 2156 Latinum
665 2127 848 2158 translata.”

477 2176 570 2217 Incip.
590 2177 786 2208 “Volentenl
812 2190 860 2209 1116
886 2181 1023 2219 parvo;”
1056 2184 1090 2210 ut
1116 2180 1145 2209 in
1170 2179 1245 2210 edit.

457 2228 555 2257 Paris.
572 2237 662 2269 1750,
678 2233 752 2259 toni.
767 2229 805 2259 iv.
822 2241 852 2270 p.
866 2231 937 2271 458.

475 2279 571 2309 Defic.
587 2279 618 2309 in
635 2280 744 2315 verbis,
762 2286 779 2297 ⁴⁴
793 2280 844 2311 Ita
860 2292 933 2322 ergo
956 2284 988 2311 et
1009 2284 1148 2321 potestas
1171 2281 1246 2310 divi-

453 2330 499 2360 nis
515 2331 592 2361 adeo
608 2331 647 2361 da

703 2413 899 2447 CCCXIX.

370 2468 667 2509 anbrauaccus,
703 2472 737 2504 in
774 2471 865 2511 folio,
900 2471 933 2505 fl‘.
961 2475 1042 2511 128,
1077 2483 1143 2505 sec.
1173 2472 1243 2511 xii..

393 2528 502 2569 quoad
532 2534 663 2572 partein
691 2530 839 2573 priorem
871 2530 959 2562 binis
977 2529 1146 2571 columnis
1165 2540 1243 2562 exa-

393 2590 503 2621 ratus:
531 2587 563 2618 in
584 2587 680 2619 initio
695 2587 850 2620 muribus
868 2587 1084 2631 aliquantum
1099 2598 1242 2621 arrosus.

413 2650 438 2679 1.
458 2649 550 2679 Liber
568 2650 674 2691 Magni
691 2651 809 2681 Aurelii
827 2651 1002 2681 Cassiodori
1024 2651 1184 2681 Senatoris
1205 2652 1242 2681 (16

472 2700 718 2731 institutionibus
730 2702 901 2732 divinarum
914 2702 1088 2733 litterarum
1099 2714 1107 2738 3
1131 2702 1242 2743 praevia

472 2751 578 2781 tabula
594 2752 806 2792 capitulorum.
830 2753 880 2783 fol.
898 2763 923 2783 1.

1809 249 1826 261 59

1448 246 1544 288 Incip.
1562 251 1580 263 “
1592 247 1670 278 Cum
1683 247 1805 283 studia3
1850 251 1885 279 ut
1899 248 1930 279 in
1946 249 2020 280 edit.
2037 250 2175 291 impress.

1341 297 1371 326 2.
1390 296 1482 327 Liber
1512 296 1625 327 Isidori
1657 297 1851 338 Hispalensis
1882 299 1920 329 de
1957 299 2042 330 libris
2080 300 2198 332 Divinae

1406 348 1584 389 Scripturae.
1607 348 1658 378 fol.
1675 350 1722 379 16.

1447 399 1542 440 Incip.
1562 405 1579 416 ⁴⁵
1593 399 1642 429 Dc
1654 399 1802 429 librorum
1819 400 1887 430 novi
1899 399 1927 435 ;”
1951 405 1985 431 ut
1999 400 2030 431 in
2043 401 2115 432 edit.
2132 402 2198 433 Ma-

1425 449 1491 480 trit.
1509 460 1596 489 1599,
1613 453 1688 480 tom.
1705 449 1736 480 ii.
1752 461 1782 490 p.
1794 460 1867 490 310.

1340 501 1368 530 3.
1386 499 1533 541 Ejusdem
1550 500 1627 530 liber
1643 501 1681 530 de
1696 504 1768 531 ortu
1782 505 1814 531 et
1827 501 1915 531 obitu
1930 501 2070 532 Patrum.
2087 502 2136 533 fol.
2150 513 2197 544 23.

1446 551 1542 592 Incip.
1567 552 1802 591 “Quorundam
1824 552 2010 583 Sanctorum
2020 553 2049 588 3³⁵
2071 557 2107 584 ut
2126 555 2195 586 ibid.

1424 606 1500 632 toni.
1518 602 1547 633 ii.
1564 614 1594 643 p.
1610 613 1679 643 139.

1339 654 1367 682 4.
1385 652 1532 692 Ejusdem
1555 654 1720 695 Allegoriae
1743 654 1847 685 Sacrae
1872 655 2041 696 Scripturae
2061 656 2101 686 ad
2122 657 2197 687 Oro—

1401 704 1490 734 sium.
1514 705 1564 735 fol.
1578 715 1629 745 31.

1444 755 1540 797 Incip.
1558 761 1576 773 “
1589 756 1738 795 Quaedam
1754 756 1956 793 notissin1a;”
1983 762 2018 788 ut
2033 757 2107 788 ibid.
2123 762 2195 789 tom.

1421 806 1450 836 ii.
1469 818 1496 848 p.
1513 816 1582 847 237.

1444 857 1480 887 In
1497 858 1589 894 calco,
1608 864 1626 875 ‘⁵
1640 858 1779 900 Explicit
1798 859 1877 889 liber
1894 859 2022 889 Ysidori
2043 860 2195 902 Spalensis

1420 909 1555 950 episcopi
1582 910 1620 940 (le
1641 909 1919 951 significationibus
1942 911 2136 951 quorundam
2155 912 2194 942 vi-

1421 971 1526 990 rorum
1542 961 1751 992 sanctoruni.”

1335 1012 1364 1040 5.
1382 1010 1529 1051 Ejusdem
1553 1011 1629 1042 libor
1645 1012 1682 1042 (16
1708 1012 1850 1053 catalogo
1867 1013 2001 1043 virorum
2021 1013 2193 1051 illustrium,

1399 1062 1552 1103 capitibus
1568 1063 1651 1093 xxxi.
1676 1063 1725 1094 fol.
1739 1064 1779 1104 38
1797 1064 1825 1094 b.

1440 1114 1537 1155 Incip.
1555 1119 1574 1132 ‘⁶
1590 1115 1682 1145 Osins
1698 1115 1908 1146 Cordubensis
1920 1115 1948 1152 ;”
1971 1119 2007 1146 ut
2029 1115 2102 1146 ibid.
2120 1119 2192 1147 tom.

1419 1165 1449 1195 ii.
1467 1176 1516 1206 pp.
1536 1167 1709 1206 118—129,
1726 1167 1780 1197 scd
1797 1166 1904 1197 ordine
1919 1166 2048 1197 diverso.

1334 1265 1362 1296 6.
1382 1267 1524 1308 Hugonis
1541 1268 1578 1298 de
1595 1268 1711 1299 Sancto
1724 1268 1854 1299 Victore
1869 1269 1907 1299 de
1923 1268 1994 1299 fidei
2010 1269 2192 1300 Christianae

1398 1318 1608 1349 Sacrainontis
1630 1318 1708 1349 liber
1735 1318 1765 1348 in
1792 1323 1898 1359 partes
1923 1319 1975 1349 xii.
2000 1319 2190 1357 distributus,

1397 1380 1465 1399 cum
1478 1369 1660 1410 praefationo
1671 1374 1702 1400 et
1714 1370 1821 1400 tabula
1832 1370 2038 1411 capitulorum
2048 1371 2190 1402 omnium.

1396 1422 1446 1453 fol.
1460 1433 1511 1463 43.

1438 1473 1500 1504 Tit.
1518 1478 1535 1490 ‘⁴
1550 1473 1663 1515 Incipit
1680 1474 1825 1515 prologus
1841 1473 1911 1504 libri
1928 1474 1966 1505 de
1983 1474 2190 1506 Sacramentis

1415 1524 1456 1554 ab
1472 1524 1559 1555 initio
1575 1536 1671 1566 usque
1686 1525 1718 1555 in
1734 1526 1838 1562 finem,
1854 1525 1885 1555 in
1898 1537 1991 1556 unam
2007 1526 2117 1557 seriem
2132 1527 2190 1557 dis-

1398 1614 1401 1617 ·
1417 1575 1556 1617 positis.”

1437 1627 1533 1668 Incip.
1552 1633 1569 1644 ⁸*
1588 1627 1714 1657 Librum
1732 1628 1770 1658 (lc
1790 1628 2000 1659 Sam-amentis
2016 1628 2188 1659 Christiane

1414 1677 1485 1708 fidei
1502 1678 1606 1709 studio
1619 1679 1813 1720 quorundam
1826 1678 1960 1709 scribere
1971 1679 2000 1714 ;''
2025 1684 2061 1710 ut
2073 1679 2104 1710 in
2115 1679 2186 1710 edit.

1416 1728 1528 1759 Venet.
1546 1730 1634 1770 1588,
1652 1734 1727 1760 tom.
1741 1730 1782 1760 iii.
1800 1741 1828 1771 p.
1844 1730 1913 1760 218.

1432 1780 1529 1811 Defic.
1553 1781 1584 1811 in
1605 1781 1717 1818 vorbis,
1734 1786 1754 1798 ‘³
1768 1785 1897 1823 propter
1915 1782 1998 1822 quod
2018 1781 2186 1812 necessaria

1410 1831 1486 1862 suiff'

1653 1897 1832 1931 CCCXX.

1303 1960 1423 1993 Codex
1453 1960 1747 2001 nmmbranaceus,
1776 1961 1811 1993 in
1839 1960 1932 2000 folio,
1962 1960 1996 1993 ff.
2017 1962 2096 1999 177,
2119 1970 2182 1993 sec.

1328 2018 1441 2052 forsan
1468 2018 1514 2051 ix.
1543 2018 1723 2058 exeuntis3
1763 2018 1846 2051 olim
1877 2018 2070 2052 Alexandri
2100 2017 2182 2050 Bar-

1327 2076 1426 2109 cham
1440 2076 1480 2121 (ἲ)
1500 2076 1590 2109 bene
1609 2081 1770 2110 exaratus
1789 2081 1824 2110 et
1842 2081 2008 2110 servatus.

1345 2144 1374 2174 S.
1393 2144 1516 2181 Isidori,
1533 2144 1668 2185 episcopi
1694 2144 1899 2185 Hispalensis,
1917 2144 2179 2186 Etymologiarum

1364 2196 1451 2232 libor,
1467 2196 1581 2236 praevia
1596 2196 1705 2236 cuique
1721 2196 1804 2236 parti
1820 2196 2027 2237 capitulorum
2043 2195 2157 2227 tabula.

1408 2246 1506 2288 Incip.
1532 2250 1551 2264 ‘⁵
1568 2246 1740 2287 Disciplina
1762 2258 1781 2277 a
1800 2246 1946 2277 discendo
1970 2257 2078 2277 novem
2103 2244 2178 2276 acci-

1384 2298 1431 2339 pit
1441 2299 1470 2332 ;”
1493 2302 1529 2328 ut
1544 2298 1575 2328 in
1592 2298 1667 2328 edit.
1682 2298 1822 2339 impress.
1838 2299 1926 2336 1617,
1943 2309 1971 2338 p.
1987 2307 2012 2327 1.

1366 2344 1373 2351 ’
1408 2349 1657 2386 l‘raemittuntur,

1319 2410 1347 2429 a.
1365 2399 1483 2430 Versus
1499 2400 1629 2441 triginta
1645 2399 1791 2441 elegiaci;
1817 2400 1906 2441 incip.

1342 2459 1358 2467 ⁵·
1372 2451 1527 2481 Soriccuin
1544 2456 1668 2492 tegmen
1683 2451 1875 2492 gemmantia
1891 2454 1976 2481 tecta
1990 2449 2141 2485 laconum,

1372 2502 1509 2532 Pellibus
1524 2502 1650 2532 hircinis
1665 2502 1888 2543 aequiparanda
1904 2501 2042 2542 loquor.”

1318 2554 1346 2584 b.
1364 2554 1517 2594 Capitula.
1542 2554 1593 2584 fol.
1609 2564 1636 2585 2.

1317 2616 1341 2635 c.
1360 2605 1471 2636 Isidori
1487 2609 1519 2636 et
1535 2605 1711 2636 Braulionis
1727 2605 1864 2646 epistola}
1878 2605 2011 2646 quinque
2026 2606 2149 2633 mutuae.

1639 2688 1839 2723 CCCXXI.

1296 2749 1596 2791 Mcinbranaceus,
1617 2751 1650 2784 in
1668 2753 1737 2784 lto.
1758 2750 1790 2783 ff.
1807 2753 1889 2791 225,
1904 2761 1970 2784 sec.
1986 2749 2066 2787 xiii„
2085 2747 2170 2781 binis
