2254 3117
335 177 379 207 12
887 171 1187 206 CATALOGUS
1214 172 1447 207 CODICUM
1476 172 1584 206 MSS.

374 275 402 304 9.
421 272 513 302 Liber
528 271 666 302 Danielis
682 270 852 311 prophetae.
877 269 929 300 sol.
948 280 1016 309 144.

481 322 545 353 Tit.
564 321 679 359 Δανιὴλ
697 322 767 351 κατὰ
784 322 978 351 Θεοὸοτίωυα.

354 384 401 412 10.
420 383 568 413 Susannae
584 380 723 415 historia,
742 380 795 411 Bel
812 385 843 411 et
860 379 1021 410 Draconis.
1046 379 1096 410 fol.
1114 380 1182 419 156.

355 442 401 470 11.
421 440 566 481 Epitome
593 443 752 480 gestorum
782 450 888 480 regum
920 438 941 469 J
945 439 1013 470 udae
1043 442 1076 470 ct
1103 438 1210 469 Israel.

438 492 489 522 sol.
505 491 572 531 158.

479 542 543 572 Tit.
563 542 625 572 ἔστι
641 543 671 571 δὲ
688 543 723 571 τὰ
739 542 869 579 ὀνόματα
886 545 942 572 τῶν
953 541 1106 579 βασιλέων
1118 540 1213 572 Ἰουδᾶ

460 594 505 623 καὶ
520 595 570 622 τοῦ
582 593 703 631 Ἰσραὴλ
715 592 761 622 καὶ
774 593 875 623 ὁποῖον
889 595 937 630 τῆς
950 592 1073 622 ἑκάστου
1085 591 1213 631 πράξεως

458 643 489 673 τὸ
506 642 592 675 τέλος
608 644 654 673 καὶ
670 644 749 674 πόσα
765 644 887 676 ἕκαστος
901 645 1099 682 ἐβασίλευσεν
1116 644 1164 680 ἔτη
1177 643 1214 674 ὡς

459 696 490 725 ἐν
507 696 626 733 ἐπιτόμῃ
644 698 760 733 λαβεῖν.

480 746 577 787 Incip.
601 748 673 784 μετὰ
696 746 728 775 τὸ
752 747 917 776 ἀπόλεσθαι
939 747 991 777 τὸν
1007 746 1105 777 Σαοὺλ
1123 749 1211 783 βασι-

459 799 608 827 λεύσαντα
624 797 672 835 ἔτη
687 796 726 835 μ’.

479 847 585 878 Desin.
619 849 651 878 ἐν
677 849 788 879 τούτοις
814 848 865 877 οὖν
893 848 939 878 καὶ
965 848 1087 887 τελευτᾷ
1114 848 1129 876 ὁ
1159 849 1213 878 πᾶς

458 899 565 930 σκόπος
581 901 638 928 τῶν
654 896 677 928 δ’
692 898 822 935 βιβλίων
840 901 897 927 τῶν
912 898 1084 935 βασιλείων.

354 960 400 988 le.
419 958 545 989 Eusebii
570 957 725 999 Pamphili
752 968 790 988 ex
816 957 1075 998 interpretatione
1100 957 1210 996 psalmi

436 1009 615 1050 octogesimi
633 1008 723 1039 sexti.
748 1008 798 1038 sol.
820 1018 875 1048 159
893 1009 921 1038 b.

479 1060 541 1091 Tit.
560 1060 706 1097 Εὐσεβίου
719 1062 769 1089 τοῦ
782 1061 943 1098 Παμφίλου
956 1061 987 1089 ἐκ
1000 1061 1047 1096 τῆς
1061 1060 1211 1097 ἑρμηνείας

457 1114 506 1142 τοῦ
522 1111 570 1146 πς’
585 1113 717 1150 ψαλμοῦ.

353 1173 398 1202 13.
416 1171 520 1212 Cyrilli
536 1170 740 1201 Alexandrini
754 1170 896 1211 quaedam
910 1170 939 1199 in
953 1170 1055 1200 Esaiae
1071 1170 1210 1200 visiones.

439 1223 489 1253 fol.
507 1221 574 1253 160.

479 1275 541 1304 Tit.
561 1274 707 1312 Κυρίλλου
732 1274 959 1312 ἀρχιεπισκόπου
977 1273 1210 1311 Ἀλεξανδρείας,

459 1326 522 1356 οὐαὶ
545 1326 597 1364 γῆς
619 1325 730 1354 πλοίων
753 1324 903 1362 πτέρυγες,
921 1324 1055 1354 ἐπέκεινα
1075 1327 1212 1361 ποταμῶν

458 1377 610 1410 αἷθιοπίας,
629 1377 675 1406 καὶ
690 1378 725 1406 τὰ
742 1377 813 1413 ἓξης.

480 1428 517 1458 In
541 1427 632 1461 calce,
653 1427 738 1458 τέλος
763 1426 818 1456 σὺν
839 1428 906 1467 Θεῷ
931 1426 963 1463 ἓξ
986 1427 1031 1456 καὶ
1051 1426 1118 1456 δέκα
1142 1439 1209 1464 προ-

459 1478 558 1517 φήτου.

354 1541 402 1569 14.
422 1537 669 1568 Maccabaeorum
686 1537 754 1566 libri
771 1544 843 1567 tres.
869 1537 918 1566 fol.
938 1538 1005 1566 161.

479 1589 539 1619 Tit.
558 1588 577 1618 i.
594 1590 716 1626 βιβλίον
732 1589 914 1619 ἀποστασίας
930 1589 1124 1625 Μακαβαίων.

354 1652 402 1681 15.
421 1649 519 1680 Flavii
540 1648 671 1688 Joseplii
688 1647 726 1678 de
742 1647 862 1678 ratione
878 1647 996 1688 imperii
1013 1646 1132 1677 libellus
1148 1646 1210 1676 sive

436 1700 473 1730 de
492 1698 688 1729 Maccabaeis.
712 1698 763 1728 fol.
779 1698 847 1728 208.

479 1750 540 1780 Tit.
556 1749 699 1787 Ἰωσήπου
715 1750 779 1787 περὶ
795 1749 947 1787 σώφρονος
962 1751 1115 1787 λογισμοῦ.

353 1811 401 1841 16.
421 1809 564 1846 Libellus,
578 1809 629 1850 qui
646 1809 759 1839 dicitur
773 1810 970 1847 Πολεμαικόιν,
989 1808 1066 1851 [scil.
1080 1808 1209 1849 Josephi

435 1860 608 1902 Antiquitt.
626 1859 752 1890 Judaic.
777 1859 829 1890 lib.
848 1860 899 1890 xii.
921 1860 1025 1900 capita
1045 1860 1206 1900 quatuor.]

437 1913 487 1943 sol.
504 1912 563 1943 218
576 1912 604 1942 b.

478 1963 583 1994 Desin.
601 1963 631 1992 in
647 1962 747 1992 verbis
763 1973 830 2002 cap.
846 1973 872 1991 v.
898 1961 1070 2000 διηγήσομαι
1091 1963 1121 1991 δὲ
1139 1963 1209 1992 κατὰ

457 2015 542 2053 μέρος
567 2016 603 2044 τὰ
632 2013 719 2053 [edit.
747 2012 891 2047 Hudson,
919 2017 992 2042 tom.
1010 2012 1027 2042 i.
1053 2023 1082 2053 p.
1099 2021 1171 2053 532,
1189 2012 1206 2042 l.

463 2066 521 2106 18,]
546 2067 616 2095 κατὰ
635 2064 790 2103 Ἀντίοχοι*
807 2063 859 2093 τὸυ
876 2063 1034 2101 Ἐπιφανῆ,
1056 2063 1087 2095 ὃς
1107 2063 1159 2101 τήν
1179 2076 1209 2093 τε

456 2117 599 2147 Ἰουδαίαν
616 2116 793 2155 ἐχειρώσατο
807 2115 852 2144 καὶ
868 2115 919 2144 τὸν
935 2115 1006 2143 ναὸν
1023 2115 1161 2151 ἐμίαιιέν,
1178 2115 1210 2144 ἐν

456 2170 488 2206 τῇ
504 2171 560 2198 τῶν
578 2167 779 2204 Μακκαβαίων
794 2167 904 2205 βιβλῲ.

708 2257 824 2290 XLV.

330 2319 449 2352 Codex
468 2317 759 2351 membranaceus,
779 2316 813 2348 in
833 2314 914 2348 folio
934 2316 1066 2353 minori,
1083 2316 1209 2351 st1242,

356 2389 421 2409 sec.
441 2377 509 2409 xiv.
529 2375 712 2413 exeuntis3
731 2374 820 2406 binis
838 2372 1007 2406 columnis
1026 2380 1196 2407 exaratus.

372 2437 505 2467 Simonis
521 2436 558 2465 dc
581 2435 743 2471 Hentona,
762 2434 823 2464 sive
850 2433 1023 2466 Harneton,
1048 2433 1122 2463 Ord.
1148 2434 1209 2463 Do-

392 2487 504 2522 minio„
524 2485 659 2516 Moralia
680 2485 742 2515 sive
767 2484 902 2514 Postillae
926 2495 1017 2525 super
1041 2485 1209 2524 prophetas

393 2537 554 2568 duodecim
570 2536 714 2572 minores,
731 2535 857 2570 scilicet,

374 2595 399 2623 l.
420 2593 455 2623 In
474 2592 622 2627 Hoscam,
640 2591 761 2633 praeviis
777 2590 907 2621 introitu
924 2595 956 2620 et
972 2590 1107 2631 prologo.
1133 2591 1183 2621 fol.

477 2643 573 2684 Incip.
604 2643 722 2673 introit.
758 2648 775 2657 ‘⁴
794 2642 1045 2672 Fundamentum
1076 2641 1207 2682 primum

456 2694 574 2735 Jaspis,
587 2699 646 2724 otc.
695 2694 757 2724 Per
772 2694 848 2724 istos
868 2702 902 2723 12
920 2693 1038 2734 lapides
1054 2693 1207 2733 preciosos

462 2756 467 2775 ι
480 2755 493 2775 2
511 2746 661 2786 prophete
676 2744 879 2786 figurantur.”

480 2797 577 2837 Incip.
605 2796 680 2836 prol.
714 2802 731 2811 ¹¹
747 2797 780 2825 ln
807 2795 933 2837 prologo
957 2794 1036 2824 Osee
1062 2794 1207 2824 scribitur

1391 269 1507 310 Accipe
1522 268 1578 299 tibi
1595 279 1724 298 uxorem
1743 268 1951 307 fornicariam,
1969 271 2049 301 unde
2067 272 2139 302 Ysi-

1391 321 1494 357 dorus,
1511 320 1709 350 Fornicatrix
1721 324 1769 351 est
1785 321 1872 361 cujus
1883 325 1971 352 torus
1986 323 2140 363 publicum

1390 376 1438 402 est
1453 376 1485 402 et
1501 371 1656 412 vulgare.”

1414 422 1511 463 Incip.
1523 432 1686 453 comment.
1705 428 1722 437 “
1735 422 1823 453 Dixit
1834 423 1986 454 Dominus
1995 425 2034 454 ad
2046 425 2141 462 Osee3

1392 474 1567 504 Secundum
1594 473 1789 504 -Jeronimum
1814 474 1893 505 Osee
1916 475 2142 516 interpretatur

1391 524 1563 555 Salvator.”

1410 576 1447 605 In
1463 575 1556 611 calce,
1574 581 1592 590 ‘¹
1606 575 1785 616 Expliciunt
1804 576 1938 607 Moralia
1955 588 2047 618 super
2063 577 2141 608 Osee

1391 627 1573 667 proplietam
1595 627 1762 657 secundum
1780 628 1909 658 fratrem
1925 628 2090 669 Symonem
2105 629 2143 659 de

1392 678 1571 709 Hentona.”

1307 736 1333 764 2.
1354 735 1392 764 In
1408 734 1539 771 Joelem,
1555 745 1624 764 cum
1637 734 1778 765 introitu.
1802 734 1852 765 sol.
1868 744 1915 776 23.

1414 785 1512 827 Incip.
1528 785 1647 816 introit.
1672 791 1690 800 “
1704 786 1879 816 Secundum
1901 796 1973 816 vero
1994 786 2142 827 Saphirus

1391 847 1451 878 quo
1467 836 1621 877 propheta
1636 837 1657 866 J
1661 836 1706 867 oel
1723 836 1943 878 significatur.''

1412 888 1509 929 Incip.
1520 891 1684 919 comment.
1699 888 1893 918 “Residuum
1906 899 1995 918 eruce
2008 888 2142 919 comedit

1390 939 1525 975 locusta;
1539 939 1702 971 Sciendum
1713 944 1760 970 est
1768 939 1849 980 quod
1861 950 1953 970 eruca
1963 939 2141 980 equivocum

1390 991 1467 1021 cst.”

1414 1043 1452 1072 In
1482 1043 1575 1079 calce,
1606 1048 1623 1057 '‘
1642 1041 1778 1082 Explicit
1808 1041 1877 1072 Jocl
1907 1042 1946 1072 de
1976 1042 2142 1072 moralibus

1391 1094 1557 1124 secundum
1573 1093 1703 1124 fratrem
1719 1094 1882 1134 Symonem
1899 1093 1937 1124 dc
1953 1093 2132 1124 Hentona.”

1305 1151 1333 1180 3.
1354 1151 1390 1180 In
1416 1150 1525 1186 Amos,
1552 1160 1620 1179 cum
1648 1148 1777 1179 introitu
1800 1152 1832 1179 ct
1855 1148 1989 1190 prologis
2012 1149 2141 1180 duobus.

1370 1200 1420 1230 fol.
1436 1210 1477 1241 30
1493 1200 1522 1230 b.

1414 1250 1511 1290 Incip.
1525 1250 1641 1280 introit.
1656 1256 1674 1265 “
1686 1249 1813 1280 Tercius
1824 1250 2045 1285 Calcedonius;
2064 1250 2141 1280 sicut

1391 1313 1410 1331 a
1425 1300 1575 1342 principio
1591 1301 1708 1331 dictum
1724 1305 1772 1331 est
1787 1311 1843 1342 per
1862 1310 1897 1330 12
1914 1300 2062 1342 lapides.”

1414 1353 1509 1394 Incip.
1527 1352 1604 1394 prol.
1623 1353 1641 1382 i.
1662 1358 1680 1367 ‘¹
1692 1352 1783 1383 Ozias
1799 1363 1872 1386 rex3
1893 1352 1959 1382 Iste
1979 1363 2033 1382 rex
2049 1352 2143 1382 voluit

1388 1408 1623 1445 presumptuose
1639 1403 1724 1444 fungi
1740 1402 1945 1434 sacerdotio.”

1412 1455 1509 1496 Incip.
1526 1455 1601 1496 prol.
1619 1455 1649 1485 ii.
1668 1460 1685 1469 “
1700 1454 1797 1485 Amos
1810 1458 1936 1495 pastor;
1954 1454 2066 1496 quippe
2082 1466 2142 1485 non

1390 1510 1513 1547 poterat
1529 1506 1683 1547 propheta
1698 1516 1776 1540 esse,
1794 1505 1872 1536 sicut
1889 1505 2037 1536 dictum.’'

1414 1558 1511 1599 Incip.
1529 1563 1693 1588 comment.
1712 1557 1895 1587 “Dominus
1911 1557 1949 1587 de
1966 1557 2067 1598 Syon;
2091 1557 2141 1587 Je-

1339 1641 1343 1644 ,
1390 1609 1534 1643 τοηίιιωε,
1564 1607 1715 1638 Naturale
1741 1612 1788 1638 est
1819 1612 1854 1638 ut
1878 1618 1984 1638 omnes
2006 1608 2141 1638 artifices

1389 1671 1442 1691 sue
1458 1659 1565 1691 artis.”

1411 1711 1447 1742 In
1463 1711 1556 1747 calce,
1574 1717 1591 1726 ¹‘
1606 1710 1788 1752 Expliciunt
1799 1709 1929 1740 moralia
1939 1720 2031 1751 super
2042 1711 2141 1740 Amos

1388 1763 1572 1804 prophetam
1589 1762 1757 1793 secundum
1771 1762 1901 1792 fratrem
1923 1761 2088 1802 Symonem
2104 1761 2141 1792 (le

1389 1813 1567 1845 Hentona.”

1304 1873 1332 1901 4.
1354 1872 1391 1900 In
1404 1870 1550 1904 Abdiam,
1564 1879 1634 1899 cum
1647 1868 1776 1899 introitu
1789 1876 1820 1898 et
1833 1868 1970 1909 prologo.
1994 1868 2046 1898 fol.
2057 1879 2098 1909 50
2110 1869 2137 1898 b.

1411 1921 1508 1962 Incip.
1539 1919 1657 1950 introit.
1685 1919 1969 1950 “Fundamentum
1995 1924 2138 1961 quartum

1389 1972 1598 2013 Smarag‹lus;
1618 1972 1708 2001 Inter
1727 1980 1763 2001 12
1779 1970 1930 2010 lapides.'’

1411 2024 1508 2065 Incip.
1519 2023 1598 2064 prol.
1616 2029 1633 2038 “
1648 2023 1829 2063 Sepulcrum
1841 2022 1907 2064 ejus
1920 2033 2016 2064 usque
2028 2023 2136 2057 hodie;

1390 2077 1427 2106 In
1448 2075 1576 2117 prologo
1599 2074 1709 2111 Abdie‚
1730 2075 1797 2105 Iste
1815 2074 1896 2104 enim
1917 2074 2037 2106 Abdias
2060 2075 2140 2105 inter

1388 2126 1584 2169 proplietas.”

1411 2178 1508 2218 Incip.
1525 2181 1688 2208 comment.
1715 2182 1734 2192 “
1748 2176 1838 2207 Visio
1861 2177 1982 2212 Abdie;
2009 2177 2138 2218 Spiritu-

1388 2230 1478 2260 alitcr
1494 2229 1551 2259 lioc
1567 2234 1615 2259 est
1630 2227 1832 2258 certissime.”

1409 2280 1444 2310 In
1460 2280 1554 2316 calce,
1572 2278 1782 2320 “Expliciunt
1805 2278 1933 2309 moralia
1955 2289 2047 2320 super
2071 2279 2135 2309 Ab·

1388 2332 1470 2362 diam
1486 2331 1670 2372 prophetam
1683 2330 1709 2366 ;”
1727 2334 1786 2360 etc.

1303 2382 1332 2416 5⁴.
1354 2388 1390 2417 ln
1405 2386 1530 2420 Jonam,
1548 2396 1616 2416 cum
1633 2385 1762 2416 introitu
1777 2389 1808 2415 ct
1824 2385 1961 2426 prologo.
1984 2384 2035 2415 fol.
2052 2394 2101 2425 54.

1410 2439 1508 2479 Incip.
1538 2438 1655 2468 introit.
1690 2442 1707 2452 “
1723 2436 1871 2476 Quintum
1902 2436 2135 2467 fundamentum

1387 2489 1550 2525 sardonix„
1567 2494 1599 2519 et
1615 2489 1692 2518 bene
1708 2498 1762 2528 per
1778 2487 1977 2518 Sardonicem
1992 2487 2013 2517 J
2015 2487 2118 2517 onas.⁷'

1410 2541 1507 2581 Incip.
1525 2540 1601 2581 prol.
1621 2546 1639 2555 ‘¹
1655 2539 1744 2569 Nunc
1759 2539 1886 2579 cognovi
1900 2539 1981 2579 quod
1997 2538 2043 2568 vir
2059 2537 2136 2573 Dei;

1388 2593 1456 2622 Ista
1471 2592 1595 2622 fuerunt
1612 2592 1705 2621 verba
1717 2590 1852 2620 mulieris
1868 2590 2028 2631 Sarepte.”

1408 2643 1503 2684 Incip.
1521 2647 1683 2673 comment.
1705 2641 1834 2682 “Surge
1857 2646 1889 2672 et
1912 2641 2007 2677 vade3
2035 2640 2135 2679 Quare

1384 2693 1521 2724 mittitur
1537 2693 1690 2733 propheta
1705 2691 1826 2721 Judeus
1841 2691 1879 2720 ad
1896 2691 2035 2731 gentes.''

1407 2745 1445 2774 In
1456 2744 1546 2779 calce,
1562 2750 1580 2758 “
1591 2743 1767 2784 Expliciunt
1781 2741 1909 2772 moralia
1919 2752 2010 2782 super
2021 2741 2133 2771 Jonam

1384 2794 1569 2834 proplietam
1584 2794 1612 2827 3²⁸
1628 2800 1685 2824 etc.
