<?xml version="1.0" encoding="UTF-8"?>
<!DOCTYPE html PUBLIC "-//W3C//DTD XHTML 1.0 Transitional//EN"
    "http://www.w3.org/TR/xhtml1/DTD/xhtml1-transitional.dtd">
<html xmlns="http://www.w3.org/1999/xhtml" xml:lang="en" lang="en">
 <head>
  <title>
</title>
<meta http-equiv="Content-Type" content="text/html;charset=utf-8" />
  <meta name='ocr-system' content='tesseract 3.04.00' />
  <meta name='ocr-capabilities' content='ocr_page ocr_carea ocr_par ocr_line ocrx_word'/>
</head>
<body>
  <div class='ocr_page' id='page_1' title='image "./cataloguscodicum01coxeuoft_0706.png"; bbox 0 0 2254 3117; ppageno 0'>
   <div class='ocr_carea' id='block_1_1' title="bbox 320 150 365 179">
    <p class='ocr_par' dir='ltr' id='par_1_1' title="bbox 320 150 365 179">
     <span class='ocr_line' id='line_1_1' title="bbox 320 150 340 179; textangle 90"><span class='ocrx_word' id='word_1_1' title='bbox 320 150 340 179; x_wconf 72' lang='lat'>01</span> 
     </span>
     <span class='ocr_line' id='line_1_2' title="bbox 345 150 365 179; textangle 90"><span class='ocrx_word' id='word_1_2' title='bbox 345 150 365 179; x_wconf 69' lang='lat'>(0</span> 
     </span>
    </p>
   </div>
   <div class='ocr_carea' id='block_1_2' title="bbox 322 241 1208 2804">
    <p class='ocr_par' dir='ltr' id='par_1_2' title="bbox 450 241 1175 283">
     <span class='ocr_line' id='line_1_3' title="bbox 450 241 1175 283; baseline -0.001 -10"><span class='ocrx_word' id='word_1_3' title='bbox 450 242 527 273; x_wconf 82' lang='lat' dir='ltr'>Ibid.</span> <span class='ocrx_word' id='word_1_4' title='bbox 546 241 686 272; x_wconf 83' lang='lat' dir='ltr'>Antonio</span> <span class='ocrx_word' id='word_1_5' title='bbox 702 242 873 272; x_wconf 88' lang='lat' dir='ltr'>Tudertino</span> <span class='ocrx_word' id='word_1_6' title='bbox 889 242 1017 278; x_wconf 82' lang='lat' dir='ltr'>tributa,</span> <span class='ocrx_word' id='word_1_7' title='bbox 1035 242 1086 272; x_wconf 87' lang='lat' dir='ltr'>fol.</span> <span class='ocrx_word' id='word_1_8' title='bbox 1106 251 1175 283; x_wconf 82' lang='lat'>230.</span> 
     </span>
    </p>

    <p class='ocr_par' dir='ltr' id='par_1_3' title="bbox 322 293 1105 334">
     <span class='ocr_line' id='line_1_4' title="bbox 322 293 1105 334; baseline -0.001 -10"><span class='ocrx_word' id='word_1_9' title='bbox 322 295 369 324; x_wconf 86' lang='lat'>11.</span> <span class='ocrx_word' id='word_1_10' title='bbox 387 294 465 324; x_wconf 83' lang='lat' dir='ltr'>Vita</span> <span class='ocrx_word' id='word_1_11' title='bbox 481 293 527 323; x_wconf 84' lang='lat' dir='ltr'>M.</span> <span class='ocrx_word' id='word_1_12' title='bbox 544 293 644 329; x_wconf 81' lang='lat' dir='ltr'>Bruti,</span> <span class='ocrx_word' id='word_1_13' title='bbox 661 293 769 323; x_wconf 89' lang='lat' dir='ltr'>eodem</span> <span class='ocrx_word' id='word_1_14' title='bbox 785 293 964 334; x_wconf 80' lang='lat' dir='ltr'>interprete.</span> <span class='ocrx_word' id='word_1_15' title='bbox 988 293 1040 323; x_wconf 88' lang='lat' dir='ltr'>fol.</span> <span class='ocrx_word' id='word_1_16' title='bbox 1055 301 1105 333; x_wconf 83' lang='lat'>95.</span> 
     </span>
    </p>

    <p class='ocr_par' dir='ltr' id='par_1_4' title="bbox 407 342 1163 383">
     <span class='ocr_line' id='line_1_5' title="bbox 407 342 1163 383; baseline -0.003 -9"><span class='ocrx_word' id='word_1_17' title='bbox 407 344 485 374; x_wconf 87' lang='lat' dir='ltr'>Ibid.</span> <span class='ocrx_word' id='word_1_18' title='bbox 503 343 641 374; x_wconf 80' lang='lat' dir='ltr'>Guarino</span> <span class='ocrx_word' id='word_1_19' title='bbox 657 343 830 373; x_wconf 79' lang='lat' dir='ltr'>Veronensi</span> <span class='ocrx_word' id='word_1_20' title='bbox 847 343 977 379; x_wconf 85' lang='lat' dir='ltr'>tributa,</span> <span class='ocrx_word' id='word_1_21' title='bbox 995 342 1045 373; x_wconf 82' lang='lat' dir='ltr'>fol.</span> <span class='ocrx_word' id='word_1_22' title='bbox 1060 352 1116 383; x_wconf 83' lang='lat'>273</span> <span class='ocrx_word' id='word_1_23' title='bbox 1136 343 1163 372; x_wconf 92' lang='lat' dir='ltr'>b.</span> 
     </span>
    </p>

    <p class='ocr_par' dir='ltr' id='par_1_5' title="bbox 324 398 1200 440">
     <span class='ocr_line' id='line_1_6' title="bbox 324 398 1200 440; baseline -0.002 -10"><span class='ocrx_word' id='word_1_24' title='bbox 324 401 372 430; x_wconf 72' lang='lat'>12.</span> <span class='ocrx_word' id='word_1_25' title='bbox 391 400 474 430; x_wconf 76' lang='lat' dir='ltr'>Vitae</span> <span class='ocrx_word' id='word_1_26' title='bbox 488 399 645 429; x_wconf 80' lang='lat' dir='ltr'>Ciceronis</span> <span class='ocrx_word' id='word_1_27' title='bbox 661 403 692 429; x_wconf 87' lang='lat' dir='ltr'>et</span> <span class='ocrx_word' id='word_1_28' title='bbox 710 398 840 435; x_wconf 84' lang='lat' dir='ltr'>Luculli,</span> <span class='ocrx_word' id='word_1_29' title='bbox 851 399 1020 440; x_wconf 75' lang='lat' dir='ltr'>interprete</span> <span class='ocrx_word' id='word_1_30' title='bbox 1038 398 1200 428; x_wconf 86' lang='lat' dir='ltr'>Leonardo</span> 
     </span>
    </p>

    <p class='ocr_par' dir='ltr' id='par_1_6' title="bbox 406 449 1200 531">
     <span class='ocr_line' id='line_1_7' title="bbox 406 449 1200 490; baseline 0.001 -12"><span class='ocrx_word' id='word_1_31' title='bbox 406 451 427 481; x_wconf 86' lang='lat' dir='ltr'><strong>J</strong></span> <span class='ocrx_word' id='word_1_32' title='bbox 431 450 585 480; x_wconf 87' lang='lat' dir='ltr'>ustiniano</span> <span class='ocrx_word' id='word_1_33' title='bbox 603 449 737 485; x_wconf 89' lang='lat' dir='ltr'>Veneto,</span> <span class='ocrx_word' id='word_1_34' title='bbox 753 460 822 479; x_wconf 87' lang='lat' dir='ltr'>eum</span> <span class='ocrx_word' id='word_1_35' title='bbox 842 449 1018 490; x_wconf 78' lang='lat' dir='ltr'>interpretis</span> <span class='ocrx_word' id='word_1_36' title='bbox 1040 449 1200 490; x_wconf 79' lang='lat' dir='ltr'>prooemio.</span> 
     </span>
     <span class='ocr_line' id='line_1_8' title="bbox 406 502 540 531; baseline 0 0"><span class='ocrx_word' id='word_1_37' title='bbox 406 502 455 531; x_wconf 80' lang='lat' dir='ltr'>fol.</span> <span class='ocrx_word' id='word_1_38' title='bbox 475 502 540 531; x_wconf 90' lang='lat'>106.</span> 
     </span>
    </p>

    <p class='ocr_par' dir='ltr' id='par_1_7' title="bbox 406 550 1202 690">
     <span class='ocr_line' id='line_1_9' title="bbox 451 550 1202 592; baseline -0.001 -10"><span class='ocrx_word' id='word_1_39' title='bbox 451 551 546 592; x_wconf 89' lang='lat' dir='ltr'>Ineip.</span> <span class='ocrx_word' id='word_1_40' title='bbox 565 562 690 592; x_wconf 81' lang='lat' dir='ltr'>prooem.</span> <span class='ocrx_word' id='word_1_41' title='bbox 710 560 726 567; x_wconf 61' lang='lat'>⁵·</span> <span class='ocrx_word' id='word_1_42' title='bbox 740 551 817 581; x_wconf 84' lang='lat' dir='ltr'>Cum</span> <span class='ocrx_word' id='word_1_43' title='bbox 838 562 893 592; x_wconf 90' lang='lat' dir='ltr'>per</span> <span class='ocrx_word' id='word_1_44' title='bbox 908 551 1007 582; x_wconf 87' lang='lat' dir='ltr'>multa</span> <span class='ocrx_word' id='word_1_45' title='bbox 1022 550 1066 581; x_wconf 88' lang='lat' dir='ltr'>fui</span> <span class='ocrx_word' id='word_1_46' title='bbox 1082 551 1202 581; x_wconf 89' lang='lat' dir='ltr'>littera-</span> 
     </span>
     <span class='ocr_line' id='line_1_10' title="bbox 406 600 1201 642; baseline -0.003 -10"><span class='ocrx_word' id='word_1_47' title='bbox 406 613 473 632; x_wconf 85' lang='lat' dir='ltr'>rum</span> <span class='ocrx_word' id='word_1_48' title='bbox 489 602 601 638; x_wconf 82' lang='lat' dir='ltr'>studia,</span> <span class='ocrx_word' id='word_1_49' title='bbox 620 601 755 632; x_wconf 85' lang='lat' dir='ltr'>Henrice</span> <span class='ocrx_word' id='word_1_50' title='bbox 779 601 920 642; x_wconf 83' lang='lat' dir='ltr'>princeps</span> <span class='ocrx_word' id='word_1_51' title='bbox 930 601 957 638; x_wconf 72' lang='lat'>;”</span> <span class='ocrx_word' id='word_1_52' title='bbox 973 605 1008 631; x_wconf 92' lang='lat' dir='ltr'>ut</span> <span class='ocrx_word' id='word_1_53' title='bbox 1025 600 1056 630; x_wconf 87' lang='lat' dir='ltr'>in</span> <span class='ocrx_word' id='word_1_54' title='bbox 1070 600 1201 631; x_wconf 86' lang='lat' dir='ltr'>Bandin.</span> 
     </span>
     <span class='ocr_line' id='line_1_11' title="bbox 407 651 806 690; baseline 0.003 -9"><span class='ocrx_word' id='word_1_55' title='bbox 407 652 504 683; x_wconf 81' lang='lat' dir='ltr'>Catal.</span> <span class='ocrx_word' id='word_1_56' title='bbox 522 656 597 682; x_wconf 86' lang='lat' dir='ltr'>tom.</span> <span class='ocrx_word' id='word_1_57' title='bbox 614 652 644 681; x_wconf 91' lang='lat' dir='ltr'>ii.</span> <span class='ocrx_word' id='word_1_58' title='bbox 663 651 718 681; x_wconf 87' lang='lat' dir='ltr'>eol.</span> <span class='ocrx_word' id='word_1_59' title='bbox 737 662 806 690; x_wconf 78' lang='lat'>720.</span> 
     </span>
    </p>

    <p class='ocr_par' dir='ltr' id='par_1_8' title="bbox 450 705 933 736">
     <span class='ocr_line' id='line_1_12' title="bbox 450 705 933 736; baseline 0 -1"><span class='ocrx_word' id='word_1_60' title='bbox 450 706 586 736; x_wconf 82' lang='lat' dir='ltr'>Exstant</span> <span class='ocrx_word' id='word_1_61' title='bbox 603 705 675 735; x_wconf 76' lang='lat' dir='ltr'>vitae</span> <span class='ocrx_word' id='word_1_62' title='bbox 692 705 764 734; x_wconf 84' lang='lat' dir='ltr'>ibid.</span> <span class='ocrx_word' id='word_1_63' title='bbox 782 705 833 735; x_wconf 90' lang='lat' dir='ltr'>fol.</span> <span class='ocrx_word' id='word_1_64' title='bbox 846 705 933 735; x_wconf 89' lang='lat' dir='ltr'>cxcii.</span> 
     </span>
    </p>

    <p class='ocr_par' dir='ltr' id='par_1_9' title="bbox 324 756 1204 797">
     <span class='ocr_line' id='line_1_13' title="bbox 324 756 1204 797; baseline 0.002 -12"><span class='ocrx_word' id='word_1_65' title='bbox 324 757 372 786; x_wconf 68' lang='lat'>153.</span> <span class='ocrx_word' id='word_1_66' title='bbox 392 756 532 797; x_wconf 74' lang='lat' dir='ltr'>Epistola</span> <span class='ocrx_word' id='word_1_67' title='bbox 550 756 683 796; x_wconf 84' lang='lat' dir='ltr'>Philippi</span> <span class='ocrx_word' id='word_1_68' title='bbox 710 756 917 787; x_wconf 76' lang='lat' dir='ltr'>Macedonum</span> <span class='ocrx_word' id='word_1_69' title='bbox 942 756 1022 797; x_wconf 82' lang='lat' dir='ltr'>regis</span> <span class='ocrx_word' id='word_1_70' title='bbox 1044 757 1084 787; x_wconf 86' lang='lat' dir='ltr'>ad</span> <span class='ocrx_word' id='word_1_71' title='bbox 1104 756 1204 787; x_wconf 73' lang='lat' dir='ltr'>Athe-</span> 
     </span>
    </p>

    <p class='ocr_par' dir='ltr' id='par_1_10' title="bbox 326 807 1205 1155">
     <span class='ocr_line' id='line_1_14' title="bbox 406 807 1202 848; baseline 0 -11"><span class='ocrx_word' id='word_1_72' title='bbox 406 808 525 837; x_wconf 85' lang='lat' dir='ltr'>nienses</span> <span class='ocrx_word' id='word_1_73' title='bbox 556 818 610 848; x_wconf 85' lang='lat' dir='ltr'>per</span> <span class='ocrx_word' id='word_1_74' title='bbox 638 807 834 838; x_wconf 82' lang='lat' dir='ltr'>Leonardum</span> <span class='ocrx_word' id='word_1_75' title='bbox 858 808 1026 838; x_wconf 82' lang='lat' dir='ltr'>Aretinum</span> <span class='ocrx_word' id='word_1_76' title='bbox 1047 808 1202 838; x_wconf 84' lang='lat' dir='ltr'>traducta.</span> 
     </span>
     <span class='ocr_line' id='line_1_15' title="bbox 408 858 578 888; baseline 0 0"><span class='ocrx_word' id='word_1_77' title='bbox 408 858 457 888; x_wconf 86' lang='lat' dir='ltr'>sol.</span> <span class='ocrx_word' id='word_1_78' title='bbox 476 860 532 888; x_wconf 74' lang='lat'>126</span> <span class='ocrx_word' id='word_1_79' title='bbox 551 859 578 888; x_wconf 85' lang='lat' dir='ltr'>b.</span> 
     </span>
     <span class='ocr_line' id='line_1_16' title="bbox 451 909 1204 951; baseline 0 -12"><span class='ocrx_word' id='word_1_80' title='bbox 451 910 547 949; x_wconf 86' lang='lat' dir='ltr'>Ineip.</span> <span class='ocrx_word' id='word_1_81' title='bbox 586 914 603 926; x_wconf 73' lang='grc'>“</span> <span class='ocrx_word' id='word_1_82' title='bbox 621 910 773 948; x_wconf 75' lang='lat' dir='ltr'>Quoniam</span> <span class='ocrx_word' id='word_1_83' title='bbox 800 921 927 951; x_wconf 79' lang='lat' dir='ltr'>persepe</span> <span class='ocrx_word' id='word_1_84' title='bbox 953 909 1020 951; x_wconf 87' lang='lat' dir='ltr'>jam</span> <span class='ocrx_word' id='word_1_85' title='bbox 1047 909 1167 950; x_wconf 73' lang='lat' dir='ltr'>legatos</span> <span class='ocrx_word' id='word_1_86' title='bbox 1179 909 1204 945; x_wconf 80' lang='grc'>;”</span> 
     </span>
     <span class='ocr_line' id='line_1_17' title="bbox 428 961 1204 1002; baseline 0.001 -12"><span class='ocrx_word' id='word_1_87' title='bbox 428 967 462 991; x_wconf 85' lang='lat' dir='ltr'>ut</span> <span class='ocrx_word' id='word_1_88' title='bbox 479 961 560 991; x_wconf 87' lang='lat' dir='ltr'>inter</span> <span class='ocrx_word' id='word_1_89' title='bbox 579 961 735 1001; x_wconf 77' lang='lat' dir='ltr'>Epistolas</span> <span class='ocrx_word' id='word_1_90' title='bbox 748 961 876 1002; x_wconf 80' lang='lat' dir='ltr'>Regum.</span> <span class='ocrx_word' id='word_1_91' title='bbox 891 966 949 992; x_wconf 81' lang='lat' dir='ltr'>ete.</span> <span class='ocrx_word' id='word_1_92' title='bbox 966 962 1096 1002; x_wconf 75' lang='lat' dir='ltr'>Argent.</span> <span class='ocrx_word' id='word_1_93' title='bbox 1117 971 1204 1002; x_wconf 82' lang='lat'>1593,</span> 
     </span>
     <span class='ocr_line' id='line_1_18' title="bbox 430 1022 546 1053; baseline 0 -11"><span class='ocrx_word' id='word_1_94' title='bbox 430 1024 458 1053; x_wconf 87' lang='lat' dir='ltr'>p.</span> <span class='ocrx_word' id='word_1_95' title='bbox 478 1022 546 1042; x_wconf 78' lang='lat'>210.</span> 
     </span>
     <span class='ocr_line' id='line_1_19' title="bbox 326 1062 1205 1103; baseline 0 -11"><span class='ocrx_word' id='word_1_96' title='bbox 326 1064 374 1093; x_wconf 77' lang='lat'>14.</span> <span class='ocrx_word' id='word_1_97' title='bbox 394 1062 518 1102; x_wconf 82' lang='lat' dir='ltr'>Virgilii</span> <span class='ocrx_word' id='word_1_98' title='bbox 551 1062 682 1103; x_wconf 83' lang='lat' dir='ltr'>Majoris</span> <span class='ocrx_word' id='word_1_99' title='bbox 714 1063 784 1101; x_wconf 65' lang='lat' dir='ltr'>(sic)</span> <span class='ocrx_word' id='word_1_100' title='bbox 818 1063 881 1094; x_wconf 82' lang='lat' dir='ltr'>vita</span> <span class='ocrx_word' id='word_1_101' title='bbox 908 1075 946 1093; x_wconf 83' lang='lat' dir='ltr'>ex</span> <span class='ocrx_word' id='word_1_102' title='bbox 976 1063 1205 1094; x_wconf 81' lang='lat' dir='ltr'>commentariis</span> 
     </span>
     <span class='ocr_line' id='line_1_20' title="bbox 409 1114 1203 1155; baseline -0.001 -11"><span class='ocrx_word' id='word_1_103' title='bbox 409 1114 507 1145; x_wconf 67' lang='lat' dir='ltr'>Servii</span> <span class='ocrx_word' id='word_1_104' title='bbox 521 1114 685 1150; x_wconf 75' lang='lat' dir='ltr'>Honorati,</span> <span class='ocrx_word' id='word_1_105' title='bbox 699 1115 893 1155; x_wconf 75' lang='lat' dir='ltr'>grammatici</span> <span class='ocrx_word' id='word_1_106' title='bbox 907 1120 1061 1155; x_wconf 81' lang='lat' dir='ltr'>excerpta.</span> <span class='ocrx_word' id='word_1_107' title='bbox 1076 1115 1094 1144; x_wconf 89' lang='lat' dir='ltr'>f.</span> <span class='ocrx_word' id='word_1_108' title='bbox 1108 1124 1162 1153; x_wconf 73' lang='lat'>127</span> <span class='ocrx_word' id='word_1_109' title='bbox 1176 1115 1203 1144; x_wconf 90' lang='lat' dir='ltr'>b.</span> 
     </span>
    </p>

    <p class='ocr_par' dir='ltr' id='par_1_11' title="bbox 451 1165 1205 1206">
     <span class='ocr_line' id='line_1_21' title="bbox 451 1165 1205 1206; baseline 0 -11"><span class='ocrx_word' id='word_1_110' title='bbox 451 1165 548 1206; x_wconf 85' lang='lat' dir='ltr'>Ineip.</span> <span class='ocrx_word' id='word_1_111' title='bbox 566 1170 583 1181; x_wconf 80' lang='lat'>‘·</span> <span class='ocrx_word' id='word_1_112' title='bbox 599 1165 747 1206; x_wconf 78' lang='lat' dir='ltr'>Virgilius</span> <span class='ocrx_word' id='word_1_113' title='bbox 762 1166 852 1196; x_wconf 79' lang='lat' dir='ltr'>Maro</span> <span class='ocrx_word' id='word_1_114' title='bbox 865 1166 1057 1196; x_wconf 82' lang='lat' dir='ltr'>Mantuanus</span> <span class='ocrx_word' id='word_1_115' title='bbox 1070 1166 1205 1206; x_wconf 87' lang='lat' dir='ltr'>parenti-</span> 
     </span>
    </p>

    <p class='ocr_par' dir='ltr' id='par_1_12' title="bbox 429 1215 1190 1250">
     <span class='ocr_line' id='line_1_22' title="bbox 429 1215 1190 1250; baseline 0.001 -5"><span class='ocrx_word' id='word_1_116' title='bbox 429 1215 486 1246; x_wconf 85' lang='lat' dir='ltr'>bus</span> <span class='ocrx_word' id='word_1_117' title='bbox 502 1215 629 1245; x_wconf 75' lang='lat' dir='ltr'>modieis·</span> <span class='ocrx_word' id='word_1_118' title='bbox 640 1216 668 1250; x_wconf 76' lang='grc'>;”</span> <span class='ocrx_word' id='word_1_119' title='bbox 691 1220 725 1246; x_wconf 89' lang='lat' dir='ltr'>ut</span> <span class='ocrx_word' id='word_1_120' title='bbox 741 1220 814 1247; x_wconf 88' lang='lat' dir='ltr'>ante</span> <span class='ocrx_word' id='word_1_121' title='bbox 828 1216 925 1247; x_wconf 83' lang='lat' dir='ltr'>Servii</span> <span class='ocrx_word' id='word_1_122' title='bbox 942 1216 1190 1246; x_wconf 76' lang='lat' dir='ltr'>commentarios.</span> 
     </span>
    </p>

    <p class='ocr_par' dir='ltr' id='par_1_13' title="bbox 328 1271 1205 1313">
     <span class='ocr_line' id='line_1_23' title="bbox 328 1271 1205 1313; baseline 0.001 -12"><span class='ocrx_word' id='word_1_123' title='bbox 328 1273 373 1302; x_wconf 87' lang='lat'>15.</span> <span class='ocrx_word' id='word_1_124' title='bbox 391 1271 501 1301; x_wconf 82' lang='lat' dir='ltr'>Dionis</span> <span class='ocrx_word' id='word_1_125' title='bbox 516 1275 548 1301; x_wconf 85' lang='lat' dir='ltr'>et</span> <span class='ocrx_word' id='word_1_126' title='bbox 565 1271 653 1301; x_wconf 81' lang='lat' dir='ltr'>Bruti</span> <span class='ocrx_word' id='word_1_127' title='bbox 671 1271 751 1306; x_wconf 63' lang='lat' dir='ltr'>vitm,</span> <span class='ocrx_word' id='word_1_128' title='bbox 769 1283 836 1301; x_wconf 89' lang='lat' dir='ltr'>cum</span> <span class='ocrx_word' id='word_1_129' title='bbox 853 1272 1094 1313; x_wconf 81' lang='lat' dir='ltr'>comparatione,</span> <span class='ocrx_word' id='word_1_130' title='bbox 1112 1272 1205 1302; x_wconf 86' lang='lat' dir='ltr'>inter-</span> 
     </span>
    </p>

    <p class='ocr_par' dir='ltr' id='par_1_14' title="bbox 409 1322 1205 1415">
     <span class='ocr_line' id='line_1_24' title="bbox 409 1322 1205 1364; baseline 0.001 -12"><span class='ocrx_word' id='word_1_131' title='bbox 409 1327 496 1363; x_wconf 89' lang='lat' dir='ltr'>prete</span> <span class='ocrx_word' id='word_1_132' title='bbox 509 1322 646 1352; x_wconf 81' lang='lat' dir='ltr'>Guarino</span> <span class='ocrx_word' id='word_1_133' title='bbox 658 1322 842 1357; x_wconf 75' lang='lat' dir='ltr'>Veronensi,</span> <span class='ocrx_word' id='word_1_134' title='bbox 856 1334 924 1353; x_wconf 86' lang='lat' dir='ltr'>eum</span> <span class='ocrx_word' id='word_1_135' title='bbox 941 1323 1120 1364; x_wconf 72' lang='lat' dir='ltr'>interpretis</span> <span class='ocrx_word' id='word_1_136' title='bbox 1136 1334 1205 1364; x_wconf 91' lang='lat' dir='ltr'>pro-</span> 
     </span>
     <span class='ocr_line' id='line_1_25' title="bbox 409 1373 1133 1415; baseline 0.003 -13"><span class='ocrx_word' id='word_1_137' title='bbox 409 1373 502 1403; x_wconf 79' lang='lat' dir='ltr'>oemio</span> <span class='ocrx_word' id='word_1_138' title='bbox 518 1373 556 1403; x_wconf 85' lang='lat' dir='ltr'>ad</span> <span class='ocrx_word' id='word_1_139' title='bbox 576 1373 774 1403; x_wconf 80' lang='lat' dir='ltr'>Franciseum</span> <span class='ocrx_word' id='word_1_140' title='bbox 792 1374 974 1404; x_wconf 83' lang='lat' dir='ltr'>Barbarum.</span> <span class='ocrx_word' id='word_1_141' title='bbox 998 1375 1048 1405; x_wconf 84' lang='lat' dir='ltr'>fol.</span> <span class='ocrx_word' id='word_1_142' title='bbox 1067 1384 1133 1415; x_wconf 84' lang='lat'>129.</span> 
     </span>
    </p>

    <p class='ocr_par' dir='ltr' id='par_1_15' title="bbox 446 1423 1204 1466">
     <span class='ocr_line' id='line_1_26' title="bbox 446 1423 1204 1466; baseline 0.004 -14"><span class='ocrx_word' id='word_1_143' title='bbox 446 1423 541 1464; x_wconf 88' lang='lat' dir='ltr'>Ineip.</span> <span class='ocrx_word' id='word_1_144' title='bbox 564 1424 648 1463; x_wconf 77' lang='lat' dir='ltr'>praef.</span> <span class='ocrx_word' id='word_1_145' title='bbox 668 1430 685 1440; x_wconf 74' lang='grc'>“</span> <span class='ocrx_word' id='word_1_146' title='bbox 699 1424 776 1454; x_wconf 81' lang='lat' dir='ltr'>Cum</span> <span class='ocrx_word' id='word_1_147' title='bbox 799 1424 1013 1462; x_wconf 86' lang='lat' dir='ltr'>Plutarchum,</span> <span class='ocrx_word' id='word_1_148' title='bbox 1033 1436 1123 1466; x_wconf 78' lang='lat' dir='ltr'>quem</span> <span class='ocrx_word' id='word_1_149' title='bbox 1144 1436 1204 1455; x_wconf 89' lang='lat' dir='ltr'>non</span> 
     </span>
    </p>

    <p class='ocr_par' dir='ltr' id='par_1_16' title="bbox 431 1473 600 1514">
     <span class='ocr_line' id='line_1_27' title="bbox 431 1473 600 1514; baseline 0.006 -11"><span class='ocrx_word' id='word_1_150' title='bbox 431 1473 600 1514; x_wconf 78' lang='lat' dir='ltr'>hospitio.&#39;’</span> 
     </span>
    </p>

    <p class='ocr_par' dir='ltr' id='par_1_17' title="bbox 451 1525 1072 1567">
     <span class='ocr_line' id='line_1_28' title="bbox 451 1525 1072 1567; baseline 0.003 -12"><span class='ocrx_word' id='word_1_151' title='bbox 451 1525 588 1556; x_wconf 81' lang='lat' dir='ltr'>Exstant</span> <span class='ocrx_word' id='word_1_152' title='bbox 604 1526 674 1556; x_wconf 76' lang='lat' dir='ltr'>vitae</span> <span class='ocrx_word' id='word_1_153' title='bbox 690 1526 721 1556; x_wconf 90' lang='lat' dir='ltr'>in</span> <span class='ocrx_word' id='word_1_154' title='bbox 737 1527 811 1557; x_wconf 87' lang='lat' dir='ltr'>edit.</span> <span class='ocrx_word' id='word_1_155' title='bbox 828 1526 880 1557; x_wconf 87' lang='lat' dir='ltr'>cit.</span> <span class='ocrx_word' id='word_1_156' title='bbox 897 1527 947 1557; x_wconf 86' lang='lat' dir='ltr'>fol.</span> <span class='ocrx_word' id='word_1_157' title='bbox 967 1528 1025 1567; x_wconf 79' lang='lat'>285</span> <span class='ocrx_word' id='word_1_158' title='bbox 1044 1527 1072 1557; x_wconf 88' lang='lat' dir='ltr'>b.</span> 
     </span>
    </p>

    <p class='ocr_par' dir='ltr' id='par_1_18' title="bbox 328 1580 1204 1623">
     <span class='ocr_line' id='line_1_29' title="bbox 328 1580 1204 1623; baseline 0.005 -14"><span class='ocrx_word' id='word_1_159' title='bbox 328 1580 376 1610; x_wconf 87' lang='grc'>16.</span> <span class='ocrx_word' id='word_1_160' title='bbox 395 1580 471 1611; x_wconf 87' lang='lat' dir='ltr'>Vita</span> <span class='ocrx_word' id='word_1_161' title='bbox 490 1581 532 1611; x_wconf 87' lang='lat' dir='ltr'>M.</span> <span class='ocrx_word' id='word_1_162' title='bbox 547 1581 698 1619; x_wconf 80' lang='lat' dir='ltr'>Marcelli,</span> <span class='ocrx_word' id='word_1_163' title='bbox 712 1582 880 1623; x_wconf 79' lang='lat' dir='ltr'>interprete</span> <span class='ocrx_word' id='word_1_164' title='bbox 897 1583 1014 1613; x_wconf 87' lang='lat' dir='ltr'>eodem.</span> <span class='ocrx_word' id='word_1_165' title='bbox 1039 1583 1089 1613; x_wconf 87' lang='lat' dir='ltr'>fol.</span> <span class='ocrx_word' id='word_1_166' title='bbox 1106 1584 1204 1621; x_wconf 75' lang='lat'>1401).</span> 
     </span>
    </p>

    <p class='ocr_par' dir='ltr' id='par_1_19' title="bbox 454 1632 700 1672">
     <span class='ocr_line' id='line_1_30' title="bbox 454 1632 700 1672; baseline 0.004 -10"><span class='ocrx_word' id='word_1_167' title='bbox 454 1632 531 1662; x_wconf 88' lang='lat' dir='ltr'>Ibid.</span> <span class='ocrx_word' id='word_1_168' title='bbox 549 1633 597 1663; x_wconf 83' lang='lat' dir='ltr'>fol.</span> <span class='ocrx_word' id='word_1_169' title='bbox 616 1635 656 1672; x_wconf 73' lang='lat'>84</span> <span class='ocrx_word' id='word_1_170' title='bbox 672 1634 700 1664; x_wconf 89' lang='lat' dir='ltr'>b.</span> 
     </span>
    </p>

    <p class='ocr_par' dir='ltr' id='par_1_20' title="bbox 326 1684 1204 1726">
     <span class='ocr_line' id='line_1_31' title="bbox 326 1684 1204 1726; baseline 0.006 -13"><span class='ocrx_word' id='word_1_171' title='bbox 326 1685 375 1715; x_wconf 77' lang='lat'>17.</span> <span class='ocrx_word' id='word_1_172' title='bbox 394 1684 557 1725; x_wconf 63' lang='lat' dir='ltr'>Pelopidw.</span> <span class='ocrx_word' id='word_1_173' title='bbox 576 1685 745 1726; x_wconf 78' lang='lat' dir='ltr'>interprete</span> <span class='ocrx_word' id='word_1_174' title='bbox 762 1686 1072 1717; x_wconf 77' lang='lat' dir='ltr'>Ant0n.Tude1·tino.</span> <span class='ocrx_word' id='word_1_175' title='bbox 1098 1688 1118 1718; x_wconf 81' lang='lat' dir='ltr'>f.</span> <span class='ocrx_word' id='word_1_176' title='bbox 1138 1688 1204 1726; x_wconf 83' lang='lat'>148.</span> 
     </span>
    </p>

    <p class='ocr_par' dir='ltr' id='par_1_21' title="bbox 455 1735 669 1775">
     <span class='ocr_line' id='line_1_32' title="bbox 455 1735 669 1775; baseline 0.005 -10"><span class='ocrx_word' id='word_1_177' title='bbox 455 1735 533 1765; x_wconf 88' lang='lat' dir='ltr'>Ibid.</span> <span class='ocrx_word' id='word_1_178' title='bbox 551 1736 601 1766; x_wconf 82' lang='lat' dir='ltr'>fol.</span> <span class='ocrx_word' id='word_1_179' title='bbox 621 1737 669 1775; x_wconf 73' lang='grc'>78.</span> 
     </span>
    </p>

    <p class='ocr_par' dir='ltr' id='par_1_22' title="bbox 327 1786 1205 1827">
     <span class='ocr_line' id='line_1_33' title="bbox 327 1786 1205 1827; baseline 0.005 -13"><span class='ocrx_word' id='word_1_180' title='bbox 327 1786 375 1816; x_wconf 83' lang='grc'>18.</span> <span class='ocrx_word' id='word_1_181' title='bbox 393 1786 428 1816; x_wconf 85' lang='grc' dir='ltr'>Τ.</span> <span class='ocrx_word' id='word_1_182' title='bbox 445 1786 482 1825; x_wconf 78' lang='lat' dir='ltr'>Q.</span> <span class='ocrx_word' id='word_1_183' title='bbox 503 1786 645 1816; x_wconf 87' lang='lat' dir='ltr'>Flaminii</span> <span class='ocrx_word' id='word_1_184' title='bbox 669 1787 744 1823; x_wconf 86' lang='lat' dir='ltr'>vita,</span> <span class='ocrx_word' id='word_1_185' title='bbox 768 1787 937 1827; x_wconf 78' lang='lat' dir='ltr'>interprete</span> <span class='ocrx_word' id='word_1_186' title='bbox 961 1788 1110 1824; x_wconf 78' lang='lat' dir='ltr'>Guarino,</span> <span class='ocrx_word' id='word_1_187' title='bbox 1136 1800 1205 1819; x_wconf 86' lang='lat' dir='ltr'>eum</span> 
     </span>
    </p>

    <p class='ocr_par' dir='ltr' id='par_1_23' title="bbox 411 1837 1152 1880">
     <span class='ocr_line' id='line_1_34' title="bbox 411 1837 1152 1880; baseline 0.004 -13"><span class='ocrx_word' id='word_1_188' title='bbox 411 1837 591 1878; x_wconf 73' lang='lat' dir='ltr'>przrfatione</span> <span class='ocrx_word' id='word_1_189' title='bbox 606 1838 646 1868; x_wconf 91' lang='lat' dir='ltr'>ad</span> <span class='ocrx_word' id='word_1_190' title='bbox 663 1838 835 1868; x_wconf 82' lang='lat' dir='ltr'>Rubertum</span> <span class='ocrx_word' id='word_1_191' title='bbox 853 1839 994 1869; x_wconf 87' lang='lat' dir='ltr'>Rossum.</span> <span class='ocrx_word' id='word_1_192' title='bbox 1019 1840 1069 1869; x_wconf 87' lang='lat' dir='ltr'>fol.</span> <span class='ocrx_word' id='word_1_193' title='bbox 1087 1842 1152 1880; x_wconf 80' lang='lat'>156.</span> 
     </span>
    </p>

    <p class='ocr_par' dir='ltr' id='par_1_24' title="bbox 454 1889 1205 1930">
     <span class='ocr_line' id='line_1_35' title="bbox 454 1889 1205 1930; baseline 0.004 -11"><span class='ocrx_word' id='word_1_194' title='bbox 454 1889 550 1930; x_wconf 84' lang='lat' dir='ltr'>Ineip.</span> <span class='ocrx_word' id='word_1_195' title='bbox 563 1890 650 1930; x_wconf 78' lang='lat' dir='ltr'>praef.</span> <span class='ocrx_word' id='word_1_196' title='bbox 669 1894 685 1907; x_wconf 64' lang='lat'>‘⁴</span> <span class='ocrx_word' id='word_1_197' title='bbox 699 1890 812 1930; x_wconf 81' lang='lat' dir='ltr'>Nuper,</span> <span class='ocrx_word' id='word_1_198' title='bbox 828 1891 965 1921; x_wconf 82' lang='lat' dir='ltr'>Ruberte</span> <span class='ocrx_word' id='word_1_199' title='bbox 990 1892 1168 1923; x_wconf 77' lang='lat' dir='ltr'>suavissime</span> <span class='ocrx_word' id='word_1_200' title='bbox 1180 1893 1205 1929; x_wconf 76' lang='grc'>;”</span> 
     </span>
    </p>

    <p class='ocr_par' dir='ltr' id='par_1_25' title="bbox 432 1941 1076 1984">
     <span class='ocr_line' id='line_1_36' title="bbox 432 1941 1076 1984; baseline 0.005 -14"><span class='ocrx_word' id='word_1_201' title='bbox 432 1945 466 1971; x_wconf 90' lang='lat' dir='ltr'>ut</span> <span class='ocrx_word' id='word_1_202' title='bbox 482 1941 513 1970; x_wconf 90' lang='lat' dir='ltr'>in</span> <span class='ocrx_word' id='word_1_203' title='bbox 530 1941 660 1972; x_wconf 87' lang='lat' dir='ltr'>Bandin.</span> <span class='ocrx_word' id='word_1_204' title='bbox 679 1942 777 1972; x_wconf 85' lang='lat' dir='ltr'>Catal.</span> <span class='ocrx_word' id='word_1_205' title='bbox 794 1946 868 1972; x_wconf 92' lang='lat' dir='ltr'>tom.</span> <span class='ocrx_word' id='word_1_206' title='bbox 886 1942 915 1972; x_wconf 84' lang='lat' dir='ltr'>ii.</span> <span class='ocrx_word' id='word_1_207' title='bbox 933 1943 988 1973; x_wconf 89' lang='lat' dir='ltr'>eol.</span> <span class='ocrx_word' id='word_1_208' title='bbox 1005 1944 1076 1984; x_wconf 80' lang='lat'>738.</span> 
     </span>
    </p>

    <p class='ocr_par' dir='ltr' id='par_1_26' title="bbox 455 1992 923 2031">
     <span class='ocr_line' id='line_1_37' title="bbox 455 1992 923 2031; baseline 0.004 -9"><span class='ocrx_word' id='word_1_209' title='bbox 455 1992 569 2022; x_wconf 80' lang='lat' dir='ltr'>Exstat</span> <span class='ocrx_word' id='word_1_210' title='bbox 587 1992 651 2023; x_wconf 72' lang='lat' dir='ltr'>vita</span> <span class='ocrx_word' id='word_1_211' title='bbox 668 1993 739 2023; x_wconf 87' lang='lat' dir='ltr'>ibid.</span> <span class='ocrx_word' id='word_1_212' title='bbox 757 1993 807 2023; x_wconf 88' lang='lat' dir='ltr'>fol.</span> <span class='ocrx_word' id='word_1_213' title='bbox 826 2003 881 2031; x_wconf 73' lang='lat'>109</span> <span class='ocrx_word' id='word_1_214' title='bbox 896 1994 923 2024; x_wconf 91' lang='lat' dir='ltr'>b.</span> 
     </span>
    </p>

    <p class='ocr_par' dir='ltr' id='par_1_27' title="bbox 328 2041 1203 2085">
     <span class='ocr_line' id='line_1_38' title="bbox 328 2041 1203 2085; baseline 0.005 -14"><span class='ocrx_word' id='word_1_215' title='bbox 328 2043 377 2074; x_wconf 89' lang='lat'>19.</span> <span class='ocrx_word' id='word_1_216' title='bbox 393 2041 459 2072; x_wconf 83' lang='lat' dir='ltr'>Caii</span> <span class='ocrx_word' id='word_1_217' title='bbox 476 2042 587 2072; x_wconf 87' lang='lat' dir='ltr'>Marcii</span> <span class='ocrx_word' id='word_1_218' title='bbox 605 2042 759 2073; x_wconf 80' lang='lat' dir='ltr'>Coriolani</span> <span class='ocrx_word' id='word_1_219' title='bbox 775 2043 848 2077; x_wconf 83' lang='lat' dir='ltr'>vita,</span> <span class='ocrx_word' id='word_1_220' title='bbox 868 2043 1036 2085; x_wconf 72' lang='lat' dir='ltr'>interprete</span> <span class='ocrx_word' id='word_1_221' title='bbox 1056 2045 1203 2075; x_wconf 85' lang='lat' dir='ltr'>Guarino.</span> 
     </span>
    </p>

    <p class='ocr_par' dir='ltr' id='par_1_28' title="bbox 414 2092 584 2122">
     <span class='ocr_line' id='line_1_39' title="bbox 414 2092 584 2122; baseline 0.006 -1"><span class='ocrx_word' id='word_1_222' title='bbox 414 2092 464 2121; x_wconf 85' lang='lat' dir='ltr'>fol.</span> <span class='ocrx_word' id='word_1_223' title='bbox 483 2093 534 2122; x_wconf 89' lang='lat'>161</span> <span class='ocrx_word' id='word_1_224' title='bbox 556 2092 584 2122; x_wconf 91' lang='lat' dir='ltr'>b.</span> 
     </span>
    </p>

    <p class='ocr_par' dir='ltr' id='par_1_29' title="bbox 454 2143 665 2182">
     <span class='ocr_line' id='line_1_40' title="bbox 454 2143 665 2182; baseline 0.009 -10"><span class='ocrx_word' id='word_1_225' title='bbox 454 2143 534 2173; x_wconf 87' lang='lat' dir='ltr'>Ibid.</span> <span class='ocrx_word' id='word_1_226' title='bbox 552 2143 600 2173; x_wconf 84' lang='lat' dir='ltr'>fol.</span> <span class='ocrx_word' id='word_1_227' title='bbox 614 2145 665 2182; x_wconf 76' lang='lat'>46.</span> 
     </span>
    </p>

    <p class='ocr_par' dir='ltr' id='par_1_30' title="bbox 328 2193 1134 2237">
     <span class='ocr_line' id='line_1_41' title="bbox 328 2193 1134 2237; baseline 0.007 -16"><span class='ocrx_word' id='word_1_228' title='bbox 328 2194 377 2221; x_wconf 67' lang='lat'>20.</span> <span class='ocrx_word' id='word_1_229' title='bbox 395 2193 565 2224; x_wconf 72' lang='lat' dir='ltr'>Alexandri</span> <span class='ocrx_word' id='word_1_230' title='bbox 580 2194 655 2231; x_wconf 82' lang='lat' dir='ltr'>vita,</span> <span class='ocrx_word' id='word_1_231' title='bbox 674 2195 843 2236; x_wconf 80' lang='lat' dir='ltr'>interprete</span> <span class='ocrx_word' id='word_1_232' title='bbox 859 2196 975 2226; x_wconf 84' lang='lat' dir='ltr'>eodem.</span> <span class='ocrx_word' id='word_1_233' title='bbox 999 2197 1049 2227; x_wconf 76' lang='lat' dir='ltr'>fol.</span> <span class='ocrx_word' id='word_1_234' title='bbox 1068 2200 1134 2237; x_wconf 83' lang='lat'>169.</span> 
     </span>
    </p>

    <p class='ocr_par' dir='ltr' id='par_1_31' title="bbox 457 2245 688 2283">
     <span class='ocr_line' id='line_1_42' title="bbox 457 2245 688 2283; baseline 0.009 -9"><span class='ocrx_word' id='word_1_235' title='bbox 457 2245 535 2275; x_wconf 83' lang='lat' dir='ltr'>Ibid.</span> <span class='ocrx_word' id='word_1_236' title='bbox 552 2245 602 2275; x_wconf 88' lang='lat' dir='ltr'>fol.</span> <span class='ocrx_word' id='word_1_237' title='bbox 620 2256 688 2283; x_wconf 72' lang='lat'>244.</span> 
     </span>
    </p>

    <p class='ocr_par' dir='ltr' id='par_1_32' title="bbox 329 2292 1091 2339">
     <span class='ocr_line' id='line_1_43' title="bbox 329 2292 1091 2339; baseline 0.009 -16"><span class='ocrx_word' id='word_1_238' title='bbox 329 2295 377 2324; x_wconf 70' lang='lat'>521.</span> <span class='ocrx_word' id='word_1_239' title='bbox 395 2295 525 2326; x_wconf 61' lang='lat' dir='ltr'>(la-saris</span> <span class='ocrx_word' id='word_1_240' title='bbox 542 2297 613 2332; x_wconf 82' lang='lat' dir='ltr'>vitu,</span> <span class='ocrx_word' id='word_1_241' title='bbox 631 2298 737 2328; x_wconf 86' lang='lat' dir='ltr'>eodem</span> <span class='ocrx_word' id='word_1_242' title='bbox 755 2292 933 2339; x_wconf 72' lang='lat' dir='ltr'>interprete.</span> <span class='ocrx_word' id='word_1_243' title='bbox 957 2299 1007 2329; x_wconf 86' lang='lat' dir='ltr'>fol.</span> <span class='ocrx_word' id='word_1_244' title='bbox 1024 2300 1091 2339; x_wconf 85' lang='lat'>187.</span> 
     </span>
    </p>

    <p class='ocr_par' dir='ltr' id='par_1_33' title="bbox 457 2346 691 2389">
     <span class='ocr_line' id='line_1_44' title="bbox 457 2346 691 2389; baseline 0.013 -14"><span class='ocrx_word' id='word_1_245' title='bbox 457 2346 537 2376; x_wconf 82' lang='lat' dir='ltr'>Ibid.</span> <span class='ocrx_word' id='word_1_246' title='bbox 556 2348 606 2377; x_wconf 81' lang='lat' dir='ltr'>fol.</span> <span class='ocrx_word' id='word_1_247' title='bbox 623 2357 691 2389; x_wconf 80' lang='lat'>257.</span> 
     </span>
    </p>

    <p class='ocr_par' dir='ltr' id='par_1_34' title="bbox 371 2400 1206 2535">
     <span class='ocr_line' id='line_1_45' title="bbox 371 2400 1206 2445; baseline 0.011 -17"><span class='ocrx_word' id='word_1_248' title='bbox 371 2424 376 2429; x_wconf 90' lang='lat'>.</span> <span class='ocrx_word' id='word_1_249' title='bbox 396 2400 477 2430; x_wconf 67' lang='lat' dir='ltr'>Vita·</span> <span class='ocrx_word' id='word_1_250' title='bbox 495 2401 642 2432; x_wconf 77' lang='lat' dir='ltr'>Aristidis</span> <span class='ocrx_word' id='word_1_251' title='bbox 658 2408 689 2433; x_wconf 90' lang='lat' dir='ltr'>et</span> <span class='ocrx_word' id='word_1_252' title='bbox 702 2403 840 2439; x_wconf 80' lang='lat' dir='ltr'>Catonis,</span> <span class='ocrx_word' id='word_1_253' title='bbox 854 2404 1022 2445; x_wconf 81' lang='lat' dir='ltr'>interprete</span> <span class='ocrx_word' id='word_1_254' title='bbox 1041 2405 1206 2437; x_wconf 86' lang='lat' dir='ltr'>Francisco</span> 
     </span>
     <span class='ocr_line' id='line_1_46' title="bbox 414 2451 1206 2495; baseline 0.01 -15"><span class='ocrx_word' id='word_1_255' title='bbox 414 2451 563 2488; x_wconf 81' lang='lat' dir='ltr'>Barbare,</span> <span class='ocrx_word' id='word_1_256' title='bbox 580 2464 648 2482; x_wconf 92' lang='lat' dir='ltr'>cum</span> <span class='ocrx_word' id='word_1_257' title='bbox 670 2454 794 2495; x_wconf 80' lang='lat' dir='ltr'>prologo</span> <span class='ocrx_word' id='word_1_258' title='bbox 816 2455 855 2484; x_wconf 84' lang='lat' dir='ltr'>ad</span> <span class='ocrx_word' id='word_1_259' title='bbox 880 2455 1065 2486; x_wconf 81' lang='lat' dir='ltr'>Zachariam</span> <span class='ocrx_word' id='word_1_260' title='bbox 1091 2457 1206 2488; x_wconf 86' lang='lat' dir='ltr'>Barba-</span> 
     </span>
     <span class='ocr_line' id='line_1_47' title="bbox 414 2504 651 2535; baseline 0.017 -4"><span class='ocrx_word' id='word_1_261' title='bbox 414 2513 490 2532; x_wconf 89' lang='lat' dir='ltr'>rum.</span> <span class='ocrx_word' id='word_1_262' title='bbox 515 2504 565 2534; x_wconf 83' lang='lat' dir='ltr'>fol.</span> <span class='ocrx_word' id='word_1_263' title='bbox 581 2513 651 2535; x_wconf 84' lang='lat'>201.</span> 
     </span>
    </p>

    <p class='ocr_par' dir='ltr' id='par_1_35' title="bbox 331 2553 1208 2804">
     <span class='ocr_line' id='line_1_48' title="bbox 457 2553 1208 2595; baseline 0.009 -12"><span class='ocrx_word' id='word_1_264' title='bbox 457 2553 552 2595; x_wconf 89' lang='lat' dir='ltr'>Ineip.</span> <span class='ocrx_word' id='word_1_265' title='bbox 564 2555 639 2595; x_wconf 88' lang='lat' dir='ltr'>prol.</span> <span class='ocrx_word' id='word_1_266' title='bbox 652 2560 670 2572; x_wconf 65' lang='lat'>‘⁴</span> <span class='ocrx_word' id='word_1_267' title='bbox 680 2557 906 2595; x_wconf 77' lang='lat' dir='ltr'>Animadverti,</span> <span class='ocrx_word' id='word_1_268' title='bbox 920 2558 1072 2589; x_wconf 79' lang='lat' dir='ltr'>Zacharia</span> <span class='ocrx_word' id='word_1_269' title='bbox 1083 2559 1208 2590; x_wconf 75' lang='lat' dir='ltr'>frater.&#39;’</span> 
     </span>
     <span class='ocr_line' id='line_1_49' title="bbox 458 2605 903 2647; baseline 0.009 -13"><span class='ocrx_word' id='word_1_270' title='bbox 458 2605 572 2636; x_wconf 82' lang='lat' dir='ltr'>Exstat</span> <span class='ocrx_word' id='word_1_271' title='bbox 588 2607 660 2643; x_wconf 85' lang='lat' dir='ltr'>vita,</span> <span class='ocrx_word' id='word_1_272' title='bbox 677 2607 751 2637; x_wconf 90' lang='lat' dir='ltr'>ibid.</span> <span class='ocrx_word' id='word_1_273' title='bbox 767 2608 817 2638; x_wconf 83' lang='lat' dir='ltr'>fol.</span> <span class='ocrx_word' id='word_1_274' title='bbox 836 2619 903 2647; x_wconf 79' lang='lat'>114.</span> 
     </span>
     <span class='ocr_line' id='line_1_50' title="bbox 331 2659 1206 2705; baseline 0.008 -18"><span class='ocrx_word' id='word_1_275' title='bbox 331 2660 379 2688; x_wconf 70' lang='lat'>23.</span> <span class='ocrx_word' id='word_1_276' title='bbox 398 2659 645 2700; x_wconf 84' lang='lat' dir='ltr'>Comparationis</span> <span class='ocrx_word' id='word_1_277' title='bbox 658 2662 769 2693; x_wconf 91' lang='lat' dir='ltr'>Dionis</span> <span class='ocrx_word' id='word_1_278' title='bbox 785 2668 816 2694; x_wconf 88' lang='lat' dir='ltr'>et</span> <span class='ocrx_word' id='word_1_279' title='bbox 832 2664 921 2695; x_wconf 90' lang='lat' dir='ltr'>Bruti</span> <span class='ocrx_word' id='word_1_280' title='bbox 940 2665 1098 2705; x_wconf 86' lang='lat' dir='ltr'>exemplar</span> <span class='ocrx_word' id='word_1_281' title='bbox 1113 2665 1206 2696; x_wconf 87' lang='lat' dir='ltr'>aliud.</span> 
     </span>
     <span class='ocr_line' id='line_1_51' title="bbox 417 2711 586 2742; baseline 0.012 -2"><span class='ocrx_word' id='word_1_282' title='bbox 417 2711 466 2740; x_wconf 85' lang='lat' dir='ltr'>sol.</span> <span class='ocrx_word' id='word_1_283' title='bbox 484 2712 540 2741; x_wconf 75' lang='lat'>218</span> <span class='ocrx_word' id='word_1_284' title='bbox 559 2713 586 2742; x_wconf 91' lang='lat' dir='ltr'>b.</span> 
     </span>
     <span class='ocr_line' id='line_1_52' title="bbox 463 2762 727 2804; baseline 0.015 -13"><span class='ocrx_word' id='word_1_285' title='bbox 463 2762 537 2792; x_wconf 89' lang='lat' dir='ltr'>lbid.</span> <span class='ocrx_word' id='word_1_286' title='bbox 554 2764 604 2794; x_wconf 87' lang='lat' dir='ltr'>fol.</span> <span class='ocrx_word' id='word_1_287' title='bbox 620 2774 676 2804; x_wconf 84' lang='lat'>30¹</span> <span class='ocrx_word' id='word_1_288' title='bbox 699 2765 727 2795; x_wconf 89' lang='lat' dir='ltr'>b.</span> 
     </span>
    </p>
   </div>
   <div class='ocr_carea' id='block_1_3' title="bbox 1230 246 1236 1409">
    <p class='ocr_par' dir='ltr' id='par_1_36' title="bbox 1230 246 1236 1409">
     <span class='ocr_line' id='line_1_53' title="bbox 1230 246 1236 1409; baseline 0 0"><span class='ocrx_word' id='word_1_289' title='bbox 1230 246 1236 1409; x_wconf 95' lang='lat' dir='ltr'> </span> 
     </span>
    </p>
   </div>
   <div class='ocr_carea' id='block_1_4' title="bbox 1234 1823 1238 2573">
    <p class='ocr_par' dir='ltr' id='par_1_37' title="bbox 1234 1823 1238 2573">
     <span class='ocr_line' id='line_1_54' title="bbox 1234 1823 1238 2573; baseline 0 0"><span class='ocrx_word' id='word_1_290' title='bbox 1234 1823 1238 2573; x_wconf 95' lang='lat' dir='ltr'> </span> 
     </span>
    </p>
   </div>
   <div class='ocr_carea' id='block_1_5' title="bbox 899 143 1594 178">
    <p class='ocr_par' dir='ltr' id='par_1_38' title="bbox 899 143 1594 178">
     <span class='ocr_line' id='line_1_55' title="bbox 899 143 1594 178; baseline -0.001 0"><span class='ocrx_word' id='word_1_291' title='bbox 899 143 1199 178; x_wconf 80' lang='lat' dir='ltr'><strong>CATALOGUS</strong></span> <span class='ocrx_word' id='word_1_292' title='bbox 1225 143 1457 178; x_wconf 90' lang='lat' dir='ltr'>CODICUM</span> <span class='ocrx_word' id='word_1_293' title='bbox 1486 143 1594 178; x_wconf 81' lang='lat' dir='ltr'>MSS.</span> 
     </span>
    </p>
   </div>
   <div class='ocr_carea' id='block_1_6' title="bbox 1253 242 2137 837">
    <p class='ocr_par' dir='ltr' id='par_1_39' title="bbox 1253 242 2130 386">
     <span class='ocr_line' id='line_1_56' title="bbox 1253 242 2128 275; baseline 0.001 -1"><span class='ocrx_word' id='word_1_294' title='bbox 1253 245 1302 274; x_wconf 71' lang='lat'>24.</span> <span class='ocrx_word' id='word_1_295' title='bbox 1319 243 1404 274; x_wconf 79' lang='lat' dir='ltr'>Vitae</span> <span class='ocrx_word' id='word_1_296' title='bbox 1420 243 1515 274; x_wconf 86' lang='lat' dir='ltr'>trium</span> <span class='ocrx_word' id='word_1_297' title='bbox 1535 242 1698 273; x_wconf 87' lang='lat' dir='ltr'>illustrium</span> <span class='ocrx_word' id='word_1_298' title='bbox 1713 243 1848 273; x_wconf 87' lang='lat' dir='ltr'>virorum</span> <span class='ocrx_word' id='word_1_299' title='bbox 1872 243 2128 275; x_wconf 86' lang='lat' dir='ltr'>Florentinorum.</span> 
     </span>
     <span class='ocr_line' id='line_1_57' title="bbox 1338 292 2130 331; baseline 0.003 -9"><span class='ocrx_word' id='word_1_300' title='bbox 1338 293 1450 323; x_wconf 84' lang='lat' dir='ltr'>Dantis</span> <span class='ocrx_word' id='word_1_301' title='bbox 1464 292 1773 329; x_wconf 84' lang='lat' dir='ltr'>seilicet,Petrarehae</span> <span class='ocrx_word' id='word_1_302' title='bbox 1783 297 1815 324; x_wconf 90' lang='lat' dir='ltr'>et</span> <span class='ocrx_word' id='word_1_303' title='bbox 1826 293 1994 331; x_wconf 85' lang='lat' dir='ltr'>Boecaeeii,</span> <span class='ocrx_word' id='word_1_304' title='bbox 2005 298 2130 325; x_wconf 85' lang='lat' dir='ltr'>auctore</span> 
     </span>
     <span class='ocr_line' id='line_1_58' title="bbox 1337 344 2130 386; baseline 0.001 -11"><span class='ocrx_word' id='word_1_305' title='bbox 1337 344 1483 375; x_wconf 84' lang='lat' dir='ltr'>Janottio</span> <span class='ocrx_word' id='word_1_306' title='bbox 1500 344 1657 381; x_wconf 86' lang='lat' dir='ltr'>Manetto,</span> <span class='ocrx_word' id='word_1_307' title='bbox 1672 355 1740 374; x_wconf 89' lang='lat' dir='ltr'>eum</span> <span class='ocrx_word' id='word_1_308' title='bbox 1756 345 1946 385; x_wconf 84' lang='lat' dir='ltr'>praefatione.</span> <span class='ocrx_word' id='word_1_309' title='bbox 1964 345 2015 376; x_wconf 91' lang='lat' dir='ltr'>fol.</span> <span class='ocrx_word' id='word_1_310' title='bbox 2031 355 2088 386; x_wconf 90' lang='lat'>219</span> <span class='ocrx_word' id='word_1_311' title='bbox 2101 346 2130 376; x_wconf 95' lang='lat' dir='ltr'>b.</span> 
     </span>
    </p>

    <p class='ocr_par' dir='ltr' id='par_1_40' title="bbox 1381 395 2132 487">
     <span class='ocr_line' id='line_1_59' title="bbox 1382 395 2132 437; baseline 0.001 -11"><span class='ocrx_word' id='word_1_312' title='bbox 1382 395 1479 436; x_wconf 90' lang='lat' dir='ltr'>Ineip.</span> <span class='ocrx_word' id='word_1_313' title='bbox 1490 396 1575 436; x_wconf 72' lang='lat' dir='ltr'>praef.</span> <span class='ocrx_word' id='word_1_314' title='bbox 1591 400 1608 412; x_wconf 83' lang='grc'>“</span> <span class='ocrx_word' id='word_1_315' title='bbox 1621 396 1692 425; x_wconf 92' lang='lat' dir='ltr'>Non</span> <span class='ocrx_word' id='word_1_316' title='bbox 1702 395 1836 426; x_wconf 87' lang='lat' dir='ltr'>alienum</span> <span class='ocrx_word' id='word_1_317' title='bbox 1847 396 1913 426; x_wconf 86' lang='lat' dir='ltr'>fore</span> <span class='ocrx_word' id='word_1_318' title='bbox 1928 397 2132 437; x_wconf 72' lang='lat' dir='ltr'>putavimus.&#39;&#39;</span> 
     </span>
     <span class='ocr_line' id='line_1_60' title="bbox 1381 446 2131 487; baseline 0.001 -10"><span class='ocrx_word' id='word_1_319' title='bbox 1381 447 1518 477; x_wconf 86' lang='lat' dir='ltr'>Exstant</span> <span class='ocrx_word' id='word_1_320' title='bbox 1534 447 1671 487; x_wconf 87' lang='lat' dir='ltr'>impress.</span> <span class='ocrx_word' id='word_1_321' title='bbox 1688 447 1735 477; x_wconf 90' lang='lat' dir='ltr'>ed.</span> <span class='ocrx_word' id='word_1_322' title='bbox 1753 446 1787 477; x_wconf 90' lang='lat' dir='ltr'>el.</span> <span class='ocrx_word' id='word_1_323' title='bbox 1805 447 1928 477; x_wconf 81' lang='lat' dir='ltr'>Melius.</span> <span class='ocrx_word' id='word_1_324' title='bbox 1942 447 2025 478; x_wconf 90' lang='lat' dir='ltr'>Flor.</span> <span class='ocrx_word' id='word_1_325' title='bbox 2044 456 2131 487; x_wconf 79' lang='lat'>1747.</span> 
     </span>
    </p>

    <p class='ocr_par' dir='ltr' id='par_1_41' title="bbox 1254 500 2131 644">
     <span class='ocr_line' id='line_1_61' title="bbox 1254 500 2131 543; baseline 0.001 -12"><span class='ocrx_word' id='word_1_326' title='bbox 1254 503 1304 531; x_wconf 68' lang='lat'>25.</span> <span class='ocrx_word' id='word_1_327' title='bbox 1322 500 1399 531; x_wconf 73' lang='lat' dir='ltr'>Vita</span> <span class='ocrx_word' id='word_1_328' title='bbox 1416 501 1577 542; x_wconf 79' lang='lat' dir='ltr'>Lysandri,</span> <span class='ocrx_word' id='word_1_329' title='bbox 1595 501 1766 541; x_wconf 84' lang='lat' dir='ltr'>interprete</span> <span class='ocrx_word' id='word_1_330' title='bbox 1779 501 1928 537; x_wconf 82' lang='lat' dir='ltr'>Guarino,</span> <span class='ocrx_word' id='word_1_331' title='bbox 1940 513 2009 532; x_wconf 88' lang='lat' dir='ltr'>eum</span> <span class='ocrx_word' id='word_1_332' title='bbox 2024 502 2131 543; x_wconf 78' lang='lat' dir='ltr'>praefa-</span> 
     </span>
     <span class='ocr_line' id='line_1_62' title="bbox 1339 552 2131 584; baseline 0 -2"><span class='ocrx_word' id='word_1_333' title='bbox 1339 552 1423 582; x_wconf 84' lang='lat' dir='ltr'>tione</span> <span class='ocrx_word' id='word_1_334' title='bbox 1449 552 1489 582; x_wconf 87' lang='lat' dir='ltr'>ad</span> <span class='ocrx_word' id='word_1_335' title='bbox 1522 552 1699 582; x_wconf 87' lang='lat' dir='ltr'>Leonellum</span> <span class='ocrx_word' id='word_1_336' title='bbox 1724 552 1934 582; x_wconf 84' lang='lat' dir='ltr'>marchionem</span> <span class='ocrx_word' id='word_1_337' title='bbox 1960 553 2131 584; x_wconf 89' lang='lat' dir='ltr'>Estensem.</span> 
     </span>
     <span class='ocr_line' id='line_1_63' title="bbox 1340 603 1476 644; baseline 0.007 -12"><span class='ocrx_word' id='word_1_338' title='bbox 1340 603 1389 633; x_wconf 82' lang='lat' dir='ltr'>fol.</span> <span class='ocrx_word' id='word_1_339' title='bbox 1409 612 1476 644; x_wconf 79' lang='lat'>233.</span> 
     </span>
    </p>

    <p class='ocr_par' dir='ltr' id='par_1_42' title="bbox 1383 653 2133 696">
     <span class='ocr_line' id='line_1_64' title="bbox 1383 653 2133 696; baseline 0.003 -13"><span class='ocrx_word' id='word_1_340' title='bbox 1383 653 1447 684; x_wconf 84' lang='lat' dir='ltr'>Inc.</span> <span class='ocrx_word' id='word_1_341' title='bbox 1462 654 1546 695; x_wconf 85' lang='lat' dir='ltr'>praef.</span> <span class='ocrx_word' id='word_1_342' title='bbox 1559 654 1723 684; x_wconf 62' lang='lat' dir='ltr'>“Plurima</span> <span class='ocrx_word' id='word_1_343' title='bbox 1736 665 1827 684; x_wconf 90' lang='lat' dir='ltr'>eerno</span> <span class='ocrx_word' id='word_1_344' title='bbox 1843 658 1913 685; x_wconf 85' lang='lat' dir='ltr'>tuas</span> <span class='ocrx_word' id='word_1_345' title='bbox 1925 655 1965 685; x_wconf 84' lang='lat' dir='ltr'>ad</span> <span class='ocrx_word' id='word_1_346' title='bbox 1982 655 2133 696; x_wconf 73' lang='lat' dir='ltr'>nuptias.”</span> 
     </span>
    </p>

    <p class='ocr_par' dir='ltr' id='par_1_43' title="bbox 1385 705 1820 746">
     <span class='ocr_line' id='line_1_65' title="bbox 1385 705 1820 746; baseline 0 -11"><span class='ocrx_word' id='word_1_347' title='bbox 1385 705 1500 735; x_wconf 85' lang='lat' dir='ltr'>Exstat</span> <span class='ocrx_word' id='word_1_348' title='bbox 1516 705 1579 735; x_wconf 82' lang='lat' dir='ltr'>vita</span> <span class='ocrx_word' id='word_1_349' title='bbox 1594 705 1668 735; x_wconf 88' lang='lat' dir='ltr'>ibid.</span> <span class='ocrx_word' id='word_1_350' title='bbox 1686 705 1737 735; x_wconf 85' lang='lat' dir='ltr'>fol.</span> <span class='ocrx_word' id='word_1_351' title='bbox 1754 714 1820 746; x_wconf 81' lang='lat'>[55.</span> 
     </span>
    </p>

    <p class='ocr_par' dir='ltr' id='par_1_44' title="bbox 1362 755 2137 837">
     <span class='ocr_line' id='line_1_66' title="bbox 1384 755 2137 798; baseline 0.003 -13"><span class='ocrx_word' id='word_1_352' title='bbox 1384 755 1480 786; x_wconf 88' lang='lat' dir='ltr'>Defie.</span> <span class='ocrx_word' id='word_1_353' title='bbox 1494 756 1524 786; x_wconf 92' lang='lat' dir='ltr'>in</span> <span class='ocrx_word' id='word_1_354' title='bbox 1537 756 1645 793; x_wconf 81' lang='lat' dir='ltr'>verbis,</span> <span class='ocrx_word' id='word_1_355' title='bbox 1660 761 1678 772; x_wconf 84' lang='grc'>“</span> <span class='ocrx_word' id='word_1_356' title='bbox 1690 757 1783 787; x_wconf 88' lang='lat' dir='ltr'>duces</span> <span class='ocrx_word' id='word_1_357' title='bbox 1796 757 1986 798; x_wconf 86' lang='lat' dir='ltr'>consumpsit</span> <span class='ocrx_word' id='word_1_358' title='bbox 2001 761 2033 788; x_wconf 87' lang='lat' dir='ltr'>et</span> <span class='ocrx_word' id='word_1_359' title='bbox 2049 758 2137 788; x_wconf 86' lang='lat' dir='ltr'>unius</span> 
     </span>
     <span class='ocr_line' id='line_1_67' title="bbox 1362 807 1581 837; baseline 0.005 -1"><span class='ocrx_word' id='word_1_360' title='bbox 1362 807 1419 837; x_wconf 78' lang='lat' dir='ltr'>viri</span> <span class='ocrx_word' id='word_1_361' title='bbox 1437 807 1581 837; x_wconf 52' lang='lat' dir='ltr'>consili&amp;</span> 
     </span>
    </p>
   </div>
   <div class='ocr_carea' id='block_1_7' title="bbox 1583 825 1665 830">
    <p class='ocr_par' dir='ltr' id='par_1_45' title="bbox 1583 825 1665 830">
     <span class='ocr_line' id='line_1_68' title="bbox 1583 825 1665 830; baseline 0 0"><span class='ocrx_word' id='word_1_362' title='bbox 1583 825 1665 830; x_wconf 95' lang='lat' dir='ltr'> </span> 
     </span>
    </p>
   </div>
   <div class='ocr_carea' id='block_1_8' title="bbox 1651 903 1769 936">
    <p class='ocr_par' dir='ltr' id='par_1_46' title="bbox 1651 903 1769 936">
     <span class='ocr_line' id='line_1_69' title="bbox 1651 903 1769 936; baseline 0 0"><span class='ocrx_word' id='word_1_363' title='bbox 1651 903 1769 936; x_wconf 75' lang='lat' dir='ltr'>CXII.</span> 
     </span>
    </p>
   </div>
   <div class='ocr_carea' id='block_1_9' title="bbox 1258 964 2139 1125">
    <p class='ocr_par' dir='ltr' id='par_1_47' title="bbox 1258 964 2139 1125">
     <span class='ocr_line' id='line_1_70' title="bbox 1258 964 2138 1009; baseline 0.001 -12"><span class='ocrx_word' id='word_1_364' title='bbox 1258 964 1377 997; x_wconf 81' lang='lat' dir='ltr'>Codex</span> <span class='ocrx_word' id='word_1_365' title='bbox 1398 965 1690 1003; x_wconf 77' lang='lat' dir='ltr'>membranaceus,</span> <span class='ocrx_word' id='word_1_366' title='bbox 1710 966 1743 997; x_wconf 94' lang='lat' dir='ltr'>in</span> <span class='ocrx_word' id='word_1_367' title='bbox 1764 965 1845 998; x_wconf 88' lang='lat' dir='ltr'>folio</span> <span class='ocrx_word' id='word_1_368' title='bbox 1863 966 1993 1009; x_wconf 84' lang='lat' dir='ltr'>majori,</span> <span class='ocrx_word' id='word_1_369' title='bbox 2013 965 2045 999; x_wconf 86' lang='lat' dir='ltr'>ff.</span> <span class='ocrx_word' id='word_1_370' title='bbox 2061 968 2138 1005; x_wconf 83' lang='lat'>144,</span> 
     </span>
     <span class='ocr_line' id='line_1_71' title="bbox 1282 1022 2139 1064; baseline 0.002 -9"><span class='ocrx_word' id='word_1_371' title='bbox 1282 1035 1348 1056; x_wconf 83' lang='lat' dir='ltr'>see.</span> <span class='ocrx_word' id='word_1_372' title='bbox 1368 1035 1424 1056; x_wconf 81' lang='lat' dir='ltr'>xv.</span> <span class='ocrx_word' id='word_1_373' title='bbox 1445 1023 1606 1061; x_wconf 82' lang='lat' dir='ltr'>ineuntis,</span> <span class='ocrx_word' id='word_1_374' title='bbox 1639 1023 1727 1056; x_wconf 89' lang='lat' dir='ltr'>binis</span> <span class='ocrx_word' id='word_1_375' title='bbox 1759 1022 1928 1056; x_wconf 87' lang='lat' dir='ltr'>columnis</span> <span class='ocrx_word' id='word_1_376' title='bbox 1959 1028 2139 1064; x_wconf 48' lang='lat' dir='ltr'>exaratum</span> 
     </span>
     <span class='ocr_line' id='line_1_72' title="bbox 1283 1080 2109 1125; baseline 0 -12"><span class='ocrx_word' id='word_1_377' title='bbox 1283 1091 1386 1113; x_wconf 87' lang='lat' dir='ltr'>mauu</span> <span class='ocrx_word' id='word_1_378' title='bbox 1406 1085 1443 1113; x_wconf 86' lang='lat' dir='ltr'>ut</span> <span class='ocrx_word' id='word_1_379' title='bbox 1464 1081 1600 1113; x_wconf 79' lang='lat' dir='ltr'>videtur</span> <span class='ocrx_word' id='word_1_380' title='bbox 1619 1081 1746 1113; x_wconf 55' lang='lat' dir='ltr'>Sutton</span> <span class='ocrx_word' id='word_1_381' title='bbox 1767 1080 1944 1125; x_wconf 86' lang='lat' dir='ltr'>eujusdam</span> <span class='ocrx_word' id='word_1_382' title='bbox 1963 1080 2109 1125; x_wconf 87' lang='lat' dir='ltr'>seriptis.</span> 
     </span>
    </p>
   </div>
   <div class='ocr_carea' id='block_1_10' title="bbox 1302 1139 2141 1743">
    <p class='ocr_par' dir='ltr' id='par_1_48' title="bbox 1302 1139 2140 1283">
     <span class='ocr_line' id='line_1_73' title="bbox 1302 1139 2140 1181; baseline 0 -11"><span class='ocrx_word' id='word_1_383' title='bbox 1302 1139 1458 1180; x_wconf 81' lang='lat' dir='ltr'>Radulphi</span> <span class='ocrx_word' id='word_1_384' title='bbox 1475 1140 1589 1176; x_wconf 83' lang='lat' dir='ltr'>Aeton,</span> <span class='ocrx_word' id='word_1_385' title='bbox 1602 1150 1695 1170; x_wconf 78' lang='lat' dir='ltr'>saerae</span> <span class='ocrx_word' id='word_1_386' title='bbox 1712 1139 1875 1180; x_wconf 85' lang='lat' dir='ltr'>theologiae</span> <span class='ocrx_word' id='word_1_387' title='bbox 1891 1140 1973 1181; x_wconf 83' lang='lat' dir='ltr'>apud</span> <span class='ocrx_word' id='word_1_388' title='bbox 1987 1140 2140 1171; x_wconf 89' lang='lat' dir='ltr'>Oxonien-</span> 
     </span>
     <span class='ocr_line' id='line_1_74' title="bbox 1322 1191 2139 1232; baseline 0 -11"><span class='ocrx_word' id='word_1_389' title='bbox 1322 1204 1370 1221; x_wconf 84' lang='lat' dir='ltr'>ses</span> <span class='ocrx_word' id='word_1_390' title='bbox 1386 1191 1575 1232; x_wconf 81' lang='lat' dir='ltr'>professoris,</span> <span class='ocrx_word' id='word_1_391' title='bbox 1592 1202 1747 1221; x_wconf 84' lang='lat' dir='ltr'>sermones</span> <span class='ocrx_word' id='word_1_392' title='bbox 1770 1191 1977 1221; x_wconf 84' lang='lat' dir='ltr'>Dominieales</span> <span class='ocrx_word' id='word_1_393' title='bbox 1998 1191 2028 1221; x_wconf 91' lang='lat' dir='ltr'>in</span> <span class='ocrx_word' id='word_1_394' title='bbox 2049 1201 2139 1222; x_wconf 85' lang='lat' dir='ltr'>evan-</span> 
     </span>
     <span class='ocr_line' id='line_1_75' title="bbox 1320 1242 2113 1283; baseline 0 -11"><span class='ocrx_word' id='word_1_395' title='bbox 1320 1243 1400 1283; x_wconf 81' lang='lat' dir='ltr'>gelia</span> <span class='ocrx_word' id='word_1_396' title='bbox 1416 1247 1446 1273; x_wconf 76' lang='lat' dir='ltr'>et</span> <span class='ocrx_word' id='word_1_397' title='bbox 1463 1242 1609 1283; x_wconf 79' lang='lat' dir='ltr'>epistolas</span> <span class='ocrx_word' id='word_1_398' title='bbox 1626 1253 1680 1282; x_wconf 85' lang='lat' dir='ltr'>per</span> <span class='ocrx_word' id='word_1_399' title='bbox 1695 1253 1820 1279; x_wconf 85' lang='lat' dir='ltr'>annum,</span> <span class='ocrx_word' id='word_1_400' title='bbox 1838 1253 1906 1272; x_wconf 87' lang='lat' dir='ltr'>eum</span> <span class='ocrx_word' id='word_1_401' title='bbox 1922 1242 2113 1283; x_wconf 84' lang='lat' dir='ltr'>praefatione.</span> 
     </span>
    </p>

    <p class='ocr_par' dir='ltr' id='par_1_49' title="bbox 1344 1293 2139 1389">
     <span class='ocr_line' id='line_1_76' title="bbox 1366 1293 2139 1335; baseline 0 -12"><span class='ocrx_word' id='word_1_402' title='bbox 1366 1294 1461 1335; x_wconf 85' lang='lat' dir='ltr'>Ineip.</span> <span class='ocrx_word' id='word_1_403' title='bbox 1479 1294 1564 1334; x_wconf 68' lang='lat' dir='ltr'>praef.</span> <span class='ocrx_word' id='word_1_404' title='bbox 1583 1298 1600 1310; x_wconf 63' lang='lat'>‘²</span> <span class='ocrx_word' id='word_1_405' title='bbox 1613 1293 1695 1323; x_wconf 84' lang='lat' dir='ltr'>Dum</span> <span class='ocrx_word' id='word_1_406' title='bbox 1722 1293 1752 1323; x_wconf 89' lang='lat' dir='ltr'>in</span> <span class='ocrx_word' id='word_1_407' title='bbox 1776 1293 1905 1323; x_wconf 85' lang='lat' dir='ltr'>ecelesia</span> <span class='ocrx_word' id='word_1_408' title='bbox 1926 1304 1995 1324; x_wconf 87' lang='lat' dir='ltr'>mea</span> <span class='ocrx_word' id='word_1_409' title='bbox 2017 1293 2139 1334; x_wconf 88' lang='lat' dir='ltr'>quietus</span> 
     </span>
     <span class='ocr_line' id='line_1_77' title="bbox 1344 1348 1970 1389; baseline 0 -11"><span class='ocrx_word' id='word_1_410' title='bbox 1344 1348 1509 1379; x_wconf 82' lang='lat' dir='ltr'>residerem</span> <span class='ocrx_word' id='word_1_411' title='bbox 1525 1353 1557 1379; x_wconf 85' lang='lat' dir='ltr'>et</span> <span class='ocrx_word' id='word_1_412' title='bbox 1573 1348 1717 1389; x_wconf 78' lang='lat' dir='ltr'>loquendi</span> <span class='ocrx_word' id='word_1_413' title='bbox 1733 1349 1773 1378; x_wconf 89' lang='lat' dir='ltr'>ad</span> <span class='ocrx_word' id='word_1_414' title='bbox 1790 1348 1970 1389; x_wconf 89' lang='lat' dir='ltr'>populum.”</span> 
     </span>
    </p>

    <p class='ocr_par' dir='ltr' id='par_1_50' title="bbox 1343 1399 2141 1543">
     <span class='ocr_line' id='line_1_78' title="bbox 1366 1399 2139 1441; baseline 0 -12"><span class='ocrx_word' id='word_1_415' title='bbox 1366 1400 1463 1441; x_wconf 84' lang='lat' dir='ltr'>lneip.</span> <span class='ocrx_word' id='word_1_416' title='bbox 1487 1411 1576 1429; x_wconf 88' lang='lat' dir='ltr'>serm.</span> <span class='ocrx_word' id='word_1_417' title='bbox 1599 1400 1616 1429; x_wconf 89' lang='lat' dir='ltr'>i.</span> <span class='ocrx_word' id='word_1_418' title='bbox 1644 1409 1661 1415; x_wconf 61' lang='lat'>⁵*</span> <span class='ocrx_word' id='word_1_419' title='bbox 1678 1399 1768 1429; x_wconf 84' lang='lat' dir='ltr'>Hora</span> <span class='ocrx_word' id='word_1_420' title='bbox 1795 1404 1841 1430; x_wconf 86' lang='lat' dir='ltr'>est</span> <span class='ocrx_word' id='word_1_421' title='bbox 1863 1399 1928 1440; x_wconf 88' lang='lat' dir='ltr'>jam</span> <span class='ocrx_word' id='word_1_422' title='bbox 1959 1410 2014 1430; x_wconf 91' lang='lat' dir='ltr'>nos</span> <span class='ocrx_word' id='word_1_423' title='bbox 2025 1400 2053 1434; x_wconf 52' lang='grc' dir='ltr'><em>Γ</em></span> <span class='ocrx_word' id='word_1_424' title='bbox 2081 1404 2139 1430; x_wconf 80' lang='lat' dir='ltr'>ete.</span> 
     </span>
     <span class='ocr_line' id='line_1_79' title="bbox 1345 1451 2137 1492; baseline 0 -11"><span class='ocrx_word' id='word_1_425' title='bbox 1345 1457 1362 1468; x_wconf 64' lang='lat'>‘⁸</span> <span class='ocrx_word' id='word_1_426' title='bbox 1377 1452 1447 1481; x_wconf 85' lang='lat' dir='ltr'>Hiis</span> <span class='ocrx_word' id='word_1_427' title='bbox 1464 1452 1573 1487; x_wconf 62' lang='lat' dir='ltr'>verbis,</span> <span class='ocrx_word' id='word_1_428' title='bbox 1592 1451 1755 1487; x_wconf 78' lang='lat' dir='ltr'>karissimi,</span> <span class='ocrx_word' id='word_1_429' title='bbox 1773 1451 1919 1481; x_wconf 87' lang='lat' dir='ltr'>hortatur</span> <span class='ocrx_word' id='word_1_430' title='bbox 1934 1462 1990 1481; x_wconf 90' lang='lat' dir='ltr'>nos</span> <span class='ocrx_word' id='word_1_431' title='bbox 2013 1456 2137 1492; x_wconf 87' lang='lat' dir='ltr'>aposto-</span> 
     </span>
     <span class='ocr_line' id='line_1_80' title="bbox 1343 1502 2141 1543; baseline -0.001 -10"><span class='ocrx_word' id='word_1_432' title='bbox 1343 1503 1390 1533; x_wconf 81' lang='lat' dir='ltr'>lus</span> <span class='ocrx_word' id='word_1_433' title='bbox 1407 1509 1441 1533; x_wconf 87' lang='lat' dir='ltr'>ut</span> <span class='ocrx_word' id='word_1_434' title='bbox 1457 1503 1625 1533; x_wconf 85' lang='lat' dir='ltr'>seeundum</span> <span class='ocrx_word' id='word_1_435' title='bbox 1643 1502 1713 1532; x_wconf 89' lang='lat' dir='ltr'>Filii</span> <span class='ocrx_word' id='word_1_436' title='bbox 1729 1503 1897 1533; x_wconf 86' lang='lat' dir='ltr'>adventum</span> <span class='ocrx_word' id='word_1_437' title='bbox 1913 1502 2141 1543; x_wconf 40' lang='lat' dir='ltr'>preparemus?</span> 
     </span>
    </p>

    <p class='ocr_par' dir='ltr' id='par_1_51' title="bbox 1343 1553 2141 1696">
     <span class='ocr_line' id='line_1_81' title="bbox 1365 1553 2141 1595; baseline -0.001 -11"><span class='ocrx_word' id='word_1_438' title='bbox 1365 1554 1471 1595; x_wconf 75' lang='lat' dir='ltr'>Desin.</span> <span class='ocrx_word' id='word_1_439' title='bbox 1488 1553 1540 1583; x_wconf 88' lang='lat' dir='ltr'>ult.</span> <span class='ocrx_word' id='word_1_440' title='bbox 1568 1562 1585 1570; x_wconf 65' lang='lat'>⁵·</span> <span class='ocrx_word' id='word_1_441' title='bbox 1601 1553 1760 1594; x_wconf 89' lang='lat' dir='ltr'>pervenire</span> <span class='ocrx_word' id='word_1_442' title='bbox 1784 1564 1966 1591; x_wconf 86' lang='lat' dir='ltr'>mereamur,</span> <span class='ocrx_word' id='word_1_443' title='bbox 1990 1553 2141 1595; x_wconf 84' lang='lat' dir='ltr'>largiente</span> 
     </span>
     <span class='ocr_line' id='line_1_82' title="bbox 1345 1603 2139 1644; baseline -0.001 -9"><span class='ocrx_word' id='word_1_444' title='bbox 1345 1606 1411 1636; x_wconf 93' lang='lat' dir='ltr'>Deo</span> <span class='ocrx_word' id='word_1_445' title='bbox 1436 1609 1467 1635; x_wconf 89' lang='lat' dir='ltr'>et</span> <span class='ocrx_word' id='word_1_446' title='bbox 1492 1604 1626 1634; x_wconf 90' lang='lat' dir='ltr'>Domino</span> <span class='ocrx_word' id='word_1_447' title='bbox 1649 1608 1756 1634; x_wconf 89' lang='lat' dir='ltr'>nostro</span> <span class='ocrx_word' id='word_1_448' title='bbox 1781 1604 1880 1634; x_wconf 87' lang='lat' dir='ltr'>Jhesu</span> <span class='ocrx_word' id='word_1_449' title='bbox 1906 1603 2052 1640; x_wconf 81' lang='lat' dir='ltr'>Christ0;</span> <span class='ocrx_word' id='word_1_450' title='bbox 2081 1604 2139 1644; x_wconf 76' lang='lat' dir='ltr'>Qui</span> 
     </span>
     <span class='ocr_line' id='line_1_83' title="bbox 1343 1655 1962 1696; baseline 0 -10"><span class='ocrx_word' id='word_1_451' title='bbox 1343 1667 1412 1686; x_wconf 82' lang='lat' dir='ltr'>eum</span> <span class='ocrx_word' id='word_1_452' title='bbox 1430 1656 1525 1686; x_wconf 86' lang='lat' dir='ltr'>Patre</span> <span class='ocrx_word' id='word_1_453' title='bbox 1542 1660 1573 1686; x_wconf 86' lang='lat' dir='ltr'>et</span> <span class='ocrx_word' id='word_1_454' title='bbox 1591 1655 1709 1696; x_wconf 83' lang='lat' dir='ltr'>Spiritu</span> <span class='ocrx_word' id='word_1_455' title='bbox 1726 1656 1842 1686; x_wconf 82' lang='lat' dir='ltr'>Sancto</span> <span class='ocrx_word' id='word_1_456' title='bbox 1853 1656 1882 1690; x_wconf 81' lang='grc'>;”</span> <span class='ocrx_word' id='word_1_457' title='bbox 1905 1660 1962 1686; x_wconf 87' lang='lat' dir='ltr'>ete.</span> 
     </span>
    </p>

    <p class='ocr_par' dir='ltr' id='par_1_52' title="bbox 1365 1707 1704 1743">
     <span class='ocr_line' id='line_1_84' title="bbox 1365 1707 1704 1743; baseline -0.006 -5"><span class='ocrx_word' id='word_1_458' title='bbox 1365 1707 1402 1738; x_wconf 90' lang='lat' dir='ltr'>In</span> <span class='ocrx_word' id='word_1_459' title='bbox 1419 1707 1511 1743; x_wconf 81' lang='lat' dir='ltr'>ealce,</span> <span class='ocrx_word' id='word_1_460' title='bbox 1530 1715 1546 1723; x_wconf 67' lang='lat'>&#39;⁸</span> <span class='ocrx_word' id='word_1_461' title='bbox 1560 1707 1704 1737; x_wconf 74' lang='lat' dir='ltr'>Sutton.”</span> 
     </span>
    </p>
   </div>
   <div class='ocr_carea' id='block_1_11' title="bbox 1261 1874 2139 1974">
    <p class='ocr_par' dir='ltr' id='par_1_53' title="bbox 1261 1874 2139 1974">
     <span class='ocr_line' id='line_1_85' title="bbox 1261 1874 2139 1918; baseline -0.003 -8"><span class='ocrx_word' id='word_1_462' title='bbox 1261 1877 1560 1916; x_wconf 77' lang='lat' dir='ltr'>MembranaeeuS,</span> <span class='ocrx_word' id='word_1_463' title='bbox 1589 1876 1622 1908; x_wconf 89' lang='lat' dir='ltr'>in</span> <span class='ocrx_word' id='word_1_464' title='bbox 1650 1875 1732 1908; x_wconf 84' lang='lat' dir='ltr'>folio</span> <span class='ocrx_word' id='word_1_465' title='bbox 1758 1875 1887 1918; x_wconf 78' lang='lat' dir='ltr'>majori,</span> <span class='ocrx_word' id='word_1_466' title='bbox 1915 1874 1948 1908; x_wconf 85' lang='lat' dir='ltr'>ff.</span> <span class='ocrx_word' id='word_1_467' title='bbox 1969 1877 2048 1912; x_wconf 77' lang='lat'>218,</span> <span class='ocrx_word' id='word_1_468' title='bbox 2073 1886 2139 1907; x_wconf 84' lang='lat' dir='ltr'>see.</span> 
     </span>
     <span class='ocr_line' id='line_1_86' title="bbox 1284 1934 1845 1974; baseline -0.004 -6"><span class='ocrx_word' id='word_1_469' title='bbox 1284 1936 1364 1974; x_wconf 87' lang='lat' dir='ltr'>xiv.‚</span> <span class='ocrx_word' id='word_1_470' title='bbox 1382 1935 1469 1968; x_wconf 84' lang='lat' dir='ltr'>binis</span> <span class='ocrx_word' id='word_1_471' title='bbox 1487 1934 1657 1968; x_wconf 83' lang='lat' dir='ltr'>columnis</span> <span class='ocrx_word' id='word_1_472' title='bbox 1675 1938 1845 1967; x_wconf 75' lang='lat' dir='ltr'>exaratus.</span> 
     </span>
    </p>
   </div>
   <div class='ocr_carea' id='block_1_12' title="bbox 1301 1993 2141 2808">
    <p class='ocr_par' dir='ltr' id='par_1_54' title="bbox 1302 1993 2140 2137">
     <span class='ocr_line' id='line_1_87' title="bbox 1302 1993 2139 2026; baseline -0.004 0"><span class='ocrx_word' id='word_1_473' title='bbox 1302 1997 1330 2026; x_wconf 86' lang='lat'>1.</span> <span class='ocrx_word' id='word_1_474' title='bbox 1348 1995 1498 2026; x_wconf 84' lang='lat' dir='ltr'>Guidonis</span> <span class='ocrx_word' id='word_1_475' title='bbox 1514 1994 1620 2025; x_wconf 85' lang='lat' dir='ltr'>fratris</span> <span class='ocrx_word' id='word_1_476' title='bbox 1636 1994 1674 2024; x_wconf 85' lang='lat' dir='ltr'>de</span> <span class='ocrx_word' id='word_1_477' title='bbox 1690 1994 1796 2024; x_wconf 88' lang='lat' dir='ltr'>ordine</span> <span class='ocrx_word' id='word_1_478' title='bbox 1813 1993 2057 2024; x_wconf 80' lang='lat' dir='ltr'>Praedieatorum</span> <span class='ocrx_word' id='word_1_479' title='bbox 2077 2004 2139 2023; x_wconf 83' lang='lat' dir='ltr'>ser-</span> 
     </span>
     <span class='ocr_line' id='line_1_88' title="bbox 1364 2044 2140 2086; baseline -0.003 -10"><span class='ocrx_word' id='word_1_480' title='bbox 1364 2058 1469 2077; x_wconf 87' lang='lat' dir='ltr'>mones</span> <span class='ocrx_word' id='word_1_481' title='bbox 1486 2046 1694 2076; x_wconf 77' lang='lat' dir='ltr'>Dominicales</span> <span class='ocrx_word' id='word_1_482' title='bbox 1719 2056 1796 2086; x_wconf 88' lang='lat' dir='ltr'>quos</span> <span class='ocrx_word' id='word_1_483' title='bbox 1819 2044 1996 2085; x_wconf 87' lang='lat' dir='ltr'>compilavit</span> <span class='ocrx_word' id='word_1_484' title='bbox 2016 2044 2048 2074; x_wconf 90' lang='lat' dir='ltr'>in</span> <span class='ocrx_word' id='word_1_485' title='bbox 2071 2055 2140 2074; x_wconf 90' lang='lat' dir='ltr'>con-</span> 
     </span>
     <span class='ocr_line' id='line_1_89' title="bbox 1364 2095 2040 2137; baseline -0.004 -9"><span class='ocrx_word' id='word_1_486' title='bbox 1364 2103 1457 2128; x_wconf 77' lang='lat' dir='ltr'>ventu</span> <span class='ocrx_word' id='word_1_487' title='bbox 1474 2097 1686 2132; x_wconf 73' lang='lat' dir='ltr'>Ebroinoensi,</span> <span class='ocrx_word' id='word_1_488' title='bbox 1703 2107 1771 2127; x_wconf 83' lang='lat' dir='ltr'>cum</span> <span class='ocrx_word' id='word_1_489' title='bbox 1788 2096 1924 2137; x_wconf 83' lang='lat' dir='ltr'>prologo.</span> <span class='ocrx_word' id='word_1_490' title='bbox 1947 2095 1998 2126; x_wconf 82' lang='lat' dir='ltr'>fol.</span> <span class='ocrx_word' id='word_1_491' title='bbox 2015 2105 2040 2125; x_wconf 86' lang='lat'>1.</span> 
     </span>
    </p>

    <p class='ocr_par' dir='ltr' id='par_1_55' title="bbox 1408 2146 2140 2241">
     <span class='ocr_line' id='line_1_90' title="bbox 1409 2146 2139 2190; baseline -0.004 -11"><span class='ocrx_word' id='word_1_492' title='bbox 1409 2149 1505 2190; x_wconf 88' lang='lat' dir='ltr'>Ineip.</span> <span class='ocrx_word' id='word_1_493' title='bbox 1524 2148 1600 2189; x_wconf 88' lang='lat' dir='ltr'>prol.</span> <span class='ocrx_word' id='word_1_494' title='bbox 1618 2154 1635 2164; x_wconf 67' lang='lat'>⁴*</span> <span class='ocrx_word' id='word_1_495' title='bbox 1650 2148 1829 2178; x_wconf 87' lang='lat' dir='ltr'>Notandum</span> <span class='ocrx_word' id='word_1_496' title='bbox 1845 2152 1893 2177; x_wconf 88' lang='lat' dir='ltr'>est</span> <span class='ocrx_word' id='word_1_497' title='bbox 1910 2146 1939 2177; x_wconf 90' lang='lat' dir='ltr'>in</span> <span class='ocrx_word' id='word_1_498' title='bbox 1958 2146 2139 2188; x_wconf 83' lang='lat' dir='ltr'>prineipio.”</span> 
     </span>
     <span class='ocr_line' id='line_1_91' title="bbox 1408 2197 2140 2241; baseline -0.004 -11"><span class='ocrx_word' id='word_1_499' title='bbox 1408 2201 1505 2241; x_wconf 76' lang='lat' dir='ltr'>Ineip.</span> <span class='ocrx_word' id='word_1_500' title='bbox 1534 2211 1623 2230; x_wconf 78' lang='lat' dir='ltr'>serm.</span> <span class='ocrx_word' id='word_1_501' title='bbox 1650 2200 1667 2229; x_wconf 91' lang='lat' dir='ltr'>i.</span> <span class='ocrx_word' id='word_1_502' title='bbox 1695 2204 1715 2216; x_wconf 85' lang='lat'><strong>“</strong></span> <span class='ocrx_word' id='word_1_503' title='bbox 1739 2199 1827 2229; x_wconf 83' lang='lat' dir='ltr'>Nunc</span> <span class='ocrx_word' id='word_1_504' title='bbox 1854 2202 1901 2228; x_wconf 87' lang='lat' dir='ltr'>est</span> <span class='ocrx_word' id='word_1_505' title='bbox 1930 2197 2140 2239; x_wconf 87' lang='lat' dir='ltr'>propinquior,</span> 
     </span>
    </p>

    <p class='ocr_par' dir='ltr' id='par_1_56' title="bbox 1386 2250 2139 2292">
     <span class='ocr_line' id='line_1_92' title="bbox 1386 2250 2139 2292; baseline -0.004 -10"><span class='ocrx_word' id='word_1_506' title='bbox 1386 2258 1442 2282; x_wconf 81' lang='lat' dir='ltr'>ete.</span> <span class='ocrx_word' id='word_1_507' title='bbox 1490 2252 1590 2292; x_wconf 88' lang='lat' dir='ltr'>Prope</span> <span class='ocrx_word' id='word_1_508' title='bbox 1607 2256 1654 2282; x_wconf 87' lang='lat' dir='ltr'>est</span> <span class='ocrx_word' id='word_1_509' title='bbox 1672 2251 1824 2281; x_wconf 84' lang='lat' dir='ltr'>Dominus</span> <span class='ocrx_word' id='word_1_510' title='bbox 1840 2250 1982 2280; x_wconf 88' lang='lat' dir='ltr'>omnibus</span> <span class='ocrx_word' id='word_1_511' title='bbox 1998 2250 2139 2279; x_wconf 85' lang='lat' dir='ltr'>invocan-</span> 
     </span>
    </p>

    <p class='ocr_par' dir='ltr' id='par_1_57' title="bbox 1386 2303 1583 2339">
     <span class='ocr_line' id='line_1_93' title="bbox 1386 2303 1583 2339; baseline -0.01 -5"><span class='ocrx_word' id='word_1_512' title='bbox 1386 2304 1469 2339; x_wconf 76' lang='lat' dir='ltr'>tibus</span> <span class='ocrx_word' id='word_1_513' title='bbox 1485 2303 1583 2333; x_wconf 73' lang='lat' dir='ltr'>eum.”</span> 
     </span>
    </p>

    <p class='ocr_par' dir='ltr' id='par_1_58' title="bbox 1386 2352 2140 2444">
     <span class='ocr_line' id='line_1_94' title="bbox 1408 2352 2140 2388; baseline -0.005 -3"><span class='ocrx_word' id='word_1_514' title='bbox 1408 2354 1512 2385; x_wconf 81' lang='lat' dir='ltr'>Desin.</span> <span class='ocrx_word' id='word_1_515' title='bbox 1537 2354 1591 2384; x_wconf 90' lang='lat' dir='ltr'>ult.</span> <span class='ocrx_word' id='word_1_516' title='bbox 1619 2358 1636 2370; x_wconf 83' lang='lat'>“</span> <span class='ocrx_word' id='word_1_517' title='bbox 1652 2353 1743 2383; x_wconf 82' lang='lat' dir='ltr'>finem</span> <span class='ocrx_word' id='word_1_518' title='bbox 1767 2363 1839 2383; x_wconf 88' lang='lat' dir='ltr'>vero</span> <span class='ocrx_word' id='word_1_519' title='bbox 1860 2352 1955 2382; x_wconf 85' lang='lat' dir='ltr'>vitam</span> <span class='ocrx_word' id='word_1_520' title='bbox 1982 2357 2140 2388; x_wconf 67' lang='lat' dir='ltr'>eternam,</span> 
     </span>
     <span class='ocr_line' id='line_1_95' title="bbox 1386 2404 1851 2444; baseline -0.004 -9"><span class='ocrx_word' id='word_1_521' title='bbox 1386 2406 1488 2436; x_wconf 84' lang='lat' dir='ltr'>Amen</span> <span class='ocrx_word' id='word_1_522' title='bbox 1504 2405 1587 2435; x_wconf 87' lang='lat' dir='ltr'>dieat</span> <span class='ocrx_word' id='word_1_523' title='bbox 1603 2405 1702 2434; x_wconf 89' lang='lat' dir='ltr'>omnis</span> <span class='ocrx_word' id='word_1_524' title='bbox 1717 2404 1851 2444; x_wconf 74' lang='lat' dir='ltr'>legens.”</span> 
     </span>
    </p>

    <p class='ocr_par' dir='ltr' id='par_1_59' title="bbox 1301 2458 2141 2603">
     <span class='ocr_line' id='line_1_96' title="bbox 1301 2458 2141 2501; baseline -0.002 -11"><span class='ocrx_word' id='word_1_525' title='bbox 1301 2462 1329 2490; x_wconf 69' lang='lat'>2.</span> <span class='ocrx_word' id='word_1_526' title='bbox 1348 2460 1495 2501; x_wconf 83' lang='lat' dir='ltr'>Ejusdem</span> <span class='ocrx_word' id='word_1_527' title='bbox 1509 2461 1546 2500; x_wconf 67' lang='lat'>[3]</span> <span class='ocrx_word' id='word_1_528' title='bbox 1572 2459 1680 2490; x_wconf 89' lang='lat' dir='ltr'>divisio</span> <span class='ocrx_word' id='word_1_529' title='bbox 1704 2459 1877 2489; x_wconf 87' lang='lat' dir='ltr'>thematum</span> <span class='ocrx_word' id='word_1_530' title='bbox 1893 2458 1930 2488; x_wconf 84' lang='lat' dir='ltr'>de</span> <span class='ocrx_word' id='word_1_531' title='bbox 1950 2458 2141 2488; x_wconf 85' lang='lat' dir='ltr'>sermonibus</span> 
     </span>
     <span class='ocr_line' id='line_1_97' title="bbox 1364 2509 2139 2552; baseline -0.003 -11"><span class='ocrx_word' id='word_1_532' title='bbox 1364 2523 1420 2552; x_wconf 90' lang='lat' dir='ltr'>pro</span> <span class='ocrx_word' id='word_1_533' title='bbox 1446 2511 1616 2542; x_wconf 83' lang='lat' dir='ltr'>Dominicis</span> <span class='ocrx_word' id='word_1_534' title='bbox 1639 2515 1670 2541; x_wconf 90' lang='lat' dir='ltr'>et</span> <span class='ocrx_word' id='word_1_535' title='bbox 1694 2510 1781 2541; x_wconf 84' lang='lat' dir='ltr'>festis</span> <span class='ocrx_word' id='word_1_536' title='bbox 1805 2521 1860 2551; x_wconf 91' lang='lat' dir='ltr'>per</span> <span class='ocrx_word' id='word_1_537' title='bbox 1883 2509 1956 2540; x_wconf 89' lang='lat' dir='ltr'>anni</span> <span class='ocrx_word' id='word_1_538' title='bbox 1982 2509 2139 2546; x_wconf 82' lang='lat' dir='ltr'>circulum,</span> 
     </span>
     <span class='ocr_line' id='line_1_98' title="bbox 1363 2562 1779 2603; baseline -0.005 -10"><span class='ocrx_word' id='word_1_539' title='bbox 1363 2573 1432 2593; x_wconf 91' lang='lat' dir='ltr'>cum</span> <span class='ocrx_word' id='word_1_540' title='bbox 1448 2563 1585 2603; x_wconf 88' lang='lat' dir='ltr'>prologo.</span> <span class='ocrx_word' id='word_1_541' title='bbox 1610 2562 1661 2592; x_wconf 86' lang='lat' dir='ltr'>fol.</span> <span class='ocrx_word' id='word_1_542' title='bbox 1676 2562 1733 2592; x_wconf 79' lang='lat'>128</span> <span class='ocrx_word' id='word_1_543' title='bbox 1751 2562 1779 2591; x_wconf 92' lang='lat' dir='ltr'>b.</span> 
     </span>
    </p>

    <p class='ocr_par' dir='ltr' id='par_1_60' title="bbox 1387 2611 2140 2747">
     <span class='ocr_line' id='line_1_99' title="bbox 1409 2611 2140 2655; baseline -0.004 -11"><span class='ocrx_word' id='word_1_544' title='bbox 1409 2614 1506 2655; x_wconf 87' lang='lat' dir='ltr'>Ineip.</span> <span class='ocrx_word' id='word_1_545' title='bbox 1532 2613 1608 2654; x_wconf 90' lang='lat' dir='ltr'>prol.</span> <span class='ocrx_word' id='word_1_546' title='bbox 1638 2619 1655 2630; x_wconf 65' lang='lat'>‘⁴</span> <span class='ocrx_word' id='word_1_547' title='bbox 1672 2613 1857 2643; x_wconf 84' lang='lat' dir='ltr'>Notandum</span> <span class='ocrx_word' id='word_1_548' title='bbox 1884 2618 1931 2642; x_wconf 89' lang='lat' dir='ltr'>est</span> <span class='ocrx_word' id='word_1_549' title='bbox 1961 2611 2043 2652; x_wconf 90' lang='lat' dir='ltr'>quod</span> <span class='ocrx_word' id='word_1_550' title='bbox 2074 2611 2140 2642; x_wconf 88' lang='lat' dir='ltr'>the-</span> 
     </span>
     <span class='ocr_line' id='line_1_100' title="bbox 1387 2661 2140 2706; baseline -0.005 -11"><span class='ocrx_word' id='word_1_551' title='bbox 1387 2670 1472 2695; x_wconf 84' lang='lat' dir='ltr'>mata</span> <span class='ocrx_word' id='word_1_552' title='bbox 1498 2676 1556 2706; x_wconf 88' lang='lat' dir='ltr'>que</span> <span class='ocrx_word' id='word_1_553' title='bbox 1586 2670 1758 2705; x_wconf 87' lang='lat' dir='ltr'>sequuntur</span> <span class='ocrx_word' id='word_1_554' title='bbox 1781 2667 1854 2693; x_wconf 86' lang='lat' dir='ltr'>sunt</span> <span class='ocrx_word' id='word_1_555' title='bbox 1874 2663 1912 2693; x_wconf 89' lang='lat' dir='ltr'>de</span> <span class='ocrx_word' id='word_1_556' title='bbox 1941 2661 2140 2692; x_wconf 75' lang='lat' dir='ltr'>sermonibus</span> 
     </span>
     <span class='ocr_line' id='line_1_101' title="bbox 1387 2715 1852 2747; baseline -0.002 -1"><span class='ocrx_word' id='word_1_557' title='bbox 1387 2717 1622 2747; x_wconf 84' lang='lat' dir='ltr'>dominicalibus</span> <span class='ocrx_word' id='word_1_558' title='bbox 1639 2716 1736 2747; x_wconf 85' lang='lat' dir='ltr'>totius</span> <span class='ocrx_word' id='word_1_559' title='bbox 1751 2715 1852 2746; x_wconf 68' lang='lat' dir='ltr'>anni.“&#39;</span> 
     </span>
    </p>

    <p class='ocr_par' dir='ltr' id='par_1_61' title="bbox 1408 2765 2140 2808">
     <span class='ocr_line' id='line_1_102' title="bbox 1408 2765 2140 2808; baseline -0.005 -9"><span class='ocrx_word' id='word_1_560' title='bbox 1408 2768 1530 2799; x_wconf 89' lang='lat' dir='ltr'>Titulus</span> <span class='ocrx_word' id='word_1_561' title='bbox 1560 2768 1733 2799; x_wconf 84' lang='lat' dir='ltr'>thematum</span> <span class='ocrx_word' id='word_1_562' title='bbox 1763 2777 1819 2808; x_wconf 88' lang='lat' dir='ltr'>pro</span> <span class='ocrx_word' id='word_1_563' title='bbox 1844 2765 1932 2796; x_wconf 88' lang='lat' dir='ltr'>festis</span> <span class='ocrx_word' id='word_1_564' title='bbox 1955 2769 2013 2803; x_wconf 87' lang='lat' dir='ltr'>est,</span> <span class='ocrx_word' id='word_1_565' title='bbox 2038 2770 2056 2782; x_wconf 71' lang='lat'>‘⁵</span> <span class='ocrx_word' id='word_1_566' title='bbox 2072 2765 2140 2795; x_wconf 87' lang='lat' dir='ltr'>Ista</span> 
     </span>
    </p>
   </div>
  </div>
 </body>
</html>
