2254 3117
649 150 889 185 COLLEGII
915 147 1321 184 LINCOLNIENSIS.

181 246 245 277 lum
263 247 440 277 secundum.
489 247 617 278 Lemma
633 248 742 284 Grece,
761 247 873 278 Latine
888 247 961 277 dici—

180 302 233 328 tur
247 297 381 338 rogatiO.
427 298 504 329 Tres
520 299 585 330 dies
599 299 824 340 rogationum?

76 354 124 382 14.
144 352 220 384 Vita
238 353 269 383 S.
284 353 441 384 Brendani
457 354 590 386 abbatis.
614 355 665 386 fol.
684 357 740 385 156
757 355 786 385 b.

206 403 304 444 Incip.
323 410 340 420 '⁴
354 404 487 436 Sanctus
504 405 688 436 Brendanus
702 406 782 436 filius
799 406 958 443 Finlocha,

180 454 302 495 nepotis
317 455 408 486 alti.”

201 506 307 536 Desin.
325 511 343 523 “
360 507 493 547 gloriose
508 508 655 549 migravit
671 508 711 538 ad
725 508 900 545 Dominum,
912 510 959 540 cui

181 565 229 588 est
245 558 375 593 honor.''
391 564 450 590 etc.

202 608 240 639 In
263 609 358 645 calce,
381 615 400 627 ‘¹
421 610 561 652 Explicit
585 611 649 642 vita
674 612 779 643 Sancti
803 612 959 643 Breudani

179 660 305 692 abbatis
322 662 360 692 de
378 662 508 692 diversis
523 662 708 693 miraculis*

77 718 125 746 15.
150 715 293 757 Epistola
326 717 468 757 magistri
501 717 634 748 Bernicii
667 718 887 749 Lincolniensis
920 720 958 750 ad

160 768 344 809 magistrum
361 768 557 800 Gilebertum
578 770 616 800 de
639 770 882 813 Sempringham.
908 772 959 802 sol.

162 829 220 860 205
238 820 267 850 b.

206 871 302 913 Incip.
337 876 355 889 ‘⁶
371 872 556 904 Sanctitatis
585 879 695 904 vestrae
725 875 819 906 verba
845 875 960 906 zelatus

183 923 311 964 dignum
328 923 432 954 duxi.''

204 974 243 1004 In
259 974 353 1011 calce,
377 979 395 991 “
412 974 550 1016 Explicit
574 975 706 1016 epistola
730 976 776 1006 vel
801 978 961 1019 apologius

184 1025 319 1057 Bernicii
339 1026 565 1057 Lincollnensis
587 1027 625 1057 ad
652 1026 847 1059 Gilebertum
867 1029 961 1070 magi-

184 1082 283 1108 strum
299 1077 636 1119 Sempingamcnscm.”

205 1132 385 1174 Sequuntur
400 1144 506 1163 versus
522 1144 575 1163 sex
587 1145 594 1169 3
615 1132 707 1174 incip.

101 1189 118 1201 ‘⁶
131 1183 261 1215 Terram
277 1184 379 1214 nullus
394 1188 462 1215 aret
479 1184 509 1214 in
526 1195 587 1224 qua
604 1195 672 1225 spes
692 1184 815 1215 seminis
830 1185 926 1216 aret.”

207 1234 245 1265 In
261 1234 354 1272 calce,

101 1291 118 1302 *²
131 1285 190 1316 Dic
203 1297 259 1327 pro
271 1296 343 1316 vase
356 1286 465 1316 batum
478 1286 603 1327 proprio
616 1297 672 1327 pro
684 1286 807 1317 nomine
820 1286 962 1318 Batum.''

430 1387 617 1421 XXVIII.

80 1451 200 1485 Codex
224 1450 520 1491 membranaceus,
539 1450 574 1483 in
593 1452 654 1484 4to
676 1451 808 1491 minori,
834 1451 867 1485 ff.
884 1454 963 1487 108.

105 1520 171 1543 see.
187 1520 266 1549 xv.;
292 1509 381 1543 binis
399 1508 570 1542 columnis
588 1514 758 1543 exaratus.

123 1577 150 1606 1.
167 1576 335 1607 Tractatus
355 1575 440 1606 beati
464 1575 616 1606 Bernardi
641 1576 679 1606 de
701 1575 912 1616 compassione
928 1576 964 1607 B.

186 1626 234 1657 M.
252 1626 401 1667 Virginis.
425 1626 476 1656 fol.
495 1636 519 1656 1.

231 1677 329 1719 Incip.
347 1682 366 1695 ‘⁶
380 1677 455 1717 Quis
471 1677 559 1708 dabit
575 1677 670 1718 capiti
685 1688 754 1708 meo
769 1678 912 1718 aquam.”

124 1735 154 1764 2.
172 1733 316 1764 Historia
331 1734 370 1765 de
385 1733 598 1774 assumptione
614 1733 800 1764 miraculosa
815 1733 850 1764 Β.
866 1734 909 1764 M.
923 1734 964 1763 V.

188 1785 239 1816 fol.
253 1795 300 1816 10.

232 1835 332 1877 Incip.
350 1840 368 1853 ‘⁴
383 1836 462 1867 Cum
478 1836 623 1867 Salvator
637 1840 743 1866 noster
758 1836 778 1866 J
781 1837 903 1867 hesus.’'

127 1893 156 1922 3.
174 1891 318 1923 Historia
332 1892 434 1923 altera
456 1892 494 1922 de
515 1891 624 1922 eadem
647 1903 686 1922 ex
709 1892 887 1923 narratione
905 1892 967 1923 Eli-

192 1943 331 1974 zabethae
347 1943 518 1980 monachae,
534 1943 714 1973 monasterii
730 1943 768 1974 dc
784 1943 966 1985 Stonangia‚

189 2005 272 2025 anno
289 2003 379 2036 1152.
402 1994 454 2024 fol.
470 2003 517 2033 17.

213 2045 310 2087 Incip.
328 2050 348 2063 “
362 2045 399 2076 In
415 2056 497 2076 anno
512 2056 603 2086 quem
618 2056 673 2086 per
687 2044 858 2086 angelum?

129 2101 156 2130 4.
175 2100 206 2131 S.
219 2100 370 2138 Anselmi,
387 2100 522 2142 archiep.
539 2100 688 2132 Cantuar.
704 2100 782 2130 liber
796 2100 834 2130 de
850 2101 966 2131 eodem.

192 2151 242 2181 fol.
262 2161 297 2193 19
313 2151 344 2182 b.

234 2202 334 2244 Incip.
353 2207 370 2220 ‘⁴
387 2203 440 2234 Ad
456 2203 649 2244 interrogata
664 2203 702 2232 de
718 2201 873 2243 virginis.'’

130 2259 160 2288 5.
179 2257 315 2288 Libellus
338 2258 376 2288 de
399 2258 531 2288 infantia
564 2257 744 2294 Salvatoris‚
777 2257 826 2298 [ex
855 2257 877 2287 J
880 2257 967 2288 acobi

194 2309 431 2351 Protevangelio
441 2311 463 2351 3]
491 2309 542 2339 fol.
558 2310 606 2340 28.

237 2359 336 2400 Incip.
362 2364 381 2377 ‘⁶
399 2360 479 2390 Erat
503 2360 549 2390 vir
573 2360 603 2389 in
630 2358 726 2389 Israel
749 2358 871 2389 nomine
893 2358 968 2389 Joa-

213 2410 323 2441 chim.”

236 2461 282 2493 Cf.
304 2462 430 2493 Fabric.
446 2462 561 2503 Apocr.
580 2461 663 2492 Hist.
682 2461 758 2491 Nov.
776 2461 859 2491 Test.
877 2472 906 2502 p.
919 2462 967 2491 66.

132 2516 161 2547 6.
178 2517 336 2548 Methodii
361 2517 543 2548 Patarensis
572 2516 692 2547 libellus
717 2516 755 2546 de
775 2516 875 2553 initio,
900 2527 969 2556 pro-

193 2579 301 2609 gressu
324 2572 356 2599 et
376 2568 436 2598 fine
461 2568 580 2604 mundi,
601 2566 716 2608 praevio
739 2566 769 2597 S.
787 2566 969 2607 Hieronymi

195 2618 332 2660 prologo.
356 2618 407 2649 fol.
423 2628 463 2659 43
481 2619 510 2648 b.

237 2668 335 2709 Incip.
352 2668 430 2709 prol.
449 2673 466 2684 ‘²
481 2667 641 2698 Metodius
656 2667 728 2697 olim
745 2666 879 2698 Cilicie.’'

237 2719 335 2761 Incip.
351 2719 423 2750 hist.
441 2723 459 2736 ‘⁶
474 2718 638 2749 Sciendum
653 2722 701 2748 est
716 2717 830 2748 vobis.”

133 2776 161 2806 7.
178 2774 226 2805 De
242 2774 337 2816 signis
352 2778 426 2805 ante
443 2774 523 2804 diem
539 2773 561 2804 J
564 2773 665 2804 udicii.
689 2773 742 2803 fol.
758 2781 795 2814 51
812 2772 842 2803 b.

1847 154 1867 184 {0

1871 154 1890 186 *l

1144 251 1236 292 Incip.
1255 251 1461 281 ‘'Jcronimus
1478 251 1506 281 in
1523 251 1712 281 annalibus.”

1033 302 1061 331 8.
1080 301 1126 331 Do
1142 309 1241 332 morte
1259 302 1338 332 Adae
1354 307 1385 331 et
1402 302 1439 331 (10
1455 301 1537 341 ligno
1553 301 1659 331 crucis.
1685 300 1733 330 fol.
1752 309 1790 340 52
1809 300 1837 329 b.

1139 351 1234 392 Incip.
1253 357 1269 368 “
1288 352 1365 382 Post
1382 356 1540 392 peccatum
1559 351 1664 381 Adrus*

1033 409 1062 439 9.
1083 407 1252 438 Meditatio
1280 407 1416 437 Anselmi
1441 408 1479 437 (10
1509 407 1719 447 redemptione
1745 406 1888 436 humana.

1097 458 1146 488 sol.
1159 469 1210 498 59.

1140 509 1235 550 Incip.
1255 514 1272 526 “
1285 509 1401 539 Anima
1417 508 1604 545 Christiana.
1623 508 1726 538 anima
1746 508 1783 538 de
1803 507 1887 548 gravi

1118 562 1257 596 11101·10;”
1281 569 1315 591 ut
1332 561 1413 591 intcr
1428 571 1530 601 opera,
1549 569 1636 599 1721,
1652 571 1680 600 p.
1694 569 1761 590 221.

1014 617 1062 646 10.
1082 616 1228 646 Narratio
1244 627 1280 646 ex
1301 616 1390 646 Beda»
1407 615 1551 645 Historia
1567 614 1782 645 ecclesiastica.
1805 614 1825 644 f.
1839 615 1887 643 66.

1141 667 1235 707 Incip.
1253 671 1272 683 ‘⁸
1285 667 1364 697 Erat
1379 666 1600 707 paterfamilias
1614 666 1643 696 in
1658 665 1779 706 regione
1792 665 1889 695 Noth-

1117 717 1387 758 anliymbi·oru1n.”

1014 773 1064 801 11.
1085 771 1305 812 I'urgatorium
1334 772 1363 802 S.
1387 771 1527 808 patricii,
1558 782 1612 812 pcr
1638 771 1719 812 quod
1749 769 1891 800 transivit

1100 823 1224 863 quidam
1248 823 1334 853 milcs
1355 823 1476 853 nominc
1493 822 1616 863 Oweyn,
1634 821 1747 863 praevia
1763 820 1892 861 epistola

1098 874 1204 904 fratris
1220 874 1265 904 H.
1281 874 1423 904 monachi
1439 874 1476 903 dc
1494 873 1637 903 Saltaria.
1661 872 1712 902 fol.
1732 881 1778 912 75.

1142 928 1258 959 Exstat
1274 929 1412 969 impress.
1430 928 1461 958 in
1477 928 1601 968 Colgan.
1617 927 1721 957 Triad.
1739 926 1891 956 Thauma-

1119 983 1200 1020 turg.
1218 991 1245 1021 p.
1261 990 1329 1019 274.

1016 1035 1064 1065 12.
1082 1034 1233 1065 Narratio
1258 1034 1295 1064 de
1320 1034 1454 1074 quodam
1478 1033 1588 1064 clerico
1613 1033 1743 1062 ducente
1767 1031 1894 1061 choreas

1100 1085 1130 1115 in
1146 1084 1323 1115 coemiterio.
1348 1084 1399 1114 sol.
1414 1084 1464 1124 98.

1142 1136 1239 1177 Incip.
1258 1140 1274 1152 “
1290 1135 1358 1176 Ego
1374 1139 1530 1176 peccator,
1547 1133 1669 1163 nomine
1685 1132 1868 1162 Osbertus.”

1015 1193 1065 1223 18.
1082 1192 1201 1231 Quibus
1215 1191 1314 1222 modis
1329 1191 1471 1221 delentur
1486 1193 1614 1230 peccata
1626 1187 1774 1221 venialia;
1793 1187 1894 1225 Quare

1100 1243 1232 1274 sabbato
1249 1242 1421 1273 celebretur
1437 1242 1474 1272 de
1495 1242 1588 1271 beata
1613 1239 1735 1272 Maria;
1761 1242 1818 1268 etc.
1843 1237 1892 1266 fol.

1101 1306 1140 1335 99
1157 1295 1186 1324 b-

1144 1345 1239 1386 Incip.
1258 1350 1275 1361 ‘⁵
1291 1343 1436 1375 Venialia
1456 1347 1585 1384 peccata
1609 1341 1751 1372 delentur
1766 1339 1814 1369 vii.
1831 1350 1895 1369 mo-

1123 1396 1199 1427 dis.''

1018 1455 1068 1483 14.
1085 1452 1230 1494 Oapitula
1246 1455 1380 1492 quatuor
1396 1462 1433 1480 ex
1455 1450 1484 1480 S.
1500 1449 1643 1489 Brigittae
1660 1446 1897 1478 revelationibus

1102 1507 1261 1543 excerpta,
1277 1503 1315 1533 de
1330 1502 1410 1533 bello
1426 1502 1507 1532 inter
1519 1511 1608 1541 reges
1630 1498 1769 1529 Franciae
1785 1502 1817 1528 ct
1834 1498 1897 1527 An-

1101 1554 1180 1595 gliae.
1204 1553 1254 1583 fol.
1270 1562 1337 1583 102.

1147 1604 1243 1644 Incip.
1259 1603 1278 1634 i.
1299 1608 1316 1621 ‘⁶
1331 1604 1408 1634 Cum
1424 1613 1521 1632 essem
1536 1600 1683 1632 orand0.”

1146 1655 1357 1685 Numerantur
1373 1665 1461 1695 capp.
1476 1654 1543 1688 108.
1564 1663 1634 1690 104,
1658 1661 1724 1691 105,
1741 1654 1773 1681 et
1789 1652 1837 1690 63.

1386 1760 1532 1794 XXIX.

1019 1824 1139 1859 Codex
1168 1824 1462 1862 membranaceus,
1480 1823 1515 1855 in
1535 1823 1595 1855 4to
1618 1820 1750 1858 minori,
1769 1818 1802 1852 ff.
1819 1820 1896 1853 188.

1044 1895 1109 1917 sec.
1128 1883 1196 1916 xiv.
1225 1882 1387 1920 ineuntis,
1412 1881 1501 1915 binis
1533 1879 1702 1913 columnis
1733 1877 1896 1921 scriptus:

1045 1952 1089 1973 ex
1108 1940 1197 1973 dono
1215 1937 1417 1972 fundatoris.

1063 2001 1172 2031 Florcs
1194 2011 1232 2030 ex
1260 1999 1290 2030 S.
1307 1998 1459 2029 Bernardi
1486 1997 1628 2039 operibus
1656 1995 1783 2031 collecti,
1809 1998 1840 2025 et
1866 1994 1897 2024 in

1083 2053 1177 2082 libros
1193 2052 1298 2082 decem
1311 2050 1480 2086 distributi,
1492 2060 1560 2080 cum
1573 2047 1743 2078 collectoris
1758 2046 1895 2087 prologo.

1127 2107 1188 2137 Tit.
1205 2106 1281 2148 prol.
1298 2110 1318 2124 ‘⁶
1334 2106 1398 2136 Par
1413 2109 1461 2135 est
1476 2104 1506 2134 in
1522 2103 1622 2133 verbis
1637 2102 1667 2132 id
1684 2100 1808 2131 odiseris
1820 2111 1896 2140 opus

1104 2158 1199 2194 liber;
1218 2168 1327 2198 nempe
1342 2160 1429 2198 geret
1445 2155 1546 2190 flores,
1558 2152 1707 2183 Bernardi
1723 2151 1896 2181 nobiliores.

1107 2207 1221 2248 Incipit
1236 2207 1381 2249 prologus
1397 2205 1551 2247 sequentis
1567 2203 1696 2244 operis.’'

1128 2258 1224 2299 Incip.
1243 2263 1261 2275 ‘⁵
1277 2258 1354 2289 Cum
1370 2268 1431 2287 non
1447 2267 1542 2287 essem
1558 2254 1648 2286 alieni
1664 2252 1844 2284 exercicio.”

1127 2310 1180 2340 Tit
1196 2310 1307 2350 operis,
1333 2314 1350 2325 ‘⁸
1368 2308 1480 2349 Incipit
1503 2306 1618 2347 primus
1643 2305 1720 2335 liber
1741 2302 1892 2343 exceptio-

1107 2371 1180 2391 num
1204 2360 1401 2390 collectarum
1426 2358 1464 2388 de
1487 2355 1613 2386 diversis
1637 2353 1789 2395 opusculis
1812 2351 1895 2382 beati

1107 2411 1271 2449 Bernardi,
1287 2408 1521 2442 Clarcvallensis
1536 2406 1670 2442 abbatis,
1693 2405 1730 2435 de
1752 2415 1787 2435 eo
1814 2403 1895 2444 quod

1106 2467 1153 2494 cst
1170 2463 1285 2493 Deus.”

1128 2514 1283 2544 Praecedit
1317 2511 1479 2547 distichon,
1509 2514 1528 2527 ‘⁶
1554 2508 1683 2549 Flagrat
1719 2505 1896 2536 Bernardus

1107 2576 1194 2595 sacer
1216 2565 1247 2594 in
1272 2563 1362 2594 dictis
1388 2561 1474 2603 quasi
1494 2560 1626 2593 nardus;
1651 2558 1694 2588 Et
1714 2557 1824 2598 quibus
1846 2555 1896 2585 hic

1107 2624 1227 2650 tractus
1242 2619 1319 2649 liber
1334 2621 1380 2647 est
1396 2615 1543 2656 inscripta
1558 2612 1729 2644 redactus.”

1130 2670 1228 2711 Incip.
1246 2674 1263 2686 ‘⁶
1277 2668 1356 2707 Quid
1372 2674 1419 2698 est
1436 2666 1531 2701 Deus,
1545 2664 1596 2705 qui
1612 2668 1680 2697 est;
1704 2661 1815 2693 merito
1831 2660 1895 2701 qui-

1107 2722 1195 2758 dem3
1220 2720 1261 2750 nil
1277 2717 1500 2759 competentius
1515 2714 1702 2746 eternitati.”

1128 2772 1235 2802 Dcsin.
1254 2775 1271 2787 “
1288 2770 1358 2811 quia
1374 2768 1537 2808 utrobique
1552 2765 1746 2808 poi·iculum.”

1174 2826 1194 2849 E
1213 2818 1234 2848 2
