2254 3117
742 158 979 193 COLLEGII
1009 161 1148 197 Novi.

81 255 109 286 6.
128 254 295 285 Bibliorum
338 253 504 285 Sacrorum
544 255 681 285 omnium
723 260 916 295 argumenta,

144 305 309 336 seeundum
332 303 461 334 Petrum
477 305 515 335 de
533 305 679 339 Aureolo,
697 304 772 334 Ord.
791 305 916 341 Minor„

144 356 277 396 archiep.
295 355 482 396 Aquensem.
508 356 557 386 sol.
578 358 646 395 276.

188 406 285 447 Incip.
314 405 614 437 “Considerandum
645 411 692 437 est
717 407 799 447 quod
825 407 918 448 scrip-

166 462 235 488 tura
261 457 355 487 dividi
383 462 486 498 potest
513 457 544 488 in
571 462 643 488 octo
669 463 774 498 partes
806 459 916 499 princi-

164 509 259 551 pales,
275 510 443 540 secundum
459 513 531 540 octo
548 510 655 539 modos
671 510 829 540 docendis*

188 561 290 591 Desin.
309 566 327 576 “
339 571 398 601 que
414 560 571 590 debebant
587 560 629 590 illi
645 561 824 602 contingere
839 572 858 591 a
873 561 919 591 sui

165 611 348 642 fundacione
363 623 461 652 usque
477 611 507 641 in
524 611 644 641 finemf'

84 669 110 700 7.
128 666 245 698 Tabula
269 666 300 697 S.
312 666 480 707 Scripturae
497 665 677 696 divisionem
693 666 852 701 exhibens,
870 679 917 698 se-

145 718 277 748 cundum
290 717 438 748 librorum
455 717 631 748 materiam.
655 717 707 747 fol.
724 720 792 748 281.

424 810 532 845 XVI.

43 875 160 910 Codex
187 873 477 911 membranaceus,
504 874 537 906 in
563 873 656 913 folio,
683 873 716 907 ff.
745 877 825 914 224,
852 886 919 909 sec.

68 933 145 972 xiv„
164 932 251 965 bene
269 936 431 964 exaratus
449 936 485 964 et
504 936 669 965 servatus.

84 991 319 1023 SS.Bib1i0rum
341 990 411 1020 libri
434 991 495 1021 duo
511 991 639 1032 priores,
658 991 789 1022 Genesis
805 992 921 1022 scilicet

104 1049 135 1074 et
170 1043 306 1078 Exodus,
340 1042 450 1083 glossis
481 1042 638 1073 ordinaria
669 1048 700 1074 et
730 1043 921 1074 interlineari

105 1094 260 1136 perpetuis
276 1093 431 1129 illustrati,
449 1094 570 1135 praeviis
586 1095 846 1135 prothematibus.

147 1145 182 1175 In
209 1145 346 1186 margine
374 1155 496 1186 quoque
522 1145 666 1187 glossulas
693 1147 761 1177 aliae
788 1147 837 1177 hic
862 1147 921 1178 illic

125 1197 287 1237 descriptae
303 1202 386 1227 sunt.

147 1249 184 1279 In
214 1248 303 1279 initio
327 1248 442 1278 codicis
469 1248 574 1289 agitur
606 1249 749 1289 quaestio,
777 1249 921 1280 “Utrum

126 1300 328 1342 intelligentia
340 1299 458 1341 precise
471 1305 601 1341 accepta
616 1311 672 1341 pro
685 1301 820 1331 secunda
833 1306 922 1342 parte

125 1351 276 1393 ymaginis
287 1351 449 1382 Trinitatis
459 1351 596 1382 inc-reate
607 1357 800 1393 representet
812 1353 921 1383 Filium

125 1403 155 1432 in
171 1403 289 1438 divinis,
307 1409 379 1434 actu
395 1403 530 1433 secundo
547 1403 811 1445 circumscript0.”

147 1454 243 1495 Incip.
269 1454 349 1485 “Ad
378 1455 571 1496 questionem
598 1455 677 1492 (lico,
703 1456 785 1497 quod
813 1456 923 1487 intelli-

125 1505 231 1546 gencia
248 1510 441 1547 representet
458 1506 601 1537 Filium.”

418 1599 546 1633 XVII.

48 1660 342 1702 Membrauaeeus,
377 1662 412 1695 in
441 1661 533 1699 folio,
566 1661 599 1695 ff.
632 1665 713 1701 278,
745 1674 811 1696 see.
842 1664 921 1702 xiv„

69 1719 153 1753 bene
171 1726 332 1754 exaratus
350 1725 386 1754 et
405 1726 570 1754 servatus.

86 1779 138 1810 SS.
152 1779 322 1810 Bibliorum
338 1779 408 1810 libri
425 1786 598 1821 sequentes,
614 1780 780 1818 Levitieus‚
797 1781 921 1817 scilicet,

107 1829 235 1860 Numeri
258 1834 290 1860 et
313 1830 601 1866 Deuteronomium,
618 1831 728 1872 glossis
750 1831 856 1862 itidem
872 1843 920 1862 or-

107 1880 225 1911 dinaria
240 1886 272 1912 et
288 1882 477 1913 interlineari
494 1882 646 1913 instructi.

149 1932 183 1962 In
199 1932 270 1970 fine,
287 1940 305 1948 ‘¹
320 1933 458 1974 Explicit
475 1934 766 1965 Deuteronomius.”

148 1984 294 2025 Sequitur
316 1985 347 2015 in
371 1985 453 2016 calce
476 1986 650 2023 voluminis,
669 1998 759 2016 mmm
782 1987 875 2017 altera
897 1992 923 2017 et

128 2036 287 2072 recentiori,
304 2037 493 2068 narrationis
514 2038 723 2079 fragmentum
745 2037 783 2067 de
801 2038 923 2068 famulis

128 2087 256 2124 duobus,
271 2088 323 2129 qui
339 2088 404 2130 regi
420 2089 511 2119 alicui
528 2089 711 2119 serviebant.

410 2183 554 2218 XVIII.

49 2243 340 2286 membranaceus,
374 2247 409 2280 in
437 2246 531 2286 folio,
563 2246 596 2279 ff.
629 2249 707 2285 199,
735 2257 801 2280 sec.
829 2248 922 2286 xiv.;

69 2302 158 2336 haud
186 2316 253 2338 uua
280 2316 386 2338 manu
417 2316 481 2338 nec
508 2304 630 2338 eodem
660 2310 816 2349 tempore
843 2316 923 2338 exa-

71 2366 170 2394 ratus.

88 2421 115 2450 l.
132 2420 185 2451 SS.
199 2420 370 2452 Bibliorum
400 2422 480 2457 libri,
513 2423 564 2463 qui
595 2427 775 2463 sequuntur,
806 2422 923 2453 Parali-

148 2483 300 2513 pomenon
316 2474 386 2510 duo,
404 2474 513 2505 Esdrae
530 2474 556 2505 I.
574 2478 605 2504 et
623 2474 798 2509 Nchemias,
815 2474 924 2515 glossis

149 2523 304 2555 ordinaria
319 2530 351 2555 et
367 2525 557 2555 interlineari
575 2525 729 2555 instructi.
754 2525 805 2554 fol.
820 2536 848 2563 4.

192 2574 441 2611 Praemittuntur,

108 2635 134 2654 a.
153 2624 409 2667 Paralipomenon
425 2627 498 2657 libb.
515 2627 670 2667 Capitula.
695 2626 745 2656 fol.
762 2637 785 2656 1.

110 2677 138 2708 b.
156 2683 172 2695 ¹⁵
186 2679 336 2721 Prologus
348 2681 432 2712 beati
447 2681 602 2712 Ieronomi
616 2681 779 2721 presbiteri
792 2681 822 2711 in
838 2681 924 2712 libris

173 2730 440 2772 Paralipomenon,
468 2733 550 2773 quod
575 2732 670 2762 latine
699 2731 925 2772 interpretatur

172 2781 278 2813 Verba
294 2783 445 2814 dierum.''
467 2784 519 2814 fol.
533 2794 559 2814 2.

1824 177 1843 205 :5¹

1034 271 1058 290 c.
1077 267 1094 276 “
1110 261 1187 292 Item
1206 263 1345 294 l‘rcsaeio
1362 264 1535 296 Ieroniini.“
1557 267 1606 297 fol.
1624 277 1636 297 2
1649 268 1678 297 b.

1035 315 1063 344 (l.
1081 316 1224 357 (s'apitula
1240 318 1307 348 libri
1326 320 1444 351 Esdrw.
1469 321 1518 351 fol.
1532 331 1561 362 3.

1013 418 1042 447 Q.
1064 417 1169 448 Esdrm
1193 419 1260 450 libri
1280 422 1325 451 H.
1349 423 1415 452 III.
1436 428 1467 453 et
1485 423 1544 453 IV.
1570 435 1697 464 quorum
1722 425 1846 455 ultimus

1078 468 1107 498 in
1125 470 1185 499 ‹luo
1201 471 1408 511 distinguitur.
1433 474 1482 503 fol.
1503 485 1567 514 ¹74-

1122 524 1182 555 Tit.
1201 525 1218 555 i.
1237 532 1253 540 ‘⁶
1268 526 1378 568 Incipit
1396 528 1471 559 liber
1491 529 1586 560 llsxlrc
1603 530 1780 561 secunduss‘

1356 629 1460 665 XIX.

974 687 1093 721 Codex
1124 689 1414 730 membranaceus,
1444 693 1475 724 in
1504 693 1594 728 folio,
1624 695 1654 727 ff.
1684 697 1762 731 118,
1782 708 1846 728 see.

999 745 1089 783 xiv.;
1110 745 1197 779 binis
1216 746 1384 781 columnis
1403 749 1489 782 bene
1508 756 1677 784 exaratus.

1018 810 1111 840 Liber
1123 810 1194 847 Job,
1208 811 1334 852 prologo
1348 812 1379 842 S.
1390 812 1579 853 Hieronymi,
1592 815 1846 855 protliematibus,

1037 862 1147 903 glossis
1162 863 1349 893 interlineari
1366 869 1397 894 et
1413 864 1568 895 ordinaria
1585 865 1763 896 illustratus.

1081 918 1240 949 Glossulas
1260 930 1381 959 quoque
1397 919 1515 960 aliquas
1534 920 1562 949 in
1580 922 1715 962 margine
1732 922 1849 963 supple-

1060 968 1103 999 vit
1119 980 1227 1000 manus
1244 971 1404 1001 recentior.

1082 1020 1118 1050 In
1135 1020 1226 1055 calce,
1247 1027 1264 1036 “
1277 1021 1411 1063 Explicit
1430 1022 1506 1053 liber
1522 1023 1612 1053 ‚Jobf‘

977 1186 1276 1227 Membranaeeus,
1312 1188 1345 1220 in
1382 1188 1474 1227 folio,
1511 1187 1542 1221 ff.
1575 1191 1654 1225 224,
1686 1201 1750 1222 see.
1783 1191 1850 1223 xiv.

1001 1245 1162 1283 ineuntis.
1182 1246 1290 1278 nitide
1309 1252 1478 1279 exaratus.

1022 1313 1105 1343 Libri
1130 1313 1216 1344 Sacri
1240 1314 1382 1355 quinque,
1408 1315 1531 1348 scilicet,
1561 1314 1731 1345 Salomonis
1759 1316 1852 1346 Para-

1040 1364 1128 1397 bolae,
1148 1364 1360 1401 Ecclesiastes,
1384 1365 1513 1396 Cantica
1534 1366 1742 1403 Cantieorum,
1767 1367 1852 1407 Sapi-

1040 1415 1134 1449 entia,
1174 1415 1419 1452 Ecclesiasticus,
1457 1417 1487 1447 S.
1504 1417 1685 1458 Hieronymi
1721 1418 1853 1459 prohsgis

1039 1467 1209 1508 glossisque
1222 1467 1409 1497 interlineari
1423 1472 1517 1508 atque
1530 1469 1685 1498 ordinaria
1701 1469 1852 1499 instructi.

1085 1524 1336 1559 Praemittuntur,
1353 1535 1441 1553 mam(
1458 1524 1643 1565 ‹zllqetanlnm
1662 1525 1820 1554 meatim-i.

1022 1581 1038 1589 ‘¹
1052 1574 1205 1616 Tempora
1222 1575 1369 1605 labuntur
1384 1575 1584 1605 vernantibus
1600 1575 1701 1606 invida
1718 1576 1831 1606 formis.

1085 1627 1179 1657 Dives
1196 1632 1227 1657 te
1244 1626 1328 1663 ledit,
1345 1638 1394 1656 res
1410 1630 1475 1661 tua,
1492 1637 1562 1656 nam
1579 1627 1670 1656 miser
1686 1638 1717 1656 es
1731 1640 1737 1659 ;

1056 1678 1172 1719 Sperne
1182 1678 1320 1713 fluentia,
1332 1678 1459 1718 respice,
1470 1688 1537 1707 eras
1548 1689 1581 1707 ea
1596 1678 1636 1707 nil
1646 1678 1701 1708 tibi
1714 1686 1853 1719 prosunt.

1084 1729 1188 1760 Multa
1204 1729 1355 1765 recondis,
1371 1730 1446 1760 cur?
1469 1734 1503 1759 ut
1520 1729 1652 1759 moriens
1668 1741 1703 1759 ea
1720 1730 1782 1761 (les.

1055 1782 1104 1812 Da
1117 1782 1205 1816 celer,
1219 1787 1266 1812 est
1279 1782 1429 1822 siquidem
1441 1786 1556 1817 tutum,
1569 1782 1608 1811 da
1622 1782 1799 1822 preveniens
1813 1787 1851 1811 te.

1086 1833 1119 1863 Iu
1137 1833 1269 1863 decretis
1288 1838 1360 1863 sunt
1382 1844 1472 1863 cause
1496 1832 1625 1873 triginta
1646 1844 1707 1865 sex,
1725 1838 1756 1863 et
1779 1841 1851 1873 quot

1061 1889 1133 1914 sunt
1144 1884 1247 1914 littere
1259 1883 1289 1913 in
1303 1884 1428 1925 singulis
1439 1884 1624 1914 dictionibus
1637 1884 1853 1924 premissorum

1062 1946 1213 1970 versuum,
1253 1940 1301 1966 tot
1340 1940 1411 1966 sunt
1449 1935 1624 1975 questiones
1662 1935 1690 1964 in
1729 1935 1852 1974 singulis

1061 1986 1187 2017 causis.”

979 2122 1278 2161 Membranaceus,
1298 2123 1331 2155 in
1352 2122 1444 2162 folio,
1464 2123 1498 2155 ff.
1521 2120 1598 2158 176.
1618 2133 1683 2154 see.
1704 2121 1770 2153 xiv.

1021 2192 1048 2222 1.
1068 2191 1160 2221 Liber
1178 2190 1266 2221 Isaiae
1288 2191 1457 2231 prophetae,
1476 2191 1505 2221 S.
1522 2189 1699 2230 Hieronymi
1716 2188 1849 2229 prologo.

1082 2242 1252 2283 glossisque
1262 2242 1450 2272 interlineari
1465 2247 1495 2272 et
1508 2241 1662 2271 ordinaria
1675 2240 1850 2269 instructus.

1083 2293 1132 2323 fol.
1156 2303 1180 2324 1.

1127 2345 1165 2374 In
1182 2344 1272 2380 calce,
1291 2349 1309 2360 ⁴⁴
1324 2344 1458 2385 Explicit
1478 2343 1619 2373 Ysaias.''

1020 2410 1049 2438 2.
1067 2409 1230 2440 Canticum
1264 2408 1473 2441 Canticoru1n‚
1508 2419 1574 2437 cum
1609 2406 1787 2447 przrfatioue
1821 2413 1849 2434 vt

1082 2460 1199 2501 glossis,
1216 2464 1251 2490 ut
1267 2471 1369 2501 supra.
1394 2459 1443 2489 fol.
1457 2469 1503 2498 77.

1127 2511 1347 2542 Praefationem
1380 2510 1553 2550 insequitur
1590 2508 1732 2549 prologus
1762 2508 1851 2539 alter.

1104 2563 1193 2604 incip.
1220 2568 1236 2577 “
1253 2562 1389 2593 Materia
1410 2561 1500 2601 hujus
1516 2560 1616 2600 operis
1638 2564 1709 2588 sunt
1725 2569 1852 2598 sponsu>⁴

1104 2620 1135 2644 et
1151 2615 1294 2655 sponsa.”

1021 2678 1049 2707 3.
1068 2676 1160 2707 Liber
1183 2676 1253 2712 Job,v
1278 2675 1410 2716 prologis
1432 2673 1611 2715 glossisque.
1633 2676 1665 2702 ut
1691 2683 1792 2712 supra.
1810 2672 1852 2701 in-

1084 2733 1229 2758 structus.
1254 2727 1304 2757 fol.
1319 2727 1367 2756 86.

1128 2783 1165 2812 In
1182 2782 1272 2815 calce,
1292 2787 1309 2796 “
1323 2779 1457 2821 Explicit
1473 2779 1550 2808 liber
1565 2777 1733 2808 beatissimi
1750 2776 1843 2807 Job.‘'
