2254 3117
299 160 344 191 12
863 153 1162 189 CATALOGUS
1188 154 1421 190 CODICUM
1449 153 1558 188 MSS.

297 258 346 287 10.
364 255 557 295 Quaestiones
582 264 673 294 super
696 256 815 294 septem
831 253 926 284 libros
941 253 1058 295 priores
1075 254 1177 285 Meta-

381 306 584 348 physicorum.
609 305 658 335 fol.
676 305 745 344 196.

424 357 519 397 Incip.
538 360 556 372 ⁴⁴
573 355 811 385 Commentator
832 354 862 384 in
886 354 1013 396 prologo
1031 355 1048 385 8
1071 354 1177 396 Physi-

403 418 508 438 corum
526 406 629 436 dicit.”

297 460 345 488 ll.
363 457 556 497 Quaestiones
575 456 643 486 alise
659 467 751 496 super
766 456 931 497 septimum
946 456 1058 486 librum
1075 456 1177 487 Meta—

380 509 596 550 physieorumg
620 511 679 538 etc.
703 507 753 538 fol.
769 517 838 549 259.

422 560 520 600 Incip.
539 564 556 575 ‘⁴
571 558 661 590 Circa
682 558 775 589 istum
799 558 965 600 septimum
980 558 1091 589 librum
1110 559 1176 589 Me-

400 610 601 651 taphysicae.’'

296 663 345 692 152.
364 663 428 693 Ma.
459 661 615 691 Johannis
646 660 839 701 Tydenshale
870 661 1056 701 quaestiones
1086 671 1177 701 super

378 712 558 743 Aristotelis
574 711 669 742 libros
685 712 722 742 de
738 711 932 742 animalibus.
956 711 1006 741 sol.
1021 719 1089 750 270.

421 764 517 804 Incip.
537 768 554 780 ‘⁴
566 763 705 802 Quedam
722 769 846 804 partes3
869 767 929 793 etc.
975 761 1066 792 Circa
1082 762 1175 792 istum

399 814 511 845 librum
529 814 628 855 primo
644 813 811 856 queriturs'

420 865 458 896 In
473 866 567 902 ealce,
585 865 751 906 “Explicit
764 865 940 906 questiones
956 875 1048 905 super
1063 864 1173 894 librum

398 916 435 945 de
451 915 638 946 animalibus
658 915 816 956 disputate
831 927 850 946 a
865 915 1015 956 magistro
1030 915 1051 945 ‚J
1055 915 1174 945 ohanne

397 967 435 997 de
451 967 677 1008 Tydenshale.”

291 1020 339 1049 153.
357 1018 551 1058 Quaestiones
567 1019 605 1049 de
621 1022 708 1048 motu
724 1018 912 1049 animalium.
938 1018 988 1048 fol.
1001 1028 1064 1059 320
1080 1017 1107 1047 b.

418 1069 516 1110 Incip.
536 1074 553 1086 ‘⁶
565 1069 782 1100 Consideranti
805 1070 843 1100 de
860 1069 1001 1100 naturaf'

291 1126 340 1156 14.
358 1125 553 1164 Quaestiones
577 1125 609 1155 in
632 1124 744 1155 librum
769 1125 807 1155 de
824 1125 991 1166 juventute
1015 1129 1047 1154 et
1071 1134 1172 1154 senec-

375 1179 454 1212 tute,
471 1176 509 1205 de
524 1180 624 1206 morte
640 1180 671 1206 et
687 1175 762 1212 vita,
779 1180 838 1206 etc.
862 1176 914 1205 fol.
930 1184 1002 1216 327.

417 1227 515 1268 Incip.
534 1231 551 1243 “
565 1227 602 1257 In
618 1227 678 1258 isto
693 1227 772 1257 libro
788 1227 922 1258 intendit
936 1227 1171 1258 ‹leterniinare.''

291 1283 340 1313 15.
357 1282 551 1321 Quaestiones
572 1282 603 1312 in
625 1282 759 1323 quinque
782 1282 877 1313 libros
901 1282 1019 1323 priores
1045 1282 1170 1312 Ethico-

373 1344 450 1363 rum.
475 1333 525 1363 sol.
543 1334 616 1373 336.

418 1383 513 1424 Incip.
543 1388 560 1400 ⁴²
577 1383 684 1414 Omnis
714 1394 782 1418 ars;
819 1384 914 1425 Cujus
944 1384 1024 1414 ratio
1051 1387 1082 1414 et
1108 1383 1169 1413 duo

394 1439 466 1465 sunt
482 1434 665 1476 principia.”

288 1485 338 1516 16.
356 1485 550 1525 Quaestiones
566 1497 658 1527 super
674 1486 785 1516 librum
801 1487 961 1517 decimum.
985 1485 1035 1516 sol.
1050 1495 1121 1526 374.

415 1536 510 1577 Ineip.
530 1542 547 1553 ‘³
561 1537 650 1567 Circa
674 1537 767 1568 istum
793 1549 822 1568 x.
839 1538 986 1578 queritur,
1009 1547 1035 1573 1,
1052 1537 1168 1567 Utrum

393 1587 551 1629 pertineat
566 1588 606 1618 ad
622 1588 868 1629 philosophum?

289 1644 338 1674 17.
356 1642 556 1684 Sophismata
585 1643 726 1684 logicalia
758 1643 844 1685 [Gul.
861 1644 976 1679 Strodi,
1004 1644 1065 1674 sive
1093 1643 1164 1674 Gul.

374 1693 555 1724 Hentisbcri
568 1692 593 1734 ἓ]
617 1693 649 1723 in
665 1694 747 1724 ealce
764 1695 861 1725 mutil.
886 1695 937 1725 sol.
955 1696 1025 1727 282.

414 1744 513 1785 Incip.
542 1749 559 1761 ⁴²
576 1745 684 1775 Omnis
713 1756 857 1776 numerus
884 1750 988 1787 preter
1012 1745 1166 1776 binarium

393 1796 515 1827 excedit
531 1796 683 1826 unitatem
699 1796 728 1826 in
745 1798 902 1827 numero.''

414 1847 511 1888 Incip.
525 1847 581 1878 ult.
599 1852 616 1864 ‘⁴
629 1847 824 1888 Impossibile
840 1852 943 1889 potest
956 1860 1021 1880 csse
1034 1849 1165 1879 vernus*

639 1957 823 1992 XXXIV.

287 2028 405 2062 Codex
424 2028 714 2064 membranaceus,
734 2029 766 2061 in
786 2028 867 2061 folio
886 2030 1018 2068 minori.
1039 2030 1071 2063 ff.
1087 2029 1164 2068 162,

311 2098 377 2120 sec.
390 2087 458 2120 xiv.
472 2087 633 2126 ineuntis,
648 2092 684 2120 et
699 2087 820 2120 forsan.
837 2098 869 2120 x.
888 2088 1058 2128 ineuntis;
1077 2089 1165 2122 bene

312 2149 472 2178 exaratus
490 2149 525 2178 et
546 2148 708 2178 servatus.

331 2210 358 2239 1.
376 2208 486 2239 Glossa
501 2207 659 2238 ordinaria
673 2211 705 2238 et
722 2207 926 2239 interlinearis
946 2221 1039 2249 super
1054 2211 1164 2251 episto—

392 2259 436 2290 las
452 2264 569 2300 septem
586 2259 758 2289 canonicas
784 2259 833 2289 sol.
853 2270 875 2289 1.

434 2310 531 2351 Incip.
546 2314 563 2326 ‘⁴
577 2309 646 2340 Non
658 2310 704 2340 ita
719 2314 765 2340 est
781 2311 857 2340 ordo
872 2311 954 2352 apud
971 2312 1096 2349 Grecos,
1114 2313 1164 2353 qui

412 2362 532 2403 integre
555 2361 678 2403 sapiant
689 2362 717 2397 ;”
739 2370 798 2392 etc.
816 2366 833 2379 ‘⁶
847 2363 1005 2394 Catholice
1021 2364 1166 2395 (licuntur
1193 2385 1194 2402 3

412 2413 541 2454 epistole
557 2413 624 2450 hec,
641 2412 671 2442 id
687 2416 745 2450 est,
762 2413 976 2444 universales.”

328 2517 355 2546 52.
373 2515 466 2546 Bedae
482 2514 654 2556 presbytcri
670 2526 760 2556 super
775 2514 922 2556 epistolas
938 2515 1101 2546 canonicas
1114 2527 1163 2546 ex-

390 2566 515 2607 positio,
530 2576 599 2596 cum
614 2565 752 2607 prologo.
776 2565 827 2595 sol.
843 2575 894 2605 57.

425 2617 488 2648 Tit.
519 2617 616 2648 literis
645 2617 832 2658 majusculis,
858 2617 1034 2647 alternante
1063 2617 1164 2648 colore

411 2668 499 2710 nigro
516 2668 675 2710 viridique,
692 2672 710 2685 ‘⁸
727 2667 840 2709 Incipit
856 2667 886 2698 in
907 2668 1037 2709 epistola
1052 2668 1163 2699 Jacobi

412 2719 566 2760 expositio
582 2719 686 2750 Bedae
702 2719 894 2760 presbiteri.”

434 2770 530 2812 Incip.
552 2771 629 2812 prol.
652 2771 709 2802 sub
731 2771 832 2808 titulo,
859 2775 866 2787 ⁴
883 2770 997 2812 Incipit
1023 2771 1165 2812 prologus

1335 252 1518 284 venerabilis
1548 251 1632 283 Bede
1665 251 1838 293 presbiteri,
1862 263 1954 293 super
1981 253 2030 294 vij.
2063 265 2110 284 ca-

1335 304 1461 334 nonicas
1476 303 1645 344 epistolasss
1663 302 1711 332 “J
1715 303 1838 340 acobus,
1853 303 1976 341 Petrus,
1989 305 2011 335 J
2014 305 2109 335 ohan-

1334 367 1388 386 nes
1400 356 1426 392 ;”
1448 360 1483 386 ut
1499 355 1529 385 in
1546 354 1620 385 edit.
1638 354 1776 395 impress.

1357 407 1393 437 In
1410 406 1501 443 calce,
1524 409 1542 422 “
1558 405 1696 446 Explicit
1717 406 1869 446 expositio
1885 406 2005 438 Bedani
2028 419 2110 448 pres-

1334 458 1424 488 biteri
1440 458 1471 487 in
1488 457 1618 497 epistola
1630 457 1732 487 Judae
1748 457 1880 498 apostoli
1895 459 2089 497 A)—(HN.”

1250 561 1278 590 53,
1295 558 1525 600 Breviloquinm
1542 558 1581 589 de
1604 559 1771 590 virtutibus
1791 559 1990 601 antiquorum
2013 560 2109 601 philo-

1313 611 1489 651 sophorum.
1518 610 1600 650 quod
1629 610 1812 640 venerabilis
1844 615 1934 651 pater
1962 611 2111 652 magister

1312 660 1410 690 frater
1429 659 1447 689 J
1451 659 1588 690 ohannes
1606 659 1776 690 XVallcnsis
1799 660 1976 701 compilavit
1996 662 2036 692 ad
2057 661 2111 691 ho-

1313 722 1417 741 norem
1434 710 1494 741 Dei
1516 715 1547 741 ct
1569 711 1736 741 utilitatem
1760 711 1895 742 ecclesia}
1917 723 1970 742 sue
1991 717 2108 747 sancte.

1311 762 1352 792 ad
1379 762 1563 792 instanciam
1587 762 1702 792 domini
1728 762 1863 803 episcopi
1887 763 2109 804 Maglonensis.

1312 813 1362 843 fol.
1381 823 1448 853 154.

1354 864 1452 905 Incip.
1472 868 1491 881 ‘⁴
1509 864 1661 903 Quoniam
1684 864 1894 895 misericordia
1918 870 1950 896 et
1975 866 2107 899 veritas;

1333 920 1390 946 etc.
1427 915 1528 945 Immo
1544 920 1679 956 quatuor
1694 916 1825 947 virtutes
1841 917 2013 948 cardinales
2024 917 2052 951 3³¹
2076 922 2108 947 ut

1332 966 1363 996 in
1379 966 1452 997 edit.
1471 966 1571 1007 Lugd.
1589 977 1678 1007 1511.

1588 1085 1753 1120 XXXV.

1225 1152 1345 1186 Codex
1381 1154 1674 1194 membranaceus,
1706 1155 1740 1188 in
1767 1155 1859 1194 folio,
1884 1155 1917 1188 ff.
1937 1158 2018 1194 257,
2043 1168 2107 1189 sec.

1249 1222 1304 1244 xv.
1324 1211 1496 1252 incuntis;
1523 1213 1611 1245 binis
1630 1212 1799 1246 columnis
1817 1218 1987 1247 exaratus.

1268 1279 1294 1309 1.
1312 1279 1455 1310 Gulielmi
1483 1280 1653 1321 Mylverley
1676 1280 1893 1322 compendium
1916 1281 1954 1311 (le
1975 1281 2108 1322 quinque

1331 1330 1564 1361 universalibus.
1588 1332 1638 1361 sol.
1658 1342 1668 1362 1
1689 1332 1720 1362 b.

1371 1381 1469 1422 Incip.
1488 1386 1505 1399 ‘⁴
1520 1382 1583 1412 Pro
1599 1383 1782 1423 superficiali
1800 1383 1940 1414 notitia.“'

1372 1432 1409 1462 In
1425 1433 1517 1469 calce,
1536 1438 1554 1450 ‘⁵
1572 1433 1710 1474 Explicit
1730 1434 1978 1475 eonipendium,”
1994 1439 2052 1465 etc.

1264 1488 1292 1518 2.
1312 1487 1459 1519 Literalis
1481 1490 1639 1520 sententia
1662 1501 1754 1531 super
1771 1490 2020 1521 Przcdieamenta
2036 1490 2106 1520 Ari-

1328 1540 1449 1571 stotelis
1486 1541 1657 1571 secundum
1694 1541 1918 1582 expositionem
1963 1542 2104 1582 magistri

1326 1590 1457 1626 Roberti
1484 1591 1646 1632 Alyngton
1672 1592 1814 1623 veritatis
1838 1592 2009 1633 theologice
2035 1603 2104 1633 pro-

1326 1642 1460 1673 sessoris.
1485 1642 1534 1673 fol.
1552 1653 1582 1683 5.

1370 1694 1467 1735 Incip.
1487 1700 1504 1711 ‘⁵
1518 1694 1672 1734 Quoniam
1687 1695 1788 1736 logica
1803 1695 1842 1726 ad
1859 1695 2026 1726 omnium.”

1261 1750 1289 1779 3.
1309 1748 1479 1790 [Johannis
1496 1750 1584 1780 Duns
1601 1750 1701 1793 Scoti]
1723 1750 1860 1781 doctoris
1884 1750 2005 1782 subtilis
2026 1751 2104 1782 liber

1325 1800 1363 1830 de
1379 1800 1493 1831 anima.
1520 1801 1571 1831 fol.
1588 1811 1638 1841 43.

1368 1850 1465 1892 Incip.
1493 1858 1510 1867 ⁸·
1528 1851 1676 1890 Queritur
1700 1855 1804 1882 ntrum
1828 1863 1936 1882 sensus
1960 1854 2105 1888 tactus;”

1346 1906 1380 1932 ut
1396 1901 1477 1932 inter
1493 1913 1597 1943 opera,
1614 1906 1689 1933 tom.
1707 1902 1737 1932 ii.
1754 1914 1783 1943 p.
1796 1904 1869 1943 485.

1262 1955 1289 1983 4.
1308 1953 1460 1983 Johannis
1488 1953 1625 1995 Scharpc
1652 1954 1839 1995 quaestiones
1865 1953 1897 1984 in
1923 1954 2018 1985 libros
2041 1955 2102 1985 duo

1325 2006 1443 2046 priores
1461 2006 1674 2046 l'hysicorum.
1698 2006 1748 2036 fol.
1766 2008 1815 2036 60.

1368 2056 1465 2097 Incip.
1491 2061 1508 2073 ‘⁶
1526 2056 1643 2086 Utrum
1665 2060 1790 2087 tantum
1814 2057 1876 2087 tria
1899 2060 1971 2088 sunt
1994 2057 2102 2088 intrin-

1346 2119 1416 2138 seca
1431 2108 1563 2138 1·e1·um.”

1366 2159 1473 2189 Desin.
1499 2163 1608 2200 quaest.
1633 2159 1661 2189 ii.
1687 2164 1706 2176 ⁴⁴
1722 2159 1793 2190 Has
1822 2160 1900 2190 duas
1926 2160 2102 2201 questiones

1345 2210 1407 2240 scil.
1425 2210 1506 2240 circa
1526 2221 1536 2240 1
1554 2214 1585 2241 et
1603 2220 1619 2241 2
1641 2210 1748 2252 collegi
1769 2215 1935 2252 postquam
1953 2211 2020 2253 jam
2043 2212 2098 2241 du-

1345 2262 1417 2291 dum
1445 2261 1521 2292 alias
1549 2262 1725 2302 questiones
1752 2262 1833 2292 circa
1856 2262 2043 2302 posteriores
2067 2263 2100 2292 li-

1292 2340 1299 2347 ,
1344 2313 1416 2343 bros
1432 2313 1582 2343 consimili
1605 2313 1704 2343 forma
1726 2318 1757 2344 et
1778 2324 1922 2354 processu
1945 2313 2098 2354 conscrip<

1344 2375 1454 2400 seram,
1472 2364 1541 2394 ideo
1563 2364 1642 2394 sicut
1663 2364 1763 2394 minus
1779 2364 1996 2394 convenienter
2010 2364 2040 2394 in
2057 2364 2100 2394 eis

1344 2415 1463 2445 dictum
1483 2415 1633 2446 extiterat
1653 2415 1826 2456 imputetur
1841 2415 1987 2446 memorie
2002 2415 2099 2446 labili-

1343 2466 1403 2497 tati
1420 2470 1452 2497 et
1468 2470 1616 2506 parcatur
1631 2466 1718 2502 etati,
1735 2470 1793 2497 etc.
1840 2466 1907 2497 Deo
1924 2466 2077 2507 gracias.'⁷

1260 2519 1288 2547 5.
1307 2518 1501 2556 Quaestiones
1529 2518 1743 2548 Meteororum
1769 2529 1826 2557 per
1853 2518 1897 2548 M.
1921 2518 2098 2549 Johannem

1324 2568 1411 2598 Duns
1428 2568 1565 2603 Scotum,
1579 2568 1742 2607 juniorem.
1768 2567 1820 2598 fol.
1839 2567 1887 2597 86.

1366 2619 1462 2660 Incip.
1485 2624 1503 2635 “
1519 2618 1611 2649 Circa
1632 2619 1765 2660 primum
1789 2618 1943 2649 Metheor.
1960 2618 2098 2658 queritur

1306 2681 1309 2684 ⁴
1344 2675 1449 2701 utrum
1472 2671 1510 2701 de
1534 2671 1785 2711 impressionibus
1810 2669 2096 2710 meteorologicis:”

1344 2726 1379 2752 ut
1394 2721 1425 2751 in
1441 2721 1513 2752 odit.
1530 2721 1562 2751 in
1578 2721 1651 2752 calc.
1668 2726 1742 2752 tom.
1757 2721 1796 2751 iv.

1366 2772 1405 2802 In
1431 2773 1524 2809 calce,
1553 2777 1570 2789 “
1594 2772 1774 2813 Expliciunt
1803 2771 1979 2813 questiones
2008 2772 2095 2802 tercii
