<?xml version="1.0" encoding="UTF-8"?>
<!DOCTYPE html PUBLIC "-//W3C//DTD XHTML 1.0 Transitional//EN"
    "http://www.w3.org/TR/xhtml1/DTD/xhtml1-transitional.dtd">
<html xmlns="http://www.w3.org/1999/xhtml" xml:lang="en" lang="en">
 <head>
  <title>
</title>
<meta http-equiv="Content-Type" content="text/html;charset=utf-8" />
  <meta name='ocr-system' content='tesseract 3.04.00' />
  <meta name='ocr-capabilities' content='ocr_page ocr_carea ocr_par ocr_line ocrx_word'/>
</head>
<body>
  <div class='ocr_page' id='page_1' title='image "./cataloguscodicum01coxeuoft_0154.png"; bbox 0 0 2254 3117; ppageno 0'>
   <div class='ocr_carea' id='block_1_1' title="bbox 363 142 1596 182">
    <p class='ocr_par' dir='ltr' id='par_1_1' title="bbox 363 142 1596 182">
     <span class='ocr_line' id='line_1_1' title="bbox 363 142 1596 182; baseline 0.005 -7"><span class='ocrx_word' id='word_1_1' title='bbox 363 146 407 181; x_wconf 68' lang='lat'>74</span> <span class='ocrx_word' id='word_1_2' title='bbox 905 142 1202 178; x_wconf 81' lang='lat' dir='ltr'><strong>CATALOGUS</strong></span> <span class='ocrx_word' id='word_1_3' title='bbox 1228 145 1461 180; x_wconf 89' lang='lat' dir='ltr'>CODICUM</span> <span class='ocrx_word' id='word_1_4' title='bbox 1488 146 1596 182; x_wconf 84' lang='lat' dir='ltr'>MSS.</span> 
     </span>
    </p>
   </div>
   <div class='ocr_carea' id='block_1_2' title="bbox 361 241 1231 390">
    <p class='ocr_par' dir='ltr' id='par_1_2' title="bbox 361 241 1231 390">
     <span class='ocr_line' id='line_1_2' title="bbox 464 241 1231 280; baseline 0 -6"><span class='ocrx_word' id='word_1_5' title='bbox 464 246 587 274; x_wconf 83' lang='lat' dir='ltr'>ventum</span> <span class='ocrx_word' id='word_1_6' title='bbox 606 242 738 279; x_wconf 80' lang='lat' dir='ltr'>Domini,</span> <span class='ocrx_word' id='word_1_7' title='bbox 758 241 869 272; x_wconf 85' lang='lat' dir='ltr'>fratres</span> <span class='ocrx_word' id='word_1_8' title='bbox 891 241 1070 280; x_wconf 84' lang='lat' dir='ltr'>charissimi,</span> <span class='ocrx_word' id='word_1_9' title='bbox 1089 242 1120 274; x_wconf 92' lang='lat' dir='ltr'>in</span> <span class='ocrx_word' id='word_1_10' title='bbox 1141 247 1231 275; x_wconf 83' lang='lat' dir='ltr'>tanta</span> 
     </span>
     <span class='ocr_line' id='line_1_3' title="bbox 465 293 620 335; baseline -0.006 -11"><span class='ocrx_word' id='word_1_11' title='bbox 465 293 620 335; x_wconf 75' lang='lat' dir='ltr'>caliginc.”</span> 
     </span>
     <span class='ocr_line' id='line_1_4' title="bbox 361 350 938 390; baseline -0.005 -6"><span class='ocrx_word' id='word_1_12' title='bbox 361 354 409 384; x_wconf 87' lang='lat'>15.</span> <span class='ocrx_word' id='word_1_13' title='bbox 426 352 649 384; x_wconf 87' lang='lat' dir='ltr'>Distinctiones</span> <span class='ocrx_word' id='word_1_14' title='bbox 665 351 780 382; x_wconf 80' lang='lat' dir='ltr'>Missae.</span> <span class='ocrx_word' id='word_1_15' title='bbox 804 350 854 381; x_wconf 86' lang='lat' dir='ltr'>fol.</span> <span class='ocrx_word' id='word_1_16' title='bbox 869 353 938 390; x_wconf 83' lang='lat'>264.</span> 
     </span>
    </p>
   </div>
   <div class='ocr_carea' id='block_1_3' title="bbox 464 401 1232 485">
    <p class='ocr_par' dir='ltr' id='par_1_3' title="bbox 464 401 1232 485">
     <span class='ocr_line' id='line_1_5' title="bbox 487 401 1232 445; baseline 0.001 -11"><span class='ocrx_word' id='word_1_17' title='bbox 487 403 582 444; x_wconf 89' lang='lat' dir='ltr'>Incip.</span> <span class='ocrx_word' id='word_1_18' title='bbox 596 408 613 419; x_wconf 75' lang='lat'>‘⁴</span> <span class='ocrx_word' id='word_1_19' title='bbox 625 402 723 433; x_wconf 87' lang='lat' dir='ltr'>Missa</span> <span class='ocrx_word' id='word_1_20' title='bbox 734 401 848 432; x_wconf 90' lang='lat' dir='ltr'>dicitur</span> <span class='ocrx_word' id='word_1_21' title='bbox 860 403 946 443; x_wconf 82' lang='lat' dir='ltr'>quasi</span> <span class='ocrx_word' id='word_1_22' title='bbox 959 403 1140 441; x_wconf 75' lang='lat' dir='ltr'>transmissi,</span> <span class='ocrx_word' id='word_1_23' title='bbox 1151 404 1232 445; x_wconf 92' lang='lat' dir='ltr'>quod</span> 
     </span>
     <span class='ocr_line' id='line_1_6' title="bbox 464 453 945 485; baseline -0.002 -1"><span class='ocrx_word' id='word_1_24' title='bbox 464 455 494 485; x_wconf 89' lang='lat' dir='ltr'>in</span> <span class='ocrx_word' id='word_1_25' title='bbox 510 454 566 484; x_wconf 87' lang='lat' dir='ltr'>hoc</span> <span class='ocrx_word' id='word_1_26' title='bbox 582 453 680 484; x_wconf 79' lang='lat' dir='ltr'>officio</span> <span class='ocrx_word' id='word_1_27' title='bbox 696 453 945 484; x_wconf 83' lang='lat' dir='ltr'>Catechumcni.’&#39;</span> 
     </span>
    </p>
   </div>
   <div class='ocr_carea' id='block_1_4' title="bbox 359 512 1232 1089">
    <p class='ocr_par' dir='ltr' id='par_1_4' title="bbox 362 512 1035 554">
     <span class='ocr_line' id='line_1_7' title="bbox 362 512 1035 554; baseline 0 -10"><span class='ocrx_word' id='word_1_28' title='bbox 362 513 409 544; x_wconf 88' lang='lat'>16.</span> <span class='ocrx_word' id='word_1_29' title='bbox 423 513 512 544; x_wconf 90' lang='lat' dir='ltr'>Visio</span> <span class='ocrx_word' id='word_1_30' title='bbox 527 512 716 544; x_wconf 77' lang='lat' dir='ltr'>dilectissimi</span> <span class='ocrx_word' id='word_1_31' title='bbox 732 513 874 554; x_wconf 87' lang='lat' dir='ltr'>apostoli.</span> <span class='ocrx_word' id='word_1_32' title='bbox 897 513 948 544; x_wconf 87' lang='lat' dir='ltr'>fol.</span> <span class='ocrx_word' id='word_1_33' title='bbox 966 515 1035 544; x_wconf 82' lang='lat'>268.</span> 
     </span>
    </p>

    <p class='ocr_par' dir='ltr' id='par_1_5' title="bbox 464 563 1231 657">
     <span class='ocr_line' id='line_1_8' title="bbox 486 563 1231 605; baseline 0.001 -11"><span class='ocrx_word' id='word_1_34' title='bbox 486 564 580 605; x_wconf 82' lang='lat' dir='ltr'>Incip.</span> <span class='ocrx_word' id='word_1_35' title='bbox 598 563 701 594; x_wconf 80' lang='lat' dir='ltr'>“Dies</span> <span class='ocrx_word' id='word_1_36' title='bbox 718 564 907 602; x_wconf 76' lang='lat' dir='ltr'>Domiuieus,</span> <span class='ocrx_word' id='word_1_37' title='bbox 924 565 988 595; x_wconf 89' lang='lat' dir='ltr'>dies</span> <span class='ocrx_word' id='word_1_38' title='bbox 1008 564 1122 596; x_wconf 87' lang='lat' dir='ltr'>electus</span> <span class='ocrx_word' id='word_1_39' title='bbox 1138 568 1186 596; x_wconf 85' lang='lat' dir='ltr'>est</span> <span class='ocrx_word' id='word_1_40' title='bbox 1201 565 1231 596; x_wconf 91' lang='lat' dir='ltr'>in</span> 
     </span>
     <span class='ocr_line' id='line_1_9' title="bbox 464 615 817 657; baseline -0.003 -11"><span class='ocrx_word' id='word_1_41' title='bbox 464 625 524 657; x_wconf 91' lang='lat' dir='ltr'>quo</span> <span class='ocrx_word' id='word_1_42' title='bbox 538 615 675 656; x_wconf 83' lang='lat' dir='ltr'>gaudent</span> <span class='ocrx_word' id='word_1_43' title='bbox 690 615 817 656; x_wconf 74' lang='lat' dir='ltr'>angeli.”</span> 
     </span>
    </p>

    <p class='ocr_par' dir='ltr' id='par_1_6' title="bbox 362 672 1011 715">
     <span class='ocr_line' id='line_1_10' title="bbox 362 672 1011 715; baseline 0 -11"><span class='ocrx_word' id='word_1_44' title='bbox 362 675 408 704; x_wconf 81' lang='lat'>17.</span> <span class='ocrx_word' id='word_1_45' title='bbox 425 672 472 704; x_wconf 88' lang='lat' dir='ltr'>De</span> <span class='ocrx_word' id='word_1_46' title='bbox 488 673 672 714; x_wconf 75' lang='lat' dir='ltr'>poenitentia</span> <span class='ocrx_word' id='word_1_47' title='bbox 687 677 851 704; x_wconf 88' lang='lat' dir='ltr'>tractatus.</span> <span class='ocrx_word' id='word_1_48' title='bbox 875 673 925 704; x_wconf 86' lang='lat' dir='ltr'>fol.</span> <span class='ocrx_word' id='word_1_49' title='bbox 942 675 1011 715; x_wconf 82' lang='lat'>269.</span> 
     </span>
    </p>

    <p class='ocr_par' dir='ltr' id='par_1_7' title="bbox 461 724 1232 858">
     <span class='ocr_line' id='line_1_11' title="bbox 485 724 1232 766; baseline -0.001 -11"><span class='ocrx_word' id='word_1_50' title='bbox 485 724 581 765; x_wconf 89' lang='lat' dir='ltr'>Incip.</span> <span class='ocrx_word' id='word_1_51' title='bbox 600 730 617 742; x_wconf 68' lang='lat'>‘⁶</span> <span class='ocrx_word' id='word_1_52' title='bbox 630 725 679 755; x_wconf 87' lang='lat' dir='ltr'>De</span> <span class='ocrx_word' id='word_1_53' title='bbox 700 724 870 766; x_wconf 73' lang='lat' dir='ltr'>penitentia</span> <span class='ocrx_word' id='word_1_54' title='bbox 889 728 993 755; x_wconf 86' lang='lat' dir='ltr'>autem</span> <span class='ocrx_word' id='word_1_55' title='bbox 1009 724 1120 755; x_wconf 89' lang='lat' dir='ltr'>dicturi</span> <span class='ocrx_word' id='word_1_56' title='bbox 1136 724 1232 755; x_wconf 89' lang='lat' dir='ltr'>subti-</span> 
     </span>
     <span class='ocr_line' id='line_1_12' title="bbox 461 776 1231 818; baseline -0.001 -11"><span class='ocrx_word' id='word_1_57' title='bbox 461 776 567 807; x_wconf 78' lang='lat' dir='ltr'>litates</span> <span class='ocrx_word' id='word_1_58' title='bbox 590 780 621 808; x_wconf 88' lang='lat' dir='ltr'>et</span> <span class='ocrx_word' id='word_1_59' title='bbox 641 776 852 818; x_wconf 78' lang='lat' dir='ltr'>inquisitiones</span> <span class='ocrx_word' id='word_1_60' title='bbox 874 777 1027 808; x_wconf 84' lang='lat' dir='ltr'>theoricas</span> <span class='ocrx_word' id='word_1_61' title='bbox 1049 776 1231 818; x_wconf 73' lang='lat' dir='ltr'>praetermit-</span> 
     </span>
     <span class='ocr_line' id='line_1_13' title="bbox 464 829 595 858; baseline 0 0"><span class='ocrx_word' id='word_1_62' title='bbox 464 829 595 858; x_wconf 87' lang='lat' dir='ltr'>temus.”</span> 
     </span>
    </p>

    <p class='ocr_par' dir='ltr' id='par_1_8' title="bbox 360 885 1094 927">
     <span class='ocr_line' id='line_1_14' title="bbox 360 885 1094 927; baseline 0 -12"><span class='ocrx_word' id='word_1_63' title='bbox 360 886 408 916; x_wconf 87' lang='grc'>18.</span> <span class='ocrx_word' id='word_1_64' title='bbox 425 885 472 916; x_wconf 87' lang='lat' dir='ltr'>De</span> <span class='ocrx_word' id='word_1_65' title='bbox 487 886 631 927; x_wconf 79' lang='lat' dir='ltr'>prosapia</span> <span class='ocrx_word' id='word_1_66' title='bbox 648 886 819 917; x_wconf 87' lang='lat' dir='ltr'>Mariarum</span> <span class='ocrx_word' id='word_1_67' title='bbox 835 886 937 917; x_wconf 87' lang='lat' dir='ltr'>trium.</span> <span class='ocrx_word' id='word_1_68' title='bbox 961 885 1011 916; x_wconf 89' lang='lat' dir='ltr'>fol.</span> <span class='ocrx_word' id='word_1_69' title='bbox 1026 886 1094 926; x_wconf 80' lang='lat'>276.</span> 
     </span>
    </p>

    <p class='ocr_par' dir='ltr' id='par_1_9' title="bbox 485 936 1146 978">
     <span class='ocr_line' id='line_1_15' title="bbox 485 936 1146 978; baseline -0.002 -11"><span class='ocrx_word' id='word_1_70' title='bbox 485 937 580 978; x_wconf 89' lang='lat' dir='ltr'>Incip.</span> <span class='ocrx_word' id='word_1_71' title='bbox 599 941 616 954; x_wconf 74' lang='lat'>‘⁴</span> <span class='ocrx_word' id='word_1_72' title='bbox 630 937 721 968; x_wconf 91' lang='lat' dir='ltr'>Anna</span> <span class='ocrx_word' id='word_1_73' title='bbox 737 941 768 968; x_wconf 89' lang='lat' dir='ltr'>et</span> <span class='ocrx_word' id='word_1_74' title='bbox 784 937 898 968; x_wconf 89' lang='lat' dir='ltr'>Eniera</span> <span class='ocrx_word' id='word_1_75' title='bbox 917 937 980 977; x_wconf 66' lang='lat' dir='ltr'>[sic]</span> <span class='ocrx_word' id='word_1_76' title='bbox 999 936 1146 967; x_wconf 74' lang='lat' dir='ltr'>sorores.”</span> 
     </span>
    </p>

    <p class='ocr_par' dir='ltr' id='par_1_10' title="bbox 359 996 1230 1038">
     <span class='ocr_line' id='line_1_16' title="bbox 359 996 1230 1038; baseline 0 -12"><span class='ocrx_word' id='word_1_77' title='bbox 359 997 407 1029; x_wconf 86' lang='lat'>19.</span> <span class='ocrx_word' id='word_1_78' title='bbox 425 996 474 1027; x_wconf 87' lang='lat' dir='ltr'>De</span> <span class='ocrx_word' id='word_1_79' title='bbox 489 1001 606 1037; x_wconf 88' lang='lat' dir='ltr'>septem</span> <span class='ocrx_word' id='word_1_80' title='bbox 622 997 850 1027; x_wconf 82' lang='lat' dir='ltr'>remissionibus</span> <span class='ocrx_word' id='word_1_81' title='bbox 867 1002 1071 1038; x_wconf 80' lang='lat' dir='ltr'>pcccatorum.</span> <span class='ocrx_word' id='word_1_82' title='bbox 1095 996 1115 1026; x_wconf 86' lang='lat' dir='ltr'>s.</span> <span class='ocrx_word' id='word_1_83' title='bbox 1131 997 1189 1035; x_wconf 77' lang='lat'>276</span> <span class='ocrx_word' id='word_1_84' title='bbox 1202 996 1230 1026; x_wconf 86' lang='lat' dir='ltr'>b.</span> 
     </span>
    </p>

    <p class='ocr_par' dir='ltr' id='par_1_11' title="bbox 486 1047 1077 1089">
     <span class='ocr_line' id='line_1_17' title="bbox 486 1047 1077 1089; baseline 0 -12"><span class='ocrx_word' id='word_1_85' title='bbox 486 1047 580 1089; x_wconf 87' lang='lat' dir='ltr'>Incip.</span> <span class='ocrx_word' id='word_1_86' title='bbox 599 1052 615 1065; x_wconf 75' lang='lat'>‘⁶</span> <span class='ocrx_word' id='word_1_87' title='bbox 629 1048 753 1089; x_wconf 85' lang='lat' dir='ltr'>Septem</span> <span class='ocrx_word' id='word_1_88' title='bbox 770 1052 841 1078; x_wconf 89' lang='lat' dir='ltr'>sunt</span> <span class='ocrx_word' id='word_1_89' title='bbox 857 1048 1077 1078; x_wconf 72' lang='lat' dir='ltr'>1·01nissioncs.”</span> 
     </span>
    </p>
   </div>
   <div class='ocr_carea' id='block_1_5' title="bbox 358 1106 1232 1358">
    <p class='ocr_par' dir='ltr' id='par_1_12' title="bbox 358 1106 1232 1358">
     <span class='ocr_line' id='line_1_18' title="bbox 358 1106 1230 1139; baseline 0 -2"><span class='ocrx_word' id='word_1_90' title='bbox 358 1108 407 1138; x_wconf 71' lang='lat'>20.</span> <span class='ocrx_word' id='word_1_91' title='bbox 432 1107 480 1138; x_wconf 91' lang='lat' dir='ltr'>De</span> <span class='ocrx_word' id='word_1_92' title='bbox 510 1107 709 1138; x_wconf 76' lang='lat' dir='ltr'>sacramentis</span> <span class='ocrx_word' id='word_1_93' title='bbox 740 1111 772 1139; x_wconf 87' lang='lat' dir='ltr'>et</span> <span class='ocrx_word' id='word_1_94' title='bbox 801 1108 839 1138; x_wconf 90' lang='lat' dir='ltr'>de</span> <span class='ocrx_word' id='word_1_95' title='bbox 867 1107 1059 1138; x_wconf 79' lang='lat' dir='ltr'>dedicatione</span> <span class='ocrx_word' id='word_1_96' title='bbox 1089 1106 1230 1137; x_wconf 68' lang='lat' dir='ltr'>ccclesiae.</span> 
     </span>
     <span class='ocr_line' id='line_1_19' title="bbox 443 1158 608 1197; baseline 0.006 -9"><span class='ocrx_word' id='word_1_97' title='bbox 443 1158 492 1189; x_wconf 86' lang='lat' dir='ltr'>fol.</span> <span class='ocrx_word' id='word_1_98' title='bbox 508 1161 565 1197; x_wconf 83' lang='lat'>276</span> <span class='ocrx_word' id='word_1_99' title='bbox 579 1159 608 1189; x_wconf 87' lang='lat' dir='ltr'>b.</span> 
     </span>
     <span class='ocr_line' id='line_1_20' title="bbox 484 1208 1134 1249; baseline 0 -10"><span class='ocrx_word' id='word_1_100' title='bbox 484 1209 579 1249; x_wconf 88' lang='lat' dir='ltr'>Incip.</span> <span class='ocrx_word' id='word_1_101' title='bbox 599 1213 616 1226; x_wconf 69' lang='lat'>‘²</span> <span class='ocrx_word' id='word_1_102' title='bbox 631 1209 864 1240; x_wconf 81' lang='lat' dir='ltr'>Sacramentum</span> <span class='ocrx_word' id='word_1_103' title='bbox 880 1213 927 1240; x_wconf 86' lang='lat' dir='ltr'>est</span> <span class='ocrx_word' id='word_1_104' title='bbox 942 1208 1134 1239; x_wconf 82' lang='lat' dir='ltr'>invisil›ilis.”</span> 
     </span>
     <span class='ocr_line' id='line_1_21' title="bbox 359 1267 1232 1308; baseline 0 -10"><span class='ocrx_word' id='word_1_105' title='bbox 359 1269 408 1298; x_wconf 69' lang='lat'>21.</span> <span class='ocrx_word' id='word_1_106' title='bbox 426 1267 558 1298; x_wconf 77' lang='lat' dir='ltr'>Nomina</span> <span class='ocrx_word' id='word_1_107' title='bbox 579 1279 692 1305; x_wconf 80' lang='lat' dir='ltr'>eorum,</span> <span class='ocrx_word' id='word_1_108' title='bbox 717 1268 767 1308; x_wconf 85' lang='lat' dir='ltr'>qni</span> <span class='ocrx_word' id='word_1_109' title='bbox 791 1268 983 1308; x_wconf 80' lang='lat' dir='ltr'>sepulchrum</span> <span class='ocrx_word' id='word_1_110' title='bbox 1007 1267 1232 1303; x_wconf 81' lang='lat' dir='ltr'>custodiebant,</span> 
     </span>
     <span class='ocr_line' id='line_1_22' title="bbox 442 1318 1142 1358; baseline 0 -9"><span class='ocrx_word' id='word_1_111' title='bbox 442 1322 474 1350; x_wconf 92' lang='lat' dir='ltr'>et</span> <span class='ocrx_word' id='word_1_112' title='bbox 489 1319 527 1349; x_wconf 84' lang='lat' dir='ltr'>(le</span> <span class='ocrx_word' id='word_1_113' title='bbox 542 1319 652 1349; x_wconf 88' lang='lat' dir='ltr'>Disma</span> <span class='ocrx_word' id='word_1_114' title='bbox 668 1323 699 1349; x_wconf 89' lang='lat' dir='ltr'>et</span> <span class='ocrx_word' id='word_1_115' title='bbox 715 1318 824 1349; x_wconf 81' lang='lat' dir='ltr'>Gisma</span> <span class='ocrx_word' id='word_1_116' title='bbox 840 1330 952 1349; x_wconf 80' lang='lat' dir='ltr'>versus.</span> <span class='ocrx_word' id='word_1_117' title='bbox 976 1319 1026 1349; x_wconf 91' lang='lat' dir='ltr'>sol.</span> <span class='ocrx_word' id='word_1_118' title='bbox 1041 1320 1098 1358; x_wconf 79' lang='lat'>278</span> <span class='ocrx_word' id='word_1_119' title='bbox 1112 1319 1142 1349; x_wconf 92' lang='lat' dir='ltr'>b.</span> 
     </span>
    </p>
   </div>
   <div class='ocr_carea' id='block_1_6' title="bbox 359 1370 1262 1419">
    <p class='ocr_par' dir='ltr' id='par_1_13' title="bbox 359 1370 1262 1419">
     <span class='ocr_line' id='line_1_23' title="bbox 359 1370 1262 1419; baseline -0.001 -11"><span class='ocrx_word' id='word_1_120' title='bbox 359 1380 408 1408; x_wconf 65' lang='lat'>22.</span> <span class='ocrx_word' id='word_1_121' title='bbox 424 1377 471 1409; x_wconf 86' lang='lat' dir='ltr'>De</span> <span class='ocrx_word' id='word_1_122' title='bbox 487 1378 619 1419; x_wconf 88' lang='lat' dir='ltr'>quodam</span> <span class='ocrx_word' id='word_1_123' title='bbox 635 1389 715 1419; x_wconf 77' lang='lat' dir='ltr'>rege,</span> <span class='ocrx_word' id='word_1_124' title='bbox 731 1379 781 1419; x_wconf 86' lang='lat' dir='ltr'>qui</span> <span class='ocrx_word' id='word_1_125' title='bbox 798 1378 906 1408; x_wconf 83' lang='lat' dir='ltr'>habuit</span> <span class='ocrx_word' id='word_1_126' title='bbox 922 1382 1056 1418; x_wconf 87' lang='lat' dir='ltr'>quatuor</span> <span class='ocrx_word' id='word_1_127' title='bbox 1070 1378 1166 1411; x_wconf 79' lang='lat' dir='ltr'>filias;</span> <span class='ocrx_word' id='word_1_128' title='bbox 1189 1387 1230 1408; x_wconf 86' lang='lat' dir='ltr'>sc.</span> <span class='ocrx_word' id='word_1_129' title='bbox 1260 1370 1262 1379; x_wconf 66' lang='lat'><strong>¹</strong></span> 
     </span>
    </p>
   </div>
   <div class='ocr_carea' id='block_1_7' title="bbox 444 1429 1229 1522">
    <p class='ocr_par' dir='ltr' id='par_1_14' title="bbox 444 1429 1229 1522">
     <span class='ocr_line' id='line_1_24' title="bbox 444 1429 1229 1469; baseline -0.004 -8"><span class='ocrx_word' id='word_1_130' title='bbox 444 1430 665 1465; x_wconf 75' lang='lat' dir='ltr'>Misericordia.</span> <span class='ocrx_word' id='word_1_131' title='bbox 676 1430 813 1467; x_wconf 81' lang='lat' dir='ltr'>Veritas,</span> <span class='ocrx_word' id='word_1_132' title='bbox 824 1430 892 1460; x_wconf 86' lang='lat' dir='ltr'>Pax</span> <span class='ocrx_word' id='word_1_133' title='bbox 905 1434 935 1460; x_wconf 86' lang='lat' dir='ltr'>et</span> <span class='ocrx_word' id='word_1_134' title='bbox 948 1429 1088 1460; x_wconf 81' lang='lat' dir='ltr'>Justitia.</span> <span class='ocrx_word' id='word_1_135' title='bbox 1105 1429 1123 1460; x_wconf 87' lang='lat' dir='ltr'>f.</span> <span class='ocrx_word' id='word_1_136' title='bbox 1134 1429 1191 1469; x_wconf 84' lang='lat'>278</span> <span class='ocrx_word' id='word_1_137' title='bbox 1201 1429 1229 1459; x_wconf 84' lang='lat' dir='ltr'>b.</span> 
     </span>
     <span class='ocr_line' id='line_1_25' title="bbox 486 1481 944 1522; baseline -0.002 -10"><span class='ocrx_word' id='word_1_138' title='bbox 486 1481 582 1522; x_wconf 87' lang='lat' dir='ltr'>Incip.</span> <span class='ocrx_word' id='word_1_139' title='bbox 601 1486 618 1498; x_wconf 69' lang='lat'>‘⁶</span> <span class='ocrx_word' id='word_1_140' title='bbox 631 1481 705 1512; x_wconf 85' lang='lat' dir='ltr'>Fuit</span> <span class='ocrx_word' id='word_1_141' title='bbox 721 1481 846 1522; x_wconf 88' lang='lat' dir='ltr'>quidam</span> <span class='ocrx_word' id='word_1_142' title='bbox 861 1482 944 1512; x_wconf 76' lang='lat' dir='ltr'>rex.”</span> 
     </span>
    </p>
   </div>
   <div class='ocr_carea' id='block_1_8' title="bbox 399 1558 1231 2122">
    <p class='ocr_par' dir='ltr' id='par_1_15' title="bbox 463 1558 1231 1651">
     <span class='ocr_line' id='line_1_26' title="bbox 484 1558 1231 1601; baseline -0.003 -10"><span class='ocrx_word' id='word_1_143' title='bbox 484 1561 661 1601; x_wconf 86' lang='lat' dir='ltr'>Sequuntur</span> <span class='ocrx_word' id='word_1_144' title='bbox 677 1561 878 1591; x_wconf 82' lang='lat' dir='ltr'>Narrationes</span> <span class='ocrx_word' id='word_1_145' title='bbox 892 1560 960 1591; x_wconf 83' lang='lat' dir='ltr'>aliae</span> <span class='ocrx_word' id='word_1_146' title='bbox 976 1559 1078 1601; x_wconf 86' lang='lat' dir='ltr'>plures</span> <span class='ocrx_word' id='word_1_147' title='bbox 1096 1570 1134 1590; x_wconf 88' lang='lat' dir='ltr'>ex</span> <span class='ocrx_word' id='word_1_148' title='bbox 1147 1558 1231 1589; x_wconf 79' lang='lat' dir='ltr'>Vitis</span> 
     </span>
     <span class='ocr_line' id='line_1_27' title="bbox 463 1611 1107 1651; baseline -0.005 -8"><span class='ocrx_word' id='word_1_149' title='bbox 463 1612 655 1649; x_wconf 75' lang='lat' dir='ltr'>Sanctorum,</span> <span class='ocrx_word' id='word_1_150' title='bbox 672 1616 730 1643; x_wconf 89' lang='lat' dir='ltr'>etc.</span> <span class='ocrx_word' id='word_1_151' title='bbox 747 1611 900 1646; x_wconf 53' lang='lat' dir='ltr'>collectan</span> <span class='ocrx_word' id='word_1_152' title='bbox 925 1611 1005 1641; x_wconf 84' lang='lat' dir='ltr'>inter</span> <span class='ocrx_word' id='word_1_153' title='bbox 1020 1621 1107 1651; x_wconf 84' lang='lat' dir='ltr'>quas,</span> 
     </span>
    </p>

    <p class='ocr_par' dir='ltr' id='par_1_16' title="bbox 399 1665 1231 1808">
     <span class='ocr_line' id='line_1_28' title="bbox 399 1665 1231 1708; baseline -0.004 -10"><span class='ocrx_word' id='word_1_154' title='bbox 399 1679 426 1699; x_wconf 84' lang='lat' dir='ltr'>a.</span> <span class='ocrx_word' id='word_1_155' title='bbox 445 1667 492 1699; x_wconf 90' lang='lat' dir='ltr'>De</span> <span class='ocrx_word' id='word_1_156' title='bbox 512 1678 604 1708; x_wconf 82' lang='lat' dir='ltr'>poena</span> <span class='ocrx_word' id='word_1_157' title='bbox 626 1667 835 1698; x_wconf 77' lang='lat' dir='ltr'>adulterorum</span> <span class='ocrx_word' id='word_1_158' title='bbox 856 1671 888 1697; x_wconf 86' lang='lat' dir='ltr'>et</span> <span class='ocrx_word' id='word_1_159' title='bbox 911 1665 1174 1702; x_wconf 82' lang='lat' dir='ltr'>consentientium,</span> <span class='ocrx_word' id='word_1_160' title='bbox 1192 1676 1231 1696; x_wconf 74' lang='lat' dir='ltr'>ex</span> 
     </span>
     <span class='ocr_line' id='line_1_29' title="bbox 462 1718 1230 1758; baseline -0.005 -9"><span class='ocrx_word' id='word_1_161' title='bbox 462 1719 561 1749; x_wconf 84' lang='lat' dir='ltr'>relatu</span> <span class='ocrx_word' id='word_1_162' title='bbox 584 1718 670 1749; x_wconf 87' lang='lat' dir='ltr'>Petri</span> <span class='ocrx_word' id='word_1_163' title='bbox 694 1718 732 1749; x_wconf 87' lang='lat' dir='ltr'>de</span> <span class='ocrx_word' id='word_1_164' title='bbox 755 1718 923 1754; x_wconf 84' lang='lat' dir='ltr'>Branham,</span> <span class='ocrx_word' id='word_1_165' title='bbox 947 1727 1084 1758; x_wconf 86' lang='lat' dir='ltr'>personae</span> <span class='ocrx_word' id='word_1_166' title='bbox 1106 1727 1230 1746; x_wconf 88' lang='lat' dir='ltr'>venera-</span> 
     </span>
     <span class='ocr_line' id='line_1_30' title="bbox 462 1769 700 1808; baseline -0.004 -8"><span class='ocrx_word' id='word_1_167' title='bbox 462 1769 539 1800; x_wconf 85' lang='lat' dir='ltr'>bilis.</span> <span class='ocrx_word' id='word_1_168' title='bbox 562 1769 613 1800; x_wconf 86' lang='lat' dir='ltr'>fol.</span> <span class='ocrx_word' id='word_1_169' title='bbox 630 1770 700 1808; x_wconf 78' lang='lat'>284.</span> 
     </span>
    </p>

    <p class='ocr_par' dir='ltr' id='par_1_17' title="bbox 400 1822 1231 1966">
     <span class='ocr_line' id='line_1_31' title="bbox 400 1822 1231 1864; baseline -0.004 -9"><span class='ocrx_word' id='word_1_170' title='bbox 400 1826 427 1856; x_wconf 86' lang='lat' dir='ltr'>b.</span> <span class='ocrx_word' id='word_1_171' title='bbox 445 1824 604 1864; x_wconf 81' lang='lat' dir='ltr'>Quomodo</span> <span class='ocrx_word' id='word_1_172' title='bbox 621 1823 655 1854; x_wconf 91' lang='lat' dir='ltr'>B.</span> <span class='ocrx_word' id='word_1_173' title='bbox 671 1823 835 1854; x_wconf 85' lang='lat' dir='ltr'>Edmundo</span> <span class='ocrx_word' id='word_1_174' title='bbox 855 1823 1000 1864; x_wconf 87' lang='lat' dir='ltr'>apparuit</span> <span class='ocrx_word' id='word_1_175' title='bbox 1015 1822 1109 1853; x_wconf 83' lang='lat' dir='ltr'>Jesus</span> <span class='ocrx_word' id='word_1_176' title='bbox 1129 1827 1231 1853; x_wconf 85' lang='lat' dir='ltr'>osten-</span> 
     </span>
     <span class='ocr_line' id='line_1_32' title="bbox 462 1873 1229 1915; baseline -0.003 -10"><span class='ocrx_word' id='word_1_177' title='bbox 462 1877 536 1906; x_wconf 87' lang='lat' dir='ltr'>dens</span> <span class='ocrx_word' id='word_1_178' title='bbox 558 1875 588 1905; x_wconf 88' lang='lat' dir='ltr'>in</span> <span class='ocrx_word' id='word_1_179' title='bbox 611 1875 712 1905; x_wconf 83' lang='lat' dir='ltr'>fronte</span> <span class='ocrx_word' id='word_1_180' title='bbox 734 1885 790 1905; x_wconf 88' lang='lat' dir='ltr'>suo</span> <span class='ocrx_word' id='word_1_181' title='bbox 812 1873 970 1915; x_wconf 74' lang='lat' dir='ltr'>scriptum,</span> <span class='ocrx_word' id='word_1_182' title='bbox 994 1873 1109 1904; x_wconf 77' lang='lat' dir='ltr'>Jhesus</span> <span class='ocrx_word' id='word_1_183' title='bbox 1133 1873 1229 1904; x_wconf 86' lang='lat' dir='ltr'>Naza-</span> 
     </span>
     <span class='ocr_line' id='line_1_33' title="bbox 462 1926 700 1966; baseline -0.004 -10"><span class='ocrx_word' id='word_1_184' title='bbox 462 1938 540 1958; x_wconf 88' lang='lat' dir='ltr'>reus.</span> <span class='ocrx_word' id='word_1_185' title='bbox 563 1926 614 1956; x_wconf 86' lang='lat' dir='ltr'>fol.</span> <span class='ocrx_word' id='word_1_186' title='bbox 630 1926 700 1966; x_wconf 79' lang='lat'>285.</span> 
     </span>
    </p>

    <p class='ocr_par' dir='ltr' id='par_1_18' title="bbox 400 1978 1230 2122">
     <span class='ocr_line' id='line_1_34' title="bbox 400 1978 1229 2021; baseline -0.004 -10"><span class='ocrx_word' id='word_1_187' title='bbox 400 1993 424 2012; x_wconf 89' lang='lat' dir='ltr'>c.</span> <span class='ocrx_word' id='word_1_188' title='bbox 442 1981 491 2012; x_wconf 84' lang='lat' dir='ltr'>De</span> <span class='ocrx_word' id='word_1_189' title='bbox 508 1981 650 2016; x_wconf 76' lang='lat' dir='ltr'>Hudone,</span> <span class='ocrx_word' id='word_1_190' title='bbox 668 1980 809 2021; x_wconf 86' lang='lat' dir='ltr'>episcopo</span> <span class='ocrx_word' id='word_1_191' title='bbox 827 1978 1024 2010; x_wconf 87' lang='lat' dir='ltr'>Hilderncnsi</span> <span class='ocrx_word' id='word_1_192' title='bbox 1040 1978 1069 2008; x_wconf 93' lang='lat' dir='ltr'>in</span> <span class='ocrx_word' id='word_1_193' title='bbox 1086 1978 1229 2008; x_wconf 89' lang='lat' dir='ltr'>Aleman-</span> 
     </span>
     <span class='ocr_line' id='line_1_35' title="bbox 462 2028 1230 2068; baseline -0.004 -6"><span class='ocrx_word' id='word_1_194' title='bbox 462 2032 523 2068; x_wconf 84' lang='lat' dir='ltr'>nia,</span> <span class='ocrx_word' id='word_1_195' title='bbox 543 2032 698 2067; x_wconf 82' lang='lat' dir='ltr'>damnato,</span> <span class='ocrx_word' id='word_1_196' title='bbox 720 2042 757 2061; x_wconf 84' lang='lat' dir='ltr'>ex</span> <span class='ocrx_word' id='word_1_197' title='bbox 780 2031 879 2061; x_wconf 83' lang='lat' dir='ltr'>relatu</span> <span class='ocrx_word' id='word_1_198' title='bbox 901 2029 1055 2060; x_wconf 83' lang='lat' dir='ltr'>Johannis</span> <span class='ocrx_word' id='word_1_199' title='bbox 1077 2028 1230 2060; x_wconf 80' lang='lat' dir='ltr'>studentis</span> 
     </span>
     <span class='ocr_line' id='line_1_36' title="bbox 462 2082 790 2122; baseline -0.003 -9"><span class='ocrx_word' id='word_1_200' title='bbox 462 2083 598 2114; x_wconf 79' lang='lat' dir='ltr'>Oxoniae.</span> <span class='ocrx_word' id='word_1_201' title='bbox 622 2082 671 2112; x_wconf 78' lang='lat' dir='ltr'>fol.</span> <span class='ocrx_word' id='word_1_202' title='bbox 688 2083 745 2122; x_wconf 78' lang='lat'>287</span> <span class='ocrx_word' id='word_1_203' title='bbox 760 2082 790 2112; x_wconf 87' lang='lat' dir='ltr'>b.</span> 
     </span>
    </p>
   </div>
   <div class='ocr_carea' id='block_1_9' title="bbox 399 2134 1260 2178">
    <p class='ocr_par' dir='ltr' id='par_1_19' title="bbox 399 2134 1260 2178">
     <span class='ocr_line' id='line_1_37' title="bbox 399 2134 1260 2178; baseline -0.005 -9"><span class='ocrx_word' id='word_1_204' title='bbox 399 2140 427 2170; x_wconf 92' lang='lat' dir='ltr'>d.</span> <span class='ocrx_word' id='word_1_205' title='bbox 446 2138 522 2169; x_wconf 89' lang='lat' dir='ltr'>Vita</span> <span class='ocrx_word' id='word_1_206' title='bbox 542 2138 587 2168; x_wconf 82' lang='lat' dir='ltr'>vel</span> <span class='ocrx_word' id='word_1_207' title='bbox 608 2137 707 2178; x_wconf 84' lang='lat' dir='ltr'>passio</span> <span class='ocrx_word' id='word_1_208' title='bbox 729 2138 759 2167; x_wconf 87' lang='lat' dir='ltr'>S.</span> <span class='ocrx_word' id='word_1_209' title='bbox 777 2137 796 2167; x_wconf 86' lang='lat' dir='ltr'><strong>J</strong></span> <span class='ocrx_word' id='word_1_210' title='bbox 800 2137 892 2167; x_wconf 90' lang='lat' dir='ltr'>uliani</span> <span class='ocrx_word' id='word_1_211' title='bbox 916 2135 1069 2176; x_wconf 83' lang='lat' dir='ltr'>martyris,</span> <span class='ocrx_word' id='word_1_212' title='bbox 1092 2138 1123 2166; x_wconf 89' lang='lat' dir='ltr'>et</span> <span class='ocrx_word' id='word_1_213' title='bbox 1144 2134 1228 2165; x_wconf 89' lang='lat' dir='ltr'>Basi-</span> <span class='ocrx_word' id='word_1_214' title='bbox 1259 2137 1260 2145; x_wconf 65' lang='lat'>¹</span> 
     </span>
    </p>
   </div>
   <div class='ocr_carea' id='block_1_10' title="bbox 400 2186 1229 2802">
    <p class='ocr_par' dir='ltr' id='par_1_20' title="bbox 400 2186 1229 2802">
     <span class='ocr_line' id='line_1_38' title="bbox 462 2186 1228 2228; baseline -0.004 -10"><span class='ocrx_word' id='word_1_215' title='bbox 462 2188 541 2218; x_wconf 78' lang='lat' dir='ltr'>lissae</span> <span class='ocrx_word' id='word_1_216' title='bbox 556 2187 680 2228; x_wconf 81' lang='lat' dir='ltr'>virginis</span> <span class='ocrx_word' id='word_1_217' title='bbox 700 2191 731 2217; x_wconf 87' lang='lat' dir='ltr'>et</span> <span class='ocrx_word' id='word_1_218' title='bbox 751 2198 819 2217; x_wconf 88' lang='lat' dir='ltr'>cum</span> <span class='ocrx_word' id='word_1_219' title='bbox 835 2187 878 2217; x_wconf 88' lang='lat' dir='ltr'>eis</span> <span class='ocrx_word' id='word_1_220' title='bbox 899 2187 1028 2217; x_wconf 89' lang='lat' dir='ltr'>aliorum</span> <span class='ocrx_word' id='word_1_221' title='bbox 1045 2186 1228 2216; x_wconf 87' lang='lat' dir='ltr'>Sanctorum</span> 
     </span>
     <span class='ocr_line' id='line_1_39' title="bbox 462 2236 1210 2277; baseline -0.004 -8"><span class='ocrx_word' id='word_1_222' title='bbox 462 2238 727 2270; x_wconf 82' lang='lat' dir='ltr'>innumerabilium</span> <span class='ocrx_word' id='word_1_223' title='bbox 742 2249 766 2269; x_wconf 83' lang='lat' dir='ltr'>v.</span> <span class='ocrx_word' id='word_1_224' title='bbox 783 2238 854 2269; x_wconf 79' lang='lat' dir='ltr'>idus</span> <span class='ocrx_word' id='word_1_225' title='bbox 867 2238 888 2268; x_wconf 85' lang='lat' dir='ltr'>J</span> <span class='ocrx_word' id='word_1_226' title='bbox 890 2237 1019 2269; x_wconf 85' lang='lat' dir='ltr'>anuarii.</span> <span class='ocrx_word' id='word_1_227' title='bbox 1043 2237 1093 2267; x_wconf 87' lang='lat' dir='ltr'>fol.</span> <span class='ocrx_word' id='word_1_228' title='bbox 1110 2246 1169 2277; x_wconf 79' lang='lat'>290</span> <span class='ocrx_word' id='word_1_229' title='bbox 1181 2236 1210 2267; x_wconf 85' lang='lat' dir='ltr'>b.</span> 
     </span>
     <span class='ocr_line' id='line_1_40' title="bbox 507 2289 1011 2331; baseline -0.004 -11"><span class='ocrx_word' id='word_1_230' title='bbox 507 2290 603 2331; x_wconf 84' lang='lat' dir='ltr'>Incip.</span> <span class='ocrx_word' id='word_1_231' title='bbox 620 2294 637 2306; x_wconf 72' lang='lat'>⁴⁴</span> <span class='ocrx_word' id='word_1_232' title='bbox 650 2289 739 2320; x_wconf 83' lang='lat' dir='ltr'>Beati</span> <span class='ocrx_word' id='word_1_233' title='bbox 755 2289 849 2331; x_wconf 84' lang='lat' dir='ltr'>igitur</span> <span class='ocrx_word' id='word_1_234' title='bbox 864 2289 1011 2319; x_wconf 81' lang='lat' dir='ltr'>Juliani.”</span> 
     </span>
     <span class='ocr_line' id='line_1_41' title="bbox 401 2342 1229 2385; baseline -0.005 -9"><span class='ocrx_word' id='word_1_235' title='bbox 401 2357 426 2376; x_wconf 89' lang='lat' dir='ltr'>c.</span> <span class='ocrx_word' id='word_1_236' title='bbox 445 2345 552 2375; x_wconf 84' lang='lat' dir='ltr'>Passio</span> <span class='ocrx_word' id='word_1_237' title='bbox 574 2344 604 2374; x_wconf 76' lang='lat' dir='ltr'>S.</span> <span class='ocrx_word' id='word_1_238' title='bbox 621 2344 787 2379; x_wconf 71' lang='lat' dir='ltr'>Columbae,</span> <span class='ocrx_word' id='word_1_239' title='bbox 809 2343 940 2385; x_wconf 79' lang='lat' dir='ltr'>virginis,</span> <span class='ocrx_word' id='word_1_240' title='bbox 962 2343 1059 2384; x_wconf 85' lang='lat' dir='ltr'>pridie</span> <span class='ocrx_word' id='word_1_241' title='bbox 1081 2342 1229 2373; x_wconf 84' lang='lat' dir='ltr'>kalendas</span> 
     </span>
     <span class='ocr_line' id='line_1_42' title="bbox 463 2395 768 2435; baseline -0.01 -8"><span class='ocrx_word' id='word_1_242' title='bbox 463 2395 614 2427; x_wconf 83' lang='lat' dir='ltr'>Januarii.</span> <span class='ocrx_word' id='word_1_243' title='bbox 634 2395 685 2425; x_wconf 89' lang='lat' dir='ltr'>fol.</span> <span class='ocrx_word' id='word_1_244' title='bbox 700 2403 768 2435; x_wconf 77' lang='lat'>297.</span> 
     </span>
     <span class='ocr_line' id='line_1_43' title="bbox 503 2443 1228 2487; baseline -0.006 -10"><span class='ocrx_word' id='word_1_245' title='bbox 503 2447 600 2487; x_wconf 84' lang='lat' dir='ltr'>Incip.</span> <span class='ocrx_word' id='word_1_246' title='bbox 629 2450 646 2462; x_wconf 76' lang='lat'>‘⁴</span> <span class='ocrx_word' id='word_1_247' title='bbox 664 2445 699 2475; x_wconf 88' lang='lat' dir='ltr'>In</span> <span class='ocrx_word' id='word_1_248' title='bbox 725 2445 832 2476; x_wconf 85' lang='lat' dir='ltr'>diebus</span> <span class='ocrx_word' id='word_1_249' title='bbox 859 2445 916 2476; x_wconf 85' lang='lat' dir='ltr'>illis</span> <span class='ocrx_word' id='word_1_250' title='bbox 941 2443 1105 2476; x_wconf 84' lang='lat' dir='ltr'>adveniens</span> <span class='ocrx_word' id='word_1_251' title='bbox 1130 2443 1228 2474; x_wconf 90' lang='lat' dir='ltr'>Aure-</span> 
     </span>
     <span class='ocr_line' id='line_1_44' title="bbox 484 2497 610 2529; baseline 0 -1"><span class='ocrx_word' id='word_1_252' title='bbox 484 2497 610 2529; x_wconf 77' lang='lat' dir='ltr'>lianus.”</span> 
     </span>
     <span class='ocr_line' id='line_1_45' title="bbox 400 2547 1227 2591; baseline -0.006 -7"><span class='ocrx_word' id='word_1_253' title='bbox 400 2554 419 2584; x_wconf 86' lang='lat' dir='ltr'>f.</span> <span class='ocrx_word' id='word_1_254' title='bbox 444 2553 551 2584; x_wconf 87' lang='lat' dir='ltr'>Passio</span> <span class='ocrx_word' id='word_1_255' title='bbox 568 2552 597 2582; x_wconf 83' lang='lat' dir='ltr'>S.</span> <span class='ocrx_word' id='word_1_256' title='bbox 613 2550 710 2582; x_wconf 86' lang='lat' dir='ltr'>Potiti</span> <span class='ocrx_word' id='word_1_257' title='bbox 729 2547 884 2591; x_wconf 81' lang='lat' dir='ltr'>martyris,</span> <span class='ocrx_word' id='word_1_258' title='bbox 901 2561 968 2591; x_wconf 85' lang='lat' dir='ltr'>quae</span> <span class='ocrx_word' id='word_1_259' title='bbox 986 2553 1033 2581; x_wconf 90' lang='lat' dir='ltr'>est</span> <span class='ocrx_word' id='word_1_260' title='bbox 1049 2549 1089 2580; x_wconf 82' lang='lat' dir='ltr'>xi.</span> <span class='ocrx_word' id='word_1_261' title='bbox 1107 2548 1227 2580; x_wconf 85' lang='lat' dir='ltr'>kalend.</span> 
     </span>
     <span class='ocr_line' id='line_1_46' title="bbox 465 2602 714 2643; baseline -0.008 -9"><span class='ocrx_word' id='word_1_262' title='bbox 465 2604 556 2634; x_wconf 87' lang='lat' dir='ltr'>Febr.</span> <span class='ocrx_word' id='word_1_263' title='bbox 580 2602 629 2633; x_wconf 82' lang='lat' dir='ltr'>fol.</span> <span class='ocrx_word' id='word_1_264' title='bbox 646 2602 714 2643; x_wconf 74' lang='lat'>298.</span> 
     </span>
     <span class='ocr_line' id='line_1_47' title="bbox 505 2650 1162 2695; baseline -0.005 -11"><span class='ocrx_word' id='word_1_265' title='bbox 505 2654 602 2695; x_wconf 85' lang='lat' dir='ltr'>Incip.</span> <span class='ocrx_word' id='word_1_266' title='bbox 620 2658 637 2670; x_wconf 87' lang='grc'>“</span> <span class='ocrx_word' id='word_1_267' title='bbox 650 2653 781 2683; x_wconf 86' lang='lat' dir='ltr'>Factum</span> <span class='ocrx_word' id='word_1_268' title='bbox 796 2654 843 2682; x_wconf 82' lang='lat' dir='ltr'>est</span> <span class='ocrx_word' id='word_1_269' title='bbox 858 2654 962 2682; x_wconf 83' lang='lat' dir='ltr'>autom</span> <span class='ocrx_word' id='word_1_270' title='bbox 977 2651 1008 2681; x_wconf 91' lang='lat' dir='ltr'>in</span> <span class='ocrx_word' id='word_1_271' title='bbox 1024 2650 1162 2682; x_wconf 87' lang='lat' dir='ltr'>diebus.”</span> 
     </span>
     <span class='ocr_line' id='line_1_48' title="bbox 401 2705 1050 2752; baseline -0.009 -11"><span class='ocrx_word' id='word_1_272' title='bbox 401 2721 429 2752; x_wconf 85' lang='lat' dir='ltr'>g.</span> <span class='ocrx_word' id='word_1_273' title='bbox 446 2709 522 2741; x_wconf 90' lang='lat' dir='ltr'>Vita</span> <span class='ocrx_word' id='word_1_274' title='bbox 537 2709 567 2740; x_wconf 83' lang='lat' dir='ltr'>S.</span> <span class='ocrx_word' id='word_1_275' title='bbox 582 2707 776 2739; x_wconf 80' lang='lat' dir='ltr'>Frideswidae</span> <span class='ocrx_word' id='word_1_276' title='bbox 792 2707 889 2738; x_wconf 83' lang='lat' dir='ltr'>Oxon.</span> <span class='ocrx_word' id='word_1_277' title='bbox 914 2705 964 2736; x_wconf 82' lang='lat' dir='ltr'>fol.</span> <span class='ocrx_word' id='word_1_278' title='bbox 979 2715 1050 2746; x_wconf 84' lang='lat'>300.</span> 
     </span>
     <span class='ocr_line' id='line_1_49' title="bbox 507 2757 1001 2802; baseline -0.008 -11"><span class='ocrx_word' id='word_1_279' title='bbox 507 2761 599 2802; x_wconf 83' lang='lat' dir='ltr'>Incip.</span> <span class='ocrx_word' id='word_1_280' title='bbox 618 2764 636 2778; x_wconf 85' lang='lat'><strong>“</strong></span> <span class='ocrx_word' id='word_1_281' title='bbox 648 2759 726 2791; x_wconf 86' lang='lat' dir='ltr'>Erat</span> <span class='ocrx_word' id='word_1_282' title='bbox 743 2758 874 2800; x_wconf 88' lang='lat' dir='ltr'>quedam</span> <span class='ocrx_word' id='word_1_283' title='bbox 890 2757 1001 2798; x_wconf 82' lang='lat' dir='ltr'>virgo.”</span> 
     </span>
    </p>
   </div>
   <div class='ocr_carea' id='block_1_11' title="bbox 1322 243 2159 1686">
    <p class='ocr_par' dir='ltr' id='par_1_21' title="bbox 1322 243 2156 386">
     <span class='ocr_line' id='line_1_50' title="bbox 1322 243 2152 291; baseline 0.011 -19"><span class='ocrx_word' id='word_1_284' title='bbox 1322 243 1351 273; x_wconf 90' lang='lat' dir='ltr'>h.</span> <span class='ocrx_word' id='word_1_285' title='bbox 1369 243 1399 274; x_wconf 89' lang='lat' dir='ltr'>S.</span> <span class='ocrx_word' id='word_1_286' title='bbox 1413 243 1568 275; x_wconf 90' lang='lat' dir='ltr'>Edmundi</span> <span class='ocrx_word' id='word_1_287' title='bbox 1583 245 1715 287; x_wconf 90' lang='lat' dir='ltr'>archiep.</span> <span class='ocrx_word' id='word_1_288' title='bbox 1729 246 1876 278; x_wconf 86' lang='lat' dir='ltr'>Cantuar.</span> <span class='ocrx_word' id='word_1_289' title='bbox 1892 248 1965 279; x_wconf 86' lang='lat' dir='ltr'>vita.</span> <span class='ocrx_word' id='word_1_290' title='bbox 1988 249 2038 280; x_wconf 83' lang='lat' dir='ltr'>sol.</span> <span class='ocrx_word' id='word_1_291' title='bbox 2051 260 2112 291; x_wconf 86' lang='lat'>300</span> <span class='ocrx_word' id='word_1_292' title='bbox 2123 251 2152 281; x_wconf 95' lang='lat' dir='ltr'>b.</span> 
     </span>
     <span class='ocr_line' id='line_1_51' title="bbox 1429 295 2156 341; baseline 0.011 -16"><span class='ocrx_word' id='word_1_293' title='bbox 1429 295 1525 336; x_wconf 85' lang='lat' dir='ltr'>Incip.</span> <span class='ocrx_word' id='word_1_294' title='bbox 1542 296 1688 328; x_wconf 75' lang='lat' dir='ltr'>“Beatus</span> <span class='ocrx_word' id='word_1_295' title='bbox 1708 298 1956 341; x_wconf 85' lang='lat' dir='ltr'>archiepiscopus</span> <span class='ocrx_word' id='word_1_296' title='bbox 1975 300 2156 332; x_wconf 83' lang='lat' dir='ltr'>Edmundus</span> 
     </span>
     <span class='ocr_line' id='line_1_52' title="bbox 1406 346 1770 386; baseline 0.011 -11"><span class='ocrx_word' id='word_1_297' title='bbox 1406 346 1488 386; x_wconf 89' lang='lat' dir='ltr'>apud</span> <span class='ocrx_word' id='word_1_298' title='bbox 1504 346 1770 379; x_wconf 77' lang='lat' dir='ltr'>Abbendonianl.”</span> 
     </span>
    </p>

    <p class='ocr_par' dir='ltr' id='par_1_22' title="bbox 1324 400 1962 446">
     <span class='ocr_line' id='line_1_53' title="bbox 1324 400 1962 446; baseline 0.008 -16"><span class='ocrx_word' id='word_1_299' title='bbox 1324 400 1343 430; x_wconf 88' lang='lat' dir='ltr'>i.</span> <span class='ocrx_word' id='word_1_300' title='bbox 1362 400 1438 431; x_wconf 88' lang='lat' dir='ltr'>Vita</span> <span class='ocrx_word' id='word_1_301' title='bbox 1454 401 1484 431; x_wconf 83' lang='lat' dir='ltr'>S.</span> <span class='ocrx_word' id='word_1_302' title='bbox 1498 401 1657 442; x_wconf 79' lang='lat' dir='ltr'>Symeonis</span> <span class='ocrx_word' id='word_1_303' title='bbox 1673 403 1802 444; x_wconf 77' lang='lat' dir='ltr'>Stylitae.</span> <span class='ocrx_word' id='word_1_304' title='bbox 1826 404 1877 435; x_wconf 88' lang='lat' dir='ltr'>fol.</span> <span class='ocrx_word' id='word_1_305' title='bbox 1892 415 1962 446; x_wconf 86' lang='grc'>301.</span> 
     </span>
    </p>

    <p class='ocr_par' dir='ltr' id='par_1_23' title="bbox 1430 451 2046 495">
     <span class='ocr_line' id='line_1_54' title="bbox 1430 451 2046 495; baseline 0.008 -14"><span class='ocrx_word' id='word_1_306' title='bbox 1430 451 1526 492; x_wconf 89' lang='lat' dir='ltr'>Incip.</span> <span class='ocrx_word' id='word_1_307' title='bbox 1545 457 1562 469; x_wconf 84' lang='lat'>“</span> <span class='ocrx_word' id='word_1_308' title='bbox 1575 453 1707 485; x_wconf 86' lang='lat' dir='ltr'>Sanctus</span> <span class='ocrx_word' id='word_1_309' title='bbox 1724 454 1856 495; x_wconf 86' lang='lat' dir='ltr'>Symeon</span> <span class='ocrx_word' id='word_1_310' title='bbox 1871 466 1908 485; x_wconf 84' lang='lat' dir='ltr'>ex</span> <span class='ocrx_word' id='word_1_311' title='bbox 1924 457 2046 486; x_wconf 86' lang='lat' dir='ltr'>utero.”</span> 
     </span>
    </p>

    <p class='ocr_par' dir='ltr' id='par_1_24' title="bbox 1324 505 2157 599">
     <span class='ocr_line' id='line_1_55' title="bbox 1324 505 2157 547; baseline 0.008 -12"><span class='ocrx_word' id='word_1_312' title='bbox 1324 505 1353 535; x_wconf 87' lang='lat' dir='ltr'>k.</span> <span class='ocrx_word' id='word_1_313' title='bbox 1371 506 1535 537; x_wconf 85' lang='lat' dir='ltr'>Auecdota</span> <span class='ocrx_word' id='word_1_314' title='bbox 1555 507 1592 538; x_wconf 86' lang='lat' dir='ltr'>de</span> <span class='ocrx_word' id='word_1_315' title='bbox 1616 508 1670 539; x_wconf 88' lang='lat' dir='ltr'>SS.</span> <span class='ocrx_word' id='word_1_316' title='bbox 1687 509 1815 547; x_wconf 81' lang='lat' dir='ltr'>Thema,</span> <span class='ocrx_word' id='word_1_317' title='bbox 1833 509 2008 541; x_wconf 84' lang='lat' dir='ltr'>Cuthberto</span> <span class='ocrx_word' id='word_1_318' title='bbox 2030 514 2062 541; x_wconf 86' lang='lat' dir='ltr'>et</span> <span class='ocrx_word' id='word_1_319' title='bbox 2084 511 2157 542; x_wconf 83' lang='lat' dir='ltr'>Ber-</span> 
     </span>
     <span class='ocr_line' id='line_1_56' title="bbox 1387 557 1683 599; baseline 0.01 -13"><span class='ocrx_word' id='word_1_320' title='bbox 1387 557 1494 587; x_wconf 82' lang='lat' dir='ltr'>nardo.</span> <span class='ocrx_word' id='word_1_321' title='bbox 1518 558 1568 589; x_wconf 88' lang='lat' dir='ltr'>fol.</span> <span class='ocrx_word' id='word_1_322' title='bbox 1581 568 1642 599; x_wconf 78' lang='lat'>305</span> <span class='ocrx_word' id='word_1_323' title='bbox 1655 559 1683 590; x_wconf 95' lang='lat' dir='ltr'>b.</span> 
     </span>
    </p>

    <p class='ocr_par' dir='ltr' id='par_1_25' title="bbox 1409 607 2156 701">
     <span class='ocr_line' id='line_1_57' title="bbox 1430 607 2156 650; baseline 0.008 -12"><span class='ocrx_word' id='word_1_324' title='bbox 1430 607 1525 649; x_wconf 90' lang='lat' dir='ltr'>Incip.</span> <span class='ocrx_word' id='word_1_325' title='bbox 1540 609 1694 650; x_wconf 75' lang='lat' dir='ltr'>“Legitur</span> <span class='ocrx_word' id='word_1_326' title='bbox 1706 610 1737 640; x_wconf 91' lang='lat' dir='ltr'>in</span> <span class='ocrx_word' id='word_1_327' title='bbox 1749 611 1813 641; x_wconf 85' lang='lat' dir='ltr'>vita</span> <span class='ocrx_word' id='word_1_328' title='bbox 1826 610 1861 641; x_wconf 93' lang='lat' dir='ltr'>B.</span> <span class='ocrx_word' id='word_1_329' title='bbox 1871 611 1988 642; x_wconf 86' lang='lat' dir='ltr'>Thome</span> <span class='ocrx_word' id='word_1_330' title='bbox 2002 612 2156 650; x_wconf 81' lang='lat' dir='ltr'>martiris3</span> 
     </span>
     <span class='ocr_line' id='line_1_58' title="bbox 1409 659 2076 701; baseline 0.009 -13"><span class='ocrx_word' id='word_1_331' title='bbox 1409 659 1489 698; x_wconf 90' lang='lat' dir='ltr'>quod</span> <span class='ocrx_word' id='word_1_332' title='bbox 1506 670 1573 689; x_wconf 88' lang='lat' dir='ltr'>cum</span> <span class='ocrx_word' id='word_1_333' title='bbox 1590 671 1708 701; x_wconf 87' lang='lat' dir='ltr'>semper</span> <span class='ocrx_word' id='word_1_334' title='bbox 1723 661 1847 691; x_wconf 88' lang='lat' dir='ltr'>leccioni</span> <span class='ocrx_word' id='word_1_335' title='bbox 1865 666 1897 692; x_wconf 81' lang='lat' dir='ltr'>et</span> <span class='ocrx_word' id='word_1_336' title='bbox 1913 663 2076 694; x_wconf 78' lang='lat' dir='ltr'>oracioni.&#39;&#39;</span> 
     </span>
    </p>

    <p class='ocr_par' dir='ltr' id='par_1_26' title="bbox 1324 712 2159 809">
     <span class='ocr_line' id='line_1_59' title="bbox 1324 712 2159 759; baseline 0.01 -17"><span class='ocrx_word' id='word_1_337' title='bbox 1324 712 1343 743; x_wconf 86' lang='lat' dir='ltr'>l.</span> <span class='ocrx_word' id='word_1_338' title='bbox 1361 713 1500 752; x_wconf 78' lang='lat' dir='ltr'>Qualiter</span> <span class='ocrx_word' id='word_1_339' title='bbox 1512 714 1636 755; x_wconf 86' lang='lat' dir='ltr'>quidam</span> <span class='ocrx_word' id='word_1_340' title='bbox 1651 715 1738 746; x_wconf 86' lang='lat' dir='ltr'>miles</span> <span class='ocrx_word' id='word_1_341' title='bbox 1752 715 1795 745; x_wconf 88' lang='lat' dir='ltr'>W</span> <span class='ocrx_word' id='word_1_342' title='bbox 1797 716 1988 757; x_wconf 72' lang='lat' dir='ltr'>yntoniensis</span> <span class='ocrx_word' id='word_1_343' title='bbox 2001 717 2032 747; x_wconf 92' lang='lat' dir='ltr'>in</span> <span class='ocrx_word' id='word_1_344' title='bbox 2045 718 2159 759; x_wconf 74' lang='lat' dir='ltr'>Anglia</span> 
     </span>
     <span class='ocr_line' id='line_1_60' title="bbox 1387 763 2158 809; baseline 0.006 -15"><span class='ocrx_word' id='word_1_345' title='bbox 1387 763 1535 795; x_wconf 84' lang='lat' dir='ltr'>liberatus</span> <span class='ocrx_word' id='word_1_346' title='bbox 1550 770 1597 796; x_wconf 83' lang='lat' dir='ltr'>est</span> <span class='ocrx_word' id='word_1_347' title='bbox 1610 777 1629 796; x_wconf 88' lang='lat' dir='ltr'>a</span> <span class='ocrx_word' id='word_1_348' title='bbox 1641 770 1740 796; x_wconf 88' lang='lat' dir='ltr'>morte</span> <span class='ocrx_word' id='word_1_349' title='bbox 1752 766 1802 797; x_wconf 88' lang='lat' dir='ltr'>die</span> <span class='ocrx_word' id='word_1_350' title='bbox 1816 766 2012 798; x_wconf 85' lang='lat' dir='ltr'>Parasceues.</span> <span class='ocrx_word' id='word_1_351' title='bbox 2029 768 2050 799; x_wconf 87' lang='lat' dir='ltr'>f.</span> <span class='ocrx_word' id='word_1_352' title='bbox 2058 778 2118 809; x_wconf 84' lang='grc'>309</span> <span class='ocrx_word' id='word_1_353' title='bbox 2129 769 2158 799; x_wconf 88' lang='lat' dir='ltr'>b.</span> 
     </span>
    </p>

    <p class='ocr_par' dir='ltr' id='par_1_27' title="bbox 1430 814 1995 856">
     <span class='ocr_line' id='line_1_61' title="bbox 1430 814 1995 856; baseline 0.007 -11"><span class='ocrx_word' id='word_1_354' title='bbox 1430 814 1525 856; x_wconf 87' lang='lat' dir='ltr'>Incip.</span> <span class='ocrx_word' id='word_1_355' title='bbox 1543 820 1560 832; x_wconf 67' lang='lat'>‘⁸</span> <span class='ocrx_word' id='word_1_356' title='bbox 1573 816 1705 855; x_wconf 87' lang='lat' dir='ltr'>Quidam</span> <span class='ocrx_word' id='word_1_357' title='bbox 1720 817 1816 847; x_wconf 84' lang='lat' dir='ltr'>frater</span> <span class='ocrx_word' id='word_1_358' title='bbox 1831 817 1995 849; x_wconf 80' lang='lat' dir='ltr'>famosus.&#39;&#39;</span> 
     </span>
    </p>

    <p class='ocr_par' dir='ltr' id='par_1_28' title="bbox 1324 869 2159 1017">
     <span class='ocr_line' id='line_1_62' title="bbox 1324 869 2159 915; baseline 0.007 -16"><span class='ocrx_word' id='word_1_359' title='bbox 1324 880 1364 900; x_wconf 88' lang='lat' dir='ltr'>m.</span> <span class='ocrx_word' id='word_1_360' title='bbox 1381 869 1428 900; x_wconf 82' lang='lat' dir='ltr'>De</span> <span class='ocrx_word' id='word_1_361' title='bbox 1450 870 1480 900; x_wconf 89' lang='lat' dir='ltr'>S.</span> <span class='ocrx_word' id='word_1_362' title='bbox 1498 870 1648 911; x_wconf 86' lang='lat' dir='ltr'>Symeone</span> <span class='ocrx_word' id='word_1_363' title='bbox 1670 871 1737 902; x_wconf 90' lang='lat' dir='ltr'>Bon</span> <span class='ocrx_word' id='word_1_364' title='bbox 1758 872 1873 909; x_wconf 68' lang='lat' dir='ltr'>Bal-un.</span> <span class='ocrx_word' id='word_1_365' title='bbox 1897 881 1929 904; x_wconf 82' lang='lat' dir='ltr'>et</span> <span class='ocrx_word' id='word_1_366' title='bbox 1951 873 2068 915; x_wconf 82' lang='lat' dir='ltr'>origine</span> <span class='ocrx_word' id='word_1_367' title='bbox 2089 885 2159 915; x_wconf 89' lang='lat' dir='ltr'>pro-</span> 
     </span>
     <span class='ocr_line' id='line_1_63' title="bbox 1388 921 2159 966; baseline 0.006 -15"><span class='ocrx_word' id='word_1_368' title='bbox 1388 921 1482 951; x_wconf 88' lang='lat' dir='ltr'>verbii</span> <span class='ocrx_word' id='word_1_369' title='bbox 1500 926 1506 938; x_wconf 64' lang='lat'><strong>⁸</strong></span> <span class='ocrx_word' id='word_1_370' title='bbox 1518 922 1614 963; x_wconf 78' lang='lat' dir='ltr'>Seynt</span> <span class='ocrx_word' id='word_1_371' title='bbox 1631 922 1763 963; x_wconf 89' lang='lat' dir='ltr'>Symeon</span> <span class='ocrx_word' id='word_1_372' title='bbox 1778 923 1839 953; x_wconf 88' lang='lat' dir='ltr'>bon</span> <span class='ocrx_word' id='word_1_373' title='bbox 1854 923 1973 961; x_wconf 62' lang='lat' dir='ltr'>barum*</span> <span class='ocrx_word' id='word_1_374' title='bbox 1989 925 2071 966; x_wconf 87' lang='lat' dir='ltr'>quod</span> <span class='ocrx_word' id='word_1_375' title='bbox 2087 925 2159 958; x_wconf 82' lang='lat' dir='ltr'>Gal-</span> 
     </span>
     <span class='ocr_line' id='line_1_64' title="bbox 1387 972 2088 1017; baseline 0.004 -15"><span class='ocrx_word' id='word_1_376' title='bbox 1387 972 1442 1002; x_wconf 89' lang='lat' dir='ltr'>lice</span> <span class='ocrx_word' id='word_1_377' title='bbox 1458 973 1564 1004; x_wconf 86' lang='lat' dir='ltr'>dicuut</span> <span class='ocrx_word' id='word_1_378' title='bbox 1579 974 1718 1004; x_wconf 84' lang='lat' dir='ltr'>homines</span> <span class='ocrx_word' id='word_1_379' title='bbox 1734 973 1765 1004; x_wconf 92' lang='lat' dir='ltr'>in</span> <span class='ocrx_word' id='word_1_380' title='bbox 1781 974 1928 1005; x_wconf 85' lang='lat' dir='ltr'>tonitruo.</span> <span class='ocrx_word' id='word_1_381' title='bbox 1953 975 2002 1006; x_wconf 83' lang='lat' dir='ltr'>fol.</span> <span class='ocrx_word' id='word_1_382' title='bbox 2018 986 2088 1017; x_wconf 83' lang='lat'>310.</span> 
     </span>
    </p>

    <p class='ocr_par' dir='ltr' id='par_1_29' title="bbox 1407 1023 2158 1105">
     <span class='ocr_line' id='line_1_65' title="bbox 1430 1023 2158 1066; baseline 0.005 -12"><span class='ocrx_word' id='word_1_383' title='bbox 1430 1023 1526 1065; x_wconf 86' lang='lat' dir='ltr'>Incip.</span> <span class='ocrx_word' id='word_1_384' title='bbox 1541 1029 1558 1041; x_wconf 61' lang='lat'>‘⁴</span> <span class='ocrx_word' id='word_1_385' title='bbox 1570 1024 1723 1055; x_wconf 70' lang='lat' dir='ltr'>Narratur</span> <span class='ocrx_word' id='word_1_386' title='bbox 1735 1026 1772 1055; x_wconf 83' lang='lat' dir='ltr'>de</span> <span class='ocrx_word' id='word_1_387' title='bbox 1788 1026 1921 1066; x_wconf 86' lang='lat' dir='ltr'>quodam</span> <span class='ocrx_word' id='word_1_388' title='bbox 1937 1026 2059 1058; x_wconf 83' lang='lat' dir='ltr'>homine</span> <span class='ocrx_word' id='word_1_389' title='bbox 2074 1037 2158 1057; x_wconf 84' lang='lat' dir='ltr'>secu-</span> 
     </span>
     <span class='ocr_line' id='line_1_66' title="bbox 1407 1074 1496 1105; baseline 0.011 -1"><span class='ocrx_word' id='word_1_390' title='bbox 1407 1074 1496 1105; x_wconf 80' lang='lat' dir='ltr'>lari.&#39;’</span> 
     </span>
    </p>

    <p class='ocr_par' dir='ltr' id='par_1_30' title="bbox 1324 1129 2158 1222">
     <span class='ocr_line' id='line_1_67' title="bbox 1324 1129 2158 1172; baseline 0.005 -12"><span class='ocrx_word' id='word_1_391' title='bbox 1324 1140 1350 1160; x_wconf 90' lang='lat' dir='ltr'>n.</span> <span class='ocrx_word' id='word_1_392' title='bbox 1370 1129 1416 1160; x_wconf 86' lang='lat' dir='ltr'>De</span> <span class='ocrx_word' id='word_1_393' title='bbox 1433 1130 1565 1170; x_wconf 80' lang='lat' dir='ltr'>quodam</span> <span class='ocrx_word' id='word_1_394' title='bbox 1582 1129 1704 1160; x_wconf 86' lang='lat' dir='ltr'>Pistore</span> <span class='ocrx_word' id='word_1_395' title='bbox 1722 1129 1900 1167; x_wconf 85' lang='lat' dir='ltr'>Hibernico‚</span> <span class='ocrx_word' id='word_1_396' title='bbox 1919 1131 1969 1172; x_wconf 89' lang='lat' dir='ltr'>qui</span> <span class='ocrx_word' id='word_1_397' title='bbox 1985 1131 2090 1164; x_wconf 88' lang='lat' dir='ltr'>illusus</span> <span class='ocrx_word' id='word_1_398' title='bbox 2111 1139 2158 1164; x_wconf 80' lang='lat' dir='ltr'>est</span> 
     </span>
     <span class='ocr_line' id='line_1_68' title="bbox 1387 1181 1880 1222; baseline 0 -10"><span class='ocrx_word' id='word_1_399' title='bbox 1387 1193 1405 1212; x_wconf 84' lang='lat' dir='ltr'>a</span> <span class='ocrx_word' id='word_1_400' title='bbox 1422 1182 1553 1222; x_wconf 81' lang='lat' dir='ltr'>quodam</span> <span class='ocrx_word' id='word_1_401' title='bbox 1570 1181 1688 1212; x_wconf 85' lang='lat' dir='ltr'>elerico.</span> <span class='ocrx_word' id='word_1_402' title='bbox 1712 1181 1761 1212; x_wconf 83' lang='lat' dir='ltr'>fol.</span> <span class='ocrx_word' id='word_1_403' title='bbox 1775 1191 1837 1222; x_wconf 79' lang='lat'>310</span> <span class='ocrx_word' id='word_1_404' title='bbox 1851 1182 1880 1212; x_wconf 94' lang='lat' dir='ltr'>b.</span> 
     </span>
    </p>

    <p class='ocr_par' dir='ltr' id='par_1_31' title="bbox 1430 1232 2007 1519">
     <span class='ocr_line' id='line_1_69' title="bbox 1430 1232 1977 1274; baseline 0.005 -12"><span class='ocrx_word' id='word_1_405' title='bbox 1430 1232 1526 1273; x_wconf 88' lang='lat' dir='ltr'>Incip.</span> <span class='ocrx_word' id='word_1_406' title='bbox 1545 1236 1562 1249; x_wconf 85' lang='grc'>“</span> <span class='ocrx_word' id='word_1_407' title='bbox 1576 1233 1612 1262; x_wconf 88' lang='lat' dir='ltr'>In</span> <span class='ocrx_word' id='word_1_408' title='bbox 1628 1233 1782 1274; x_wconf 88' lang='lat' dir='ltr'>provincia</span> <span class='ocrx_word' id='word_1_409' title='bbox 1798 1233 1977 1265; x_wconf 82' lang='lat' dir='ltr'>Hibernie.”</span> 
     </span>
     <span class='ocr_line' id='line_1_70' title="bbox 1430 1283 1537 1314; baseline -0.009 0"><span class='ocrx_word' id='word_1_410' title='bbox 1430 1283 1537 1314; x_wconf 87' lang='lat' dir='ltr'>Desin.</span> 
     </span>
     <span class='ocr_line' id='line_1_71' title="bbox 1462 1333 1756 1371; baseline 0.003 -8"><span class='ocrx_word' id='word_1_411' title='bbox 1462 1338 1479 1351; x_wconf 82' lang='grc'>“</span> <span class='ocrx_word' id='word_1_412' title='bbox 1492 1333 1612 1364; x_wconf 86' lang='lat' dir='ltr'>Bakerc</span> <span class='ocrx_word' id='word_1_413' title='bbox 1629 1333 1756 1371; x_wconf 85' lang='lat' dir='ltr'>Belami,</span> 
     </span>
     <span class='ocr_line' id='line_1_72' title="bbox 1492 1385 1955 1427; baseline 0.004 -13"><span class='ocrx_word' id='word_1_414' title='bbox 1492 1385 1572 1415; x_wconf 53' lang='lat' dir='ltr'>WVar</span> <span class='ocrx_word' id='word_1_415' title='bbox 1588 1385 1659 1415; x_wconf 86' lang='lat' dir='ltr'>thee</span> <span class='ocrx_word' id='word_1_416' title='bbox 1675 1386 1753 1415; x_wconf 81' lang='lat' dir='ltr'>from</span> <span class='ocrx_word' id='word_1_417' title='bbox 1770 1385 1822 1416; x_wconf 87' lang='lat' dir='ltr'>the</span> <span class='ocrx_word' id='word_1_418' title='bbox 1838 1385 1955 1427; x_wconf 88' lang='lat' dir='ltr'>pillori;</span> 
     </span>
     <span class='ocr_line' id='line_1_73' title="bbox 1492 1435 1899 1477; baseline 0.002 -11"><span class='ocrx_word' id='word_1_419' title='bbox 1492 1435 1556 1466; x_wconf 74' lang='lat' dir='ltr'>But</span> <span class='ocrx_word' id='word_1_420' title='bbox 1571 1436 1647 1466; x_wconf 87' lang='lat' dir='ltr'>thou</span> <span class='ocrx_word' id='word_1_421' title='bbox 1663 1437 1734 1467; x_wconf 71' lang='lat' dir='ltr'>mal(</span> <span class='ocrx_word' id='word_1_422' title='bbox 1750 1437 1832 1477; x_wconf 81' lang='lat' dir='ltr'>goud</span> <span class='ocrx_word' id='word_1_423' title='bbox 1848 1437 1899 1474; x_wconf 90' lang='lat' dir='ltr'>lof,</span> 
     </span>
     <span class='ocr_line' id='line_1_74' title="bbox 1490 1487 2007 1519; baseline 0 -2"><span class='ocrx_word' id='word_1_424' title='bbox 1490 1487 1565 1518; x_wconf 85' lang='lat' dir='ltr'>Sent</span> <span class='ocrx_word' id='word_1_425' title='bbox 1582 1488 1682 1518; x_wconf 85' lang='lat' dir='ltr'>Mario</span> <span class='ocrx_word' id='word_1_426' title='bbox 1698 1488 1796 1518; x_wconf 85' lang='lat' dir='ltr'>worth</span> <span class='ocrx_word' id='word_1_427' title='bbox 1812 1488 1865 1518; x_wconf 85' lang='lat' dir='ltr'>the</span> <span class='ocrx_word' id='word_1_428' title='bbox 1881 1488 2007 1519; x_wconf 81' lang='lat' dir='ltr'>wrotl1.&#39;&#39;</span> 
     </span>
    </p>

    <p class='ocr_par' dir='ltr' id='par_1_32' title="bbox 1324 1543 2158 1635">
     <span class='ocr_line' id='line_1_75' title="bbox 1324 1543 2158 1586; baseline 0.002 -13"><span class='ocrx_word' id='word_1_429' title='bbox 1324 1554 1349 1574; x_wconf 92' lang='lat' dir='ltr'>o.</span> <span class='ocrx_word' id='word_1_430' title='bbox 1371 1543 1418 1573; x_wconf 83' lang='lat' dir='ltr'>De</span> <span class='ocrx_word' id='word_1_431' title='bbox 1440 1543 1541 1584; x_wconf 84' lang='lat' dir='ltr'>puella</span> <span class='ocrx_word' id='word_1_432' title='bbox 1567 1543 1786 1573; x_wconf 30' lang='lat' dir='ltr'>Ifflerefordcnsi</span> <span class='ocrx_word' id='word_1_433' title='bbox 1810 1543 1931 1574; x_wconf 79' lang='lat' dir='ltr'>dicente</span> <span class='ocrx_word' id='word_1_434' title='bbox 1953 1554 1985 1574; x_wconf 83' lang='lat' dir='ltr'>se</span> <span class='ocrx_word' id='word_1_435' title='bbox 2007 1554 2073 1575; x_wconf 83' lang='lat' dir='ltr'>esse</span> <span class='ocrx_word' id='word_1_436' title='bbox 2094 1544 2158 1586; x_wconf 88' lang='lat' dir='ltr'>pul-</span> 
     </span>
     <span class='ocr_line' id='line_1_76' title="bbox 1386 1594 1907 1635; baseline 0 -10"><span class='ocrx_word' id='word_1_437' title='bbox 1386 1594 1536 1626; x_wconf 88' lang='lat' dir='ltr'>chriorem</span> <span class='ocrx_word' id='word_1_438' title='bbox 1552 1594 1588 1624; x_wconf 89' lang='grc' dir='ltr'>Β.</span> <span class='ocrx_word' id='word_1_439' title='bbox 1603 1594 1715 1625; x_wconf 88' lang='lat' dir='ltr'>Maria.</span> <span class='ocrx_word' id='word_1_440' title='bbox 1740 1595 1790 1625; x_wconf 81' lang='lat' dir='ltr'>fol.</span> <span class='ocrx_word' id='word_1_441' title='bbox 1805 1604 1863 1635; x_wconf 88' lang='grc'>311</span> <span class='ocrx_word' id='word_1_442' title='bbox 1879 1595 1907 1625; x_wconf 89' lang='lat' dir='ltr'>b.</span> 
     </span>
    </p>

    <p class='ocr_par' dir='ltr' id='par_1_33' title="bbox 1429 1645 2110 1686">
     <span class='ocr_line' id='line_1_77' title="bbox 1429 1645 2110 1686; baseline 0.001 -11"><span class='ocrx_word' id='word_1_443' title='bbox 1429 1645 1524 1686; x_wconf 89' lang='lat' dir='ltr'>Incip.</span> <span class='ocrx_word' id='word_1_444' title='bbox 1542 1650 1559 1662; x_wconf 71' lang='lat'>‘⁴</span> <span class='ocrx_word' id='word_1_445' title='bbox 1572 1645 1651 1675; x_wconf 86' lang='lat' dir='ltr'>Erat</span> <span class='ocrx_word' id='word_1_446' title='bbox 1666 1645 1831 1686; x_wconf 86' lang='lat' dir='ltr'>aliquando</span> <span class='ocrx_word' id='word_1_447' title='bbox 1846 1645 1929 1686; x_wconf 86' lang='lat' dir='ltr'>apud</span> <span class='ocrx_word' id='word_1_448' title='bbox 1947 1645 2110 1676; x_wconf 83' lang='lat' dir='ltr'>Herford.”</span> 
     </span>
    </p>
   </div>
   <div class='ocr_carea' id='block_1_12' title="bbox 1259 1704 2155 2684">
    <p class='ocr_par' dir='ltr' id='par_1_34' title="bbox 1323 1704 2021 1746">
     <span class='ocr_line' id='line_1_78' title="bbox 1323 1704 2021 1746; baseline 0 -11"><span class='ocrx_word' id='word_1_449' title='bbox 1323 1716 1350 1746; x_wconf 87' lang='lat' dir='ltr'>p.</span> <span class='ocrx_word' id='word_1_450' title='bbox 1370 1705 1522 1736; x_wconf 85' lang='lat' dir='ltr'>Miracula</span> <span class='ocrx_word' id='word_1_451' title='bbox 1538 1705 1572 1735; x_wconf 80' lang='grc' dir='ltr'>Β.</span> <span class='ocrx_word' id='word_1_452' title='bbox 1589 1704 1698 1735; x_wconf 81' lang='lat' dir='ltr'>Mariae</span> <span class='ocrx_word' id='word_1_453' title='bbox 1713 1704 1859 1745; x_wconf 79' lang='lat' dir='ltr'>Virginis.</span> <span class='ocrx_word' id='word_1_454' title='bbox 1883 1704 1933 1735; x_wconf 89' lang='lat' dir='ltr'>fol.</span> <span class='ocrx_word' id='word_1_455' title='bbox 1949 1714 2021 1745; x_wconf 87' lang='lat'>312.</span> 
     </span>
    </p>

    <p class='ocr_par' dir='ltr' id='par_1_35' title="bbox 1427 1755 2130 1796">
     <span class='ocr_line' id='line_1_79' title="bbox 1427 1755 2130 1796; baseline 0 -10"><span class='ocrx_word' id='word_1_456' title='bbox 1427 1755 1523 1796; x_wconf 87' lang='lat' dir='ltr'>Incip.</span> <span class='ocrx_word' id='word_1_457' title='bbox 1541 1760 1558 1773; x_wconf 67' lang='lat'>‘⁶</span> <span class='ocrx_word' id='word_1_458' title='bbox 1571 1756 1702 1794; x_wconf 80' lang='lat' dir='ltr'>Quidam</span> <span class='ocrx_word' id='word_1_459' title='bbox 1718 1756 1814 1786; x_wconf 90' lang='lat' dir='ltr'>frater</span> <span class='ocrx_word' id='word_1_460' title='bbox 1829 1756 1935 1786; x_wconf 82' lang='lat' dir='ltr'>ordino</span> <span class='ocrx_word' id='word_1_461' title='bbox 1951 1756 2130 1786; x_wconf 81' lang='lat' dir='ltr'>minorum.”</span> 
     </span>
    </p>

    <p class='ocr_par' dir='ltr' id='par_1_36' title="bbox 1405 1807 2155 1940">
     <span class='ocr_line' id='line_1_80' title="bbox 1427 1807 2155 1848; baseline 0.003 -12"><span class='ocrx_word' id='word_1_462' title='bbox 1427 1807 1479 1836; x_wconf 83' lang='lat' dir='ltr'>Ad</span> <span class='ocrx_word' id='word_1_463' title='bbox 1499 1807 1549 1837; x_wconf 87' lang='lat' dir='ltr'>fol.</span> <span class='ocrx_word' id='word_1_464' title='bbox 1566 1808 1637 1846; x_wconf 77' lang='lat'>316,</span> <span class='ocrx_word' id='word_1_465' title='bbox 1656 1807 1823 1845; x_wconf 80' lang='lat' dir='ltr'>“Qualiter</span> <span class='ocrx_word' id='word_1_466' title='bbox 1840 1807 1936 1838; x_wconf 83' lang='lat' dir='ltr'>Horae</span> <span class='ocrx_word' id='word_1_467' title='bbox 1956 1807 1990 1837; x_wconf 87' lang='lat' dir='ltr'>B.</span> <span class='ocrx_word' id='word_1_468' title='bbox 2006 1807 2155 1848; x_wconf 74' lang='lat' dir='ltr'>VirginiS‚</span> 
     </span>
     <span class='ocr_line' id='line_1_81' title="bbox 1406 1858 2155 1901; baseline 0.003 -14"><span class='ocrx_word' id='word_1_469' title='bbox 1406 1868 1523 1888; x_wconf 84' lang='lat' dir='ltr'>necnon</span> <span class='ocrx_word' id='word_1_470' title='bbox 1545 1858 1796 1889; x_wconf 87' lang='lat' dir='ltr'>commemoratio</span> <span class='ocrx_word' id='word_1_471' title='bbox 1816 1859 1952 1899; x_wconf 83' lang='lat' dir='ltr'>ejusdem</span> <span class='ocrx_word' id='word_1_472' title='bbox 1972 1859 2072 1901; x_wconf 86' lang='lat' dir='ltr'>primo</span> <span class='ocrx_word' id='word_1_473' title='bbox 2094 1859 2155 1889; x_wconf 84' lang='lat' dir='ltr'>fue-</span> 
     </span>
     <span class='ocr_line' id='line_1_82' title="bbox 1405 1909 1672 1940; baseline 0 -1"><span class='ocrx_word' id='word_1_474' title='bbox 1405 1914 1477 1940; x_wconf 89' lang='lat' dir='ltr'>runt</span> <span class='ocrx_word' id='word_1_475' title='bbox 1493 1909 1672 1940; x_wconf 71' lang='lat' dir='ltr'>institutae.&#39;⁷</span> 
     </span>
    </p>

    <p class='ocr_par' dir='ltr' id='par_1_37' title="bbox 1322 1963 2155 2055">
     <span class='ocr_line' id='line_1_83' title="bbox 1322 1963 2155 2006; baseline -0.001 -11"><span class='ocrx_word' id='word_1_476' title='bbox 1322 1976 1350 2006; x_wconf 92' lang='lat' dir='ltr'>q.</span> <span class='ocrx_word' id='word_1_477' title='bbox 1368 1964 1416 1995; x_wconf 89' lang='lat' dir='ltr'>De</span> <span class='ocrx_word' id='word_1_478' title='bbox 1434 1964 1590 1994; x_wconf 46' lang='lat' dir='ltr'>&amp;Villelmo</span> <span class='ocrx_word' id='word_1_479' title='bbox 1610 1965 1699 2005; x_wconf 76' lang='lat' dir='ltr'>Grys,</span> <span class='ocrx_word' id='word_1_480' title='bbox 1719 1964 1860 2005; x_wconf 80' lang='lat' dir='ltr'>Anghco,</span> <span class='ocrx_word' id='word_1_481' title='bbox 1884 1968 1992 2004; x_wconf 86' lang='lat' dir='ltr'>postea</span> <span class='ocrx_word' id='word_1_482' title='bbox 2014 1963 2155 2005; x_wconf 89' lang='lat' dir='ltr'>episcopo</span> 
     </span>
     <span class='ocr_line' id='line_1_84' title="bbox 1385 2015 1879 2055; baseline -0.002 -9"><span class='ocrx_word' id='word_1_483' title='bbox 1385 2016 1422 2046; x_wconf 87' lang='lat' dir='ltr'>de</span> <span class='ocrx_word' id='word_1_484' title='bbox 1440 2015 1613 2046; x_wconf 84' lang='lat' dir='ltr'>Meschincs</span> <span class='ocrx_word' id='word_1_485' title='bbox 1627 2015 1720 2046; x_wconf 82' lang='lat' dir='ltr'>facto.</span> <span class='ocrx_word' id='word_1_486' title='bbox 1743 2015 1793 2045; x_wconf 88' lang='lat' dir='ltr'>fol.</span> <span class='ocrx_word' id='word_1_487' title='bbox 1807 2024 1879 2055; x_wconf 84' lang='grc'>319.</span> 
     </span>
    </p>

    <p class='ocr_par' dir='ltr' id='par_1_38' title="bbox 1404 2063 2153 2199">
     <span class='ocr_line' id='line_1_85' title="bbox 1427 2063 2153 2107; baseline -0.003 -11"><span class='ocrx_word' id='word_1_488' title='bbox 1427 2067 1478 2097; x_wconf 90' lang='lat' dir='ltr'>Ad</span> <span class='ocrx_word' id='word_1_489' title='bbox 1500 2067 1550 2097; x_wconf 88' lang='lat' dir='ltr'>fol.</span> <span class='ocrx_word' id='word_1_490' title='bbox 1568 2076 1629 2107; x_wconf 84' lang='lat'>319</span> <span class='ocrx_word' id='word_1_491' title='bbox 1645 2067 1674 2103; x_wconf 87' lang='lat' dir='ltr'>b,</span> <span class='ocrx_word' id='word_1_492' title='bbox 1694 2070 1891 2103; x_wconf 82' lang='lat' dir='ltr'>memoratur,</span> <span class='ocrx_word' id='word_1_493' title='bbox 1915 2070 1932 2082; x_wconf 76' lang='lat'>‘⁴</span> <span class='ocrx_word' id='word_1_494' title='bbox 1948 2064 2042 2095; x_wconf 78' lang='lat' dir='ltr'>Wille</span> <span class='ocrx_word' id='word_1_495' title='bbox 2063 2063 2153 2105; x_wconf 77' lang='lat' dir='ltr'>Grys,</span> 
     </span>
     <span class='ocr_line' id='line_1_86' title="bbox 1404 2116 2151 2158; baseline -0.003 -10"><span class='ocrx_word' id='word_1_496' title='bbox 1404 2118 1498 2148; x_wconf 81' lang='lat' dir='ltr'>Wille</span> <span class='ocrx_word' id='word_1_497' title='bbox 1522 2117 1612 2158; x_wconf 76' lang='lat' dir='ltr'>Grys‚</span> <span class='ocrx_word' id='word_1_498' title='bbox 1637 2117 1763 2148; x_wconf 83' lang='lat' dir='ltr'>Thenke</span> <span class='ocrx_word' id='word_1_499' title='bbox 1786 2117 1868 2148; x_wconf 87' lang='lat' dir='ltr'>what</span> <span class='ocrx_word' id='word_1_500' title='bbox 1890 2117 1967 2148; x_wconf 89' lang='lat' dir='ltr'>thou</span> <span class='ocrx_word' id='word_1_501' title='bbox 1990 2126 2067 2147; x_wconf 88' lang='lat' dir='ltr'>were</span> <span class='ocrx_word' id='word_1_502' title='bbox 2091 2116 2151 2147; x_wconf 86' lang='lat' dir='ltr'>and</span> 
     </span>
     <span class='ocr_line' id='line_1_87' title="bbox 1405 2168 1648 2199; baseline -0.004 0"><span class='ocrx_word' id='word_1_503' title='bbox 1405 2169 1487 2199; x_wconf 88' lang='lat' dir='ltr'>what</span> <span class='ocrx_word' id='word_1_504' title='bbox 1503 2169 1579 2199; x_wconf 90' lang='lat' dir='ltr'>thou</span> <span class='ocrx_word' id='word_1_505' title='bbox 1596 2168 1648 2199; x_wconf 77' lang='lat' dir='ltr'>is.&#39;&#39;</span> 
     </span>
    </p>

    <p class='ocr_par' dir='ltr' id='par_1_39' title="bbox 1259 2226 2152 2319">
     <span class='ocr_line' id='line_1_88' title="bbox 1259 2226 2152 2264; baseline -0.004 -4"><span class='ocrx_word' id='word_1_506' title='bbox 1259 2250 1260 2261; x_wconf 48' lang='lat'>1</span> <span class='ocrx_word' id='word_1_507' title='bbox 1279 2230 1328 2260; x_wconf 69' lang='lat'>23.</span> <span class='ocrx_word' id='word_1_508' title='bbox 1351 2228 1478 2258; x_wconf 87' lang='lat' dir='ltr'>Roberti</span> <span class='ocrx_word' id='word_1_509' title='bbox 1502 2227 1658 2263; x_wconf 69' lang='lat' dir='ltr'>GrostetQ</span> <span class='ocrx_word' id='word_1_510' title='bbox 1682 2226 1912 2264; x_wconf 85' lang='lat' dir='ltr'>Lincolniensis,</span> <span class='ocrx_word' id='word_1_511' title='bbox 1935 2230 2090 2258; x_wconf 79' lang='lat' dir='ltr'>tractatus</span> <span class='ocrx_word' id='word_1_512' title='bbox 2115 2226 2152 2256; x_wconf 88' lang='lat' dir='ltr'>de</span> 
     </span>
     <span class='ocr_line' id='line_1_89' title="bbox 1362 2277 1719 2319; baseline -0.006 -10"><span class='ocrx_word' id='word_1_513' title='bbox 1362 2279 1476 2319; x_wconf 86' lang='lat' dir='ltr'>templo</span> <span class='ocrx_word' id='word_1_514' title='bbox 1492 2278 1559 2308; x_wconf 91' lang='lat' dir='ltr'>Dei.</span> <span class='ocrx_word' id='word_1_515' title='bbox 1584 2277 1633 2307; x_wconf 87' lang='lat' dir='ltr'>fol.</span> <span class='ocrx_word' id='word_1_516' title='bbox 1649 2286 1719 2318; x_wconf 78' lang='lat'>322.</span> 
     </span>
    </p>

    <p class='ocr_par' dir='ltr' id='par_1_40' title="bbox 1383 2325 2152 2512">
     <span class='ocr_line' id='line_1_90' title="bbox 1405 2325 2150 2369; baseline -0.003 -11"><span class='ocrx_word' id='word_1_517' title='bbox 1405 2328 1502 2369; x_wconf 85' lang='lat' dir='ltr'>Incip.</span> <span class='ocrx_word' id='word_1_518' title='bbox 1527 2333 1544 2345; x_wconf 75' lang='lat'>⁴⁴</span> <span class='ocrx_word' id='word_1_519' title='bbox 1561 2327 1720 2368; x_wconf 83' lang='lat' dir='ltr'>Templum</span> <span class='ocrx_word' id='word_1_520' title='bbox 1747 2326 1818 2362; x_wconf 85' lang='lat' dir='ltr'>Dei,</span> <span class='ocrx_word' id='word_1_521' title='bbox 1845 2330 1903 2357; x_wconf 87' lang='lat' dir='ltr'>etc.</span> <span class='ocrx_word' id='word_1_522' title='bbox 1948 2326 2055 2356; x_wconf 86' lang='lat' dir='ltr'>Sermo</span> <span class='ocrx_word' id='word_1_523' title='bbox 2081 2325 2150 2362; x_wconf 83' lang='lat' dir='ltr'>iste,</span> 
     </span>
     <span class='ocr_line' id='line_1_91' title="bbox 1383 2376 2152 2421; baseline -0.005 -11"><span class='ocrx_word' id='word_1_524' title='bbox 1383 2379 1520 2421; x_wconf 82' lang='lat' dir='ltr'>quamvis</span> <span class='ocrx_word' id='word_1_525' title='bbox 1538 2389 1643 2409; x_wconf 86' lang='lat' dir='ltr'>omnes</span> <span class='ocrx_word' id='word_1_526' title='bbox 1663 2377 1764 2419; x_wconf 84' lang='lat' dir='ltr'>tangit</span> <span class='ocrx_word' id='word_1_527' title='bbox 1786 2388 1862 2418; x_wconf 89' lang='lat' dir='ltr'>quos</span> <span class='ocrx_word' id='word_1_528' title='bbox 1878 2377 2012 2418; x_wconf 82' lang='lat' dir='ltr'>Spiritus</span> <span class='ocrx_word' id='word_1_529' title='bbox 2027 2376 2088 2407; x_wconf 90' lang='lat' dir='ltr'>Dei</span> <span class='ocrx_word' id='word_1_530' title='bbox 2107 2376 2152 2406; x_wconf 90' lang='lat' dir='ltr'>in-</span> 
     </span>
     <span class='ocr_line' id='line_1_92' title="bbox 1384 2427 2151 2470; baseline -0.004 -9"><span class='ocrx_word' id='word_1_531' title='bbox 1384 2430 1524 2461; x_wconf 84' lang='lat' dir='ltr'>habitare</span> <span class='ocrx_word' id='word_1_532' title='bbox 1543 2430 1646 2466; x_wconf 77' lang='lat' dir='ltr'>debet,</span> <span class='ocrx_word' id='word_1_533' title='bbox 1664 2428 1836 2470; x_wconf 88' lang='lat' dir='ltr'>specialiter</span> <span class='ocrx_word' id='word_1_534' title='bbox 1853 2439 1922 2459; x_wconf 86' lang='lat' dir='ltr'>eum</span> <span class='ocrx_word' id='word_1_535' title='bbox 1941 2427 2151 2458; x_wconf 82' lang='lat' dir='ltr'>sacerdotibus</span> 
     </span>
     <span class='ocr_line' id='line_1_93' title="bbox 1383 2481 1554 2512; baseline -0.006 0"><span class='ocrx_word' id='word_1_536' title='bbox 1383 2481 1554 2512; x_wconf 82' lang='lat' dir='ltr'>convenit.’&#39;</span> 
     </span>
    </p>

    <p class='ocr_par' dir='ltr' id='par_1_41' title="bbox 1280 2538 2150 2684">
     <span class='ocr_line' id='line_1_94' title="bbox 1280 2538 2150 2581; baseline -0.006 -9"><span class='ocrx_word' id='word_1_537' title='bbox 1280 2544 1328 2573; x_wconf 69' lang='lat'>24.</span> <span class='ocrx_word' id='word_1_538' title='bbox 1346 2541 1542 2572; x_wconf 83' lang='lat' dir='ltr'>Collectanea</span> <span class='ocrx_word' id='word_1_539' title='bbox 1563 2539 1704 2581; x_wconf 85' lang='lat' dir='ltr'>quaedam</span> <span class='ocrx_word' id='word_1_540' title='bbox 1725 2538 1859 2569; x_wconf 88' lang='lat' dir='ltr'>miscella</span> <span class='ocrx_word' id='word_1_541' title='bbox 1876 2538 1914 2569; x_wconf 88' lang='lat' dir='ltr'>de</span> <span class='ocrx_word' id='word_1_542' title='bbox 1929 2538 2070 2573; x_wconf 85' lang='lat' dir='ltr'>Adamo;</span> <span class='ocrx_word' id='word_1_543' title='bbox 2093 2540 2150 2568; x_wconf 84' lang='lat' dir='ltr'>et-e.</span> 
     </span>
     <span class='ocr_line' id='line_1_95' title="bbox 1362 2592 1526 2633; baseline -0.012 -10"><span class='ocrx_word' id='word_1_544' title='bbox 1362 2593 1412 2623; x_wconf 79' lang='lat' dir='ltr'>sol.</span> <span class='ocrx_word' id='word_1_545' title='bbox 1424 2593 1484 2633; x_wconf 81' lang='lat'>328</span> <span class='ocrx_word' id='word_1_546' title='bbox 1497 2592 1526 2621; x_wconf 93' lang='lat' dir='ltr'>b.</span> 
     </span>
     <span class='ocr_line' id='line_1_96' title="bbox 1404 2640 1924 2684; baseline -0.008 -10"><span class='ocrx_word' id='word_1_547' title='bbox 1404 2643 1501 2684; x_wconf 84' lang='lat' dir='ltr'>Incip.</span> <span class='ocrx_word' id='word_1_548' title='bbox 1520 2648 1538 2660; x_wconf 62' lang='lat'>⁹⁴</span> <span class='ocrx_word' id='word_1_549' title='bbox 1552 2642 1679 2683; x_wconf 78' lang='lat' dir='ltr'>Legitur</span> <span class='ocrx_word' id='word_1_550' title='bbox 1696 2641 1777 2682; x_wconf 89' lang='lat' dir='ltr'>quod</span> <span class='ocrx_word' id='word_1_551' title='bbox 1793 2640 1924 2671; x_wconf 71' lang='lat' dir='ltr'>Adam.&#39;&#39;&#39;</span> 
     </span>
    </p>
   </div>
   <div class='ocr_carea' id='block_1_13' title="bbox 1280 2699 1878 2795">
    <p class='ocr_par' dir='ltr' id='par_1_42' title="bbox 1280 2699 1878 2795">
     <span class='ocr_line' id='line_1_97' title="bbox 1280 2699 1878 2741; baseline -0.007 -6"><span class='ocrx_word' id='word_1_552' title='bbox 1280 2704 1328 2735; x_wconf 70' lang='lat'>25.</span> <span class='ocrx_word' id='word_1_553' title='bbox 1345 2703 1392 2734; x_wconf 85' lang='lat' dir='ltr'>De</span> <span class='ocrx_word' id='word_1_554' title='bbox 1408 2702 1572 2734; x_wconf 86' lang='lat' dir='ltr'>confitendi</span> <span class='ocrx_word' id='word_1_555' title='bbox 1588 2701 1688 2732; x_wconf 88' lang='lat' dir='ltr'>modo.</span> <span class='ocrx_word' id='word_1_556' title='bbox 1711 2700 1761 2731; x_wconf 87' lang='lat' dir='ltr'>fol.</span> <span class='ocrx_word' id='word_1_557' title='bbox 1773 2709 1835 2741; x_wconf 82' lang='lat'>329</span> <span class='ocrx_word' id='word_1_558' title='bbox 1848 2699 1878 2731; x_wconf 89' lang='lat' dir='ltr'>b.</span> 
     </span>
     <span class='ocr_line' id='line_1_98' title="bbox 1407 2751 1871 2795; baseline -0.009 -10"><span class='ocrx_word' id='word_1_559' title='bbox 1407 2754 1501 2795; x_wconf 90' lang='lat' dir='ltr'>Incip.</span> <span class='ocrx_word' id='word_1_560' title='bbox 1519 2758 1537 2771; x_wconf 72' lang='lat'>‘⁶</span> <span class='ocrx_word' id='word_1_561' title='bbox 1550 2752 1678 2784; x_wconf 85' lang='lat' dir='ltr'>Penitus</span> <span class='ocrx_word' id='word_1_562' title='bbox 1694 2751 1871 2783; x_wconf 84' lang='lat' dir='ltr'>aeccdens.”</span> 
     </span>
    </p>
   </div>
   <div class='ocr_carea' id='block_1_14' title="bbox 1259 931 1262 2488">
    <p class='ocr_par' dir='ltr' id='par_1_43' title="bbox 1259 931 1262 2488">
     <span class='ocr_line' id='line_1_99' title="bbox 1259 931 1262 2488; baseline 0 0"><span class='ocrx_word' id='word_1_563' title='bbox 1259 931 1262 2488; x_wconf 95' lang='lat' dir='ltr'> </span> 
     </span>
    </p>
   </div>
  </div>
 </body>
</html>
