2254 3117
637 165 877 200 COLLEGII
905 165 1284 203 BALLIOLENSIS.

135 264 166 295 in
185 263 285 305 prima
303 266 394 304 parte
409 263 476 304 agit
492 262 601 299 Belial,
616 268 803 304 procurator
818 264 936 294 Inferni

135 318 245 345 contra
274 313 419 354 Moysen,
451 320 685 355 procuratorem
715 314 815 345 Jhesu
845 326 937 355 super

135 366 310 408 spolacione
331 365 449 396 Inferni
472 366 556 396 facta
579 377 634 407 per
656 366 774 397 dictum
796 366 815 397 J
819 367 935 401 hesum,

132 418 249 459 judicio
265 417 472 458 possessor-im
498 417 528 446 in
550 417 686 447 secunda
707 422 796 458 parte
817 418 883 457 agit
899 419 937 448 de
967 427 968 430 ’

132 469 249 510 judicio
275 468 444 510 petitorio;
477 469 508 498 in
536 468 631 499 tertia
658 469 881 510 pronunciatur
907 470 937 499 in

136 531 229 551 causa
241 520 269 556 ;”
292 520 339 550 01ιὶ
357 519 495 550 succedit
511 519 618 550 tabula
634 520 841 560 alphabetica.

55 664 174 698 Codex
192 663 404 701 chartaceus,
419 663 454 695 in
473 661 556 695 folio
574 662 707 706 majori,
725 662 758 695 ff.
773 665 853 699 944,
872 674 938 696 sec.

79 735 146 763 xxx,
165 723 253 756 binis
275 722 446 755 columnis
469 727 640 757 exaratus,
660 733 703 755 ex
729 723 819 755 dono
840 722 887 755 W
892 723 938 756 ill.

81 782 192 826 Gray;
219 781 253 814 in
273 780 367 814 calce
386 780 541 813 mutilus.

97 842 221 872 Domini
241 841 339 871 Aricii
364 840 483 881 [potius
504 839 661 870 Dominici
685 841 722 871 de
747 840 862 871 Sancto
882 842 941 871 Ge-
971 833 973 858 ¹¹

117 891 264 932 miniano]
293 890 587 921 commentariorum
614 902 706 932 super
731 891 882 922 Bonifacii
909 892 941 922 li-

116 944 204 973 brum
222 942 352 973 Sextum
369 941 582 973 Decretalinm
599 943 741 973 volumen
757 943 899 974 alterum.

162 994 257 1035 Incip.
273 994 305 1024 in
320 993 371 1024 tit.
385 994 424 1024 de
437 993 501 1024 vita
517 998 549 1024 et
565 994 728 1025 honestate
741 994 941 1029 Clericorum,
973 1026 975 1044 λ

140 1050 157 1061 “
173 1045 307 1086 Oppono
327 1044 411 1086 quod
434 1044 558 1075 rubrica
581 1056 642 1075 non
666 1045 760 1076 fuerit
783 1045 860 1076 bene
883 1046 943 1075 for-

138 1099 234 1132 mata,
251 1095 322 1136 quia
345 1095 518 1127 sufficiebat
539 1096 672 1127 alterum
694 1108 733 1127 ex
754 1096 821 1127 istis
840 1097 942 1127 dicen-

140 1148 242 1177 dum?

163 1199 258 1240 Incip.
271 1198 363 1239 gloss.
375 1203 393 1215 “
402 1197 526 1235 Clerici,
537 1202 595 1229 etc.
621 1198 734 1229 Glossa
747 1199 827 1229 enim
841 1204 943 1230 sumat

141 1254 172 1280 et
188 1250 250 1280 duo
266 1249 406 1279 membra
422 1248 616 1289 distinguit?

162 1301 259 1332 Defic.
283 1301 314 1331 in
333 1300 434 1331 verbis
458 1311 551 1341 super
569 1300 619 1330 tit.
641 1300 679 1330 (10
701 1299 863 1330 Sententia
880 1300 943 1330 Ex·
975 1316 976 1322 =

142 1352 440 1388 connnunicationis,
459 1357 477 1368 “
488 1356 520 1383 et
536 1352 605 1382 ideo
620 1363 639 1382 a
654 1351 793 1393 pluribus
809 1352 944 1382 denomi-

141 1405 276 1434 nabatur
292 1407 324 1434 et
340 1404 508 1434 secundum
525 1403 556 1433 id
568 1403 802 1444 judicabatur.’⁷

163 1455 210 1486 Cf.
227 1455 298 1486 MS.
315 1455 382 1486 cod.
399 1454 549 1485 Arundel.
567 1455 597 1484 in
616 1454 698 1484 Mus.
717 1454 835 1485 Britan.
854 1454 945 1485 hodic

141 1511 309 1543 servatum,
328 1506 385 1537 No.
401 1515 472 1546 472.

446 1580 557 1614 CLX.

60 1643 358 1682 Membranaceus‚
382 1643 418 1677 in
440 1642 533 1681 folio,
553 1642 586 1675 ff.
603 1644 685 1681 277,
708 1653 774 1675 sec.
794 1643 874 1681 xiv.‚
898 1642 946 1675 bi-
976 1677 978 1693 l

82 1701 133 1735 nis
152 1701 321 1735 columnis
340 1706 522 1741 exaratum
546 1712 591 1734 ex
610 1700 700 1733 dono
717 1699 765 1732 W
769 1700 816 1733 ill.
832 1700 935 1745 Gray.

101 1763 127 1792 1.
146 1762 302 1803 Anonymi
318 1762 480 1803 cujusdam
496 1761 737 1792 commentarius
754 1761 784 1791 in
801 1760 945 1801 Gregorii

163 1813 204 1844 ix.
217 1813 430 1844 Decretalium
445 1812 541 1843 libros
557 1812 701 1854 quinque,
720 1823 789 1842 011111
808 1811 945 1853 prologo.

163 1864 214 1895 fol.
232 1875 258 1895 1.

206 1916 303 1957 Incip.
334 1915 412 1956 prol.
440 1919 458 1932 ‘⁴
475 1915 552 1946 Cum
579 1926 665 1946 eram
694 1914 860 1956 parvulus;
888 1919 945 1945 etc.

187 1967 275 1998 Licet
291 1967 393 1997 divine
408 1967 593 2008 magestatis
609 1965 770 1997 concilium
787 1976 879 2006 super
894 1976 947 1996 na-

185 2018 330 2050 turaliter
345 2018 513 2059 quinque.''

210 2069 306 2110 Incip.
328 2069 420 2110 gloss.
441 2073 460 2086 ‘⁶
474 2069 680 2104 Bonefacius;
706 2069 886 2109 Antequam
907 2068 947 2098 ad

187 2127 311 2154 textum
337 2122 383 2152 vel
413 2122 533 2163 glosam
563 2121 664 2162 primo
690 2121 869 2151 discendam
900 2124 948 2150 est

186 2173 344 2211 sciendum
360 2174 443 2215 quod
458 2173 481 2203 J
483 2173 622 2203 ohannes
641 2172 705 2203 Mo.
723 2172 896 2203 Cardinalis
917 2171 947 2201 in

186 2226 245 2256 hoc
276 2236 394 2256 summe
425 2224 689 2255 commendandus
704 2224 731 2261 ;”
767 2229 798 2254 et
829 2227 948 2264 postea,

189 2281 207 2293 ‘⁸
222 2276 427 2311 Bonefacius;
455 2275 614 2306 Salutaeio
636 2279 668 2306 et
689 2279 799 2306 contra
819 2275 850 2305 id
867 2275 949 2316 quod

186 2328 257 2359 licet
284 2339 367 2369 papa
397 2327 552 2368 premittit
578 2326 685 2367 scripsi
710 2330 781 2368 post
804 2326 892 2356 Vinc.
918 2326 948 2356 in

187 2379 376 2421 prohemio.”

209 2431 318 2462 Desin.
343 2436 361 2447 “
378 2430 559 2467 dimittere;
587 2429 643 2460 hec
667 2429 775 2460 melius
798 2429 950 2470 intelliges

188 2492 243 2522 per
262 2484 374 2512 notata
395 2480 511 2511 scilicet
528 2480 565 2511 de
582 2484 665 2516 voto,
682 2480 765 2520 quod
783 2491 876 2520 super
892 2479 950 2510 hiis

185 2533 217 2563 in
231 2533 330 2564 tercia
344 2533 448 2574 glossa
464 2531 483 2562 J
487 2542 513 2562 ο.
530 2531 686 2562 Andree.”

105 2584 132 2613 2.
149 2583 400 2614 Commentarius
415 2584 453 2613 de
470 2582 597 2623 Regalis
614 2582 694 2623 juris
715 2582 884 2612 secundum
903 2592 949 2611 or-

166 2634 270 2666 dinem
285 2634 445 2676 alphabeti
462 2633 640 2674 dispositus.
664 2632 715 2663 fol.
734 2632 790 2662 182
804 2632 833 2662 b.

211 2686 308 2728 Incip.
327 2690 344 2702 ‘⁶
360 2685 430 2715 Non
446 2688 494 2715 est
510 2695 641 2720 nomen;
667 2682 717 2713 Sic
738 2682 846 2723 incipit
864 2682 951 2723 glosa

187 2747 279 2777 super
294 2736 427 2773 rubrica,
445 2735 533 2776 cujus
554 2735 664 2776 glossae
684 2733 835 2775 principio
851 2738 883 2765 et
898 2733 951 2764 fini

189 2787 338 2819 resistens
353 2787 467 2819 faciam
483 2786 573 2828 plura
588 2786 698 2817 nova.”

1819 175 1860 205 51

1121 267 1213 309 incip.
1233 268 1325 308 gloss.
1349 273 1367 285 ‘⁶
1382 269 1596 299 Aceessorium
1620 272 1784 305 naturam;
1814 270 1867 299 no-

1093 319 1163 357 gule
1175 320 1254 359 juris
1269 320 1374 357 civilis,
1391 325 1425 351 ut
1442 320 1588 351 videbis.”

1120 369 1220 400 Desin.
1238 376 1255 387 ⁴*
1270 371 1336 411 plus
1352 376 1511 412 urgentem
1528 371 1752 412 p1·oter1nitt0.''

1118 420 1294 461 Sequuntur
1327 434 1405 452 nam.
1437 428 1541 453 fvt-ent.
1574 423 1758 463 qiunstiones
1797 434 1868 452 non-

1098 470 1197 506 nullw,
1214 471 1275 501 sive
1291 483 1389 508 casus,
1401 472 1599 512 juridiciales.

1367 564 1497 598 CLXI.

993 623 1113 658 Codex
1140 625 1348 663 chartaceus.
1376 627 1408 658 in
1438 627 1526 661 folio,
1554 628 1687 665 11:411,
1714 640 1780 659 see.
1804 638 1868 663 xv..

1018 684 1106 716 binis
1131 683 1298 717 columnis
1326 685 1491 729 scriptus3
1522 697 1563 718 ex
1589 686 1677 719 dono
1700 685 1868 718 willelmi

1019 741 1122 786 Gray.

1038 801 1193 842 Anonymi
1231 801 1401 842 cujusdam,
1436 802 1682 839 Mediolanensis,
1716 814 1870 833 sermones

1059 851 1269 882 Dominiealcs
1282 852 1636 893 Quadragesimalesque,
1649 864 1716 883 culn
1733 853 1868 894 prologo.

1104 902 1198 943 Incip.
1222 903 1298 943 prol.
1324 905 1511 942 “Quantum
1534 903 1590 933 sim
1613 904 1668 933 1100
1691 915 1781 944 opere
1806 915 1870 944 per-

1081 952 1218 983 fecturus
1240 953 1350 989 nescio,
1368 953 1419 994 qui
1438 964 1492 983 noc
1513 953 1607 993 ipsius
1629 954 1728 993 operis
1749 954 1871 983 modum

1081 1004 1169 1034 video
1191 1015 1246 1034 nec
1269 1009 1419 1045 quantum
1439 1004 1484 1033 vel
1505 1004 1574 1034 fidei
1593 1004 1637 1034 vel
1661 1005 1751 1035 saluti
1774 1006 1872 1045 eujus-

1082 1067 1175 1096 quam
1195 1056 1341 1096 prodesse
1366 1055 1463 1096 possit
1486 1055 1632 1096 intelligo,
1679 1067 1699 1085 -›÷
1752 1067 1771 1085 -:÷
1826 1068 1845 1085 ÷÷
1867 1081 1872 1086 .

1083 1106 1223 1137 Maxime
1241 1117 1311 1136 vero
1333 1106 1463 1146 contigit
1484 1111 1519 1136 ut
1540 1106 1670 1147 primum
1691 1117 1759 1136 cuni
1779 1118 1874 1136 essem

1083 1158 1240 1188 Florentio
1264 1158 1294 1187 in
1317 1157 1368 1187 illa
1391 1157 1518 1187 ecclesia
1541 1168 1596 1197 pro
1618 1157 1724 1187 diebus
1747 1158 1874 1197 quadra-

1082 1209 1197 1250 gesime
1217 1209 1296 1239 hanc
1312 1219 1331 1239 a
1347 1220 1395 1239 me
1411 1219 1536 1249 operam
1557 1208 1757 1249 postularent.
1798 1208 1875 1238 (ss'um

1083 1260 1179 1302 igitur
1193 1264 1229 1291 ut
1245 1260 1297 1300 qni
1316 1271 1401 1290 eram
1418 1260 1447 1289 in
1465 1259 1521 1290 hac
1538 1259 1757 1290 exercitatione
1773 1259 1877 1289 rudior

1083 1323 1182 1353 pauca
1199 1311 1313 1342 contuli
1331 1311 1442 1352 quibus
1458 1311 1487 1340 in
1504 1311 1694 1351 exponendis
1710 1311 1788 1341 illius
1804 1316 1877 1341 tem-

1084 1363 1167 1404 poris
1183 1362 1348 1403 evangeliis
1367 1362 1555 1403 proficerem.
1602 1362 1720 1392 Eadem
1736 1367 1803 1402 post
1822 1361 1878 1391 110-

1084 1414 1174 1444 nonie
1195 1413 1362 1444 necessitas
1380 1413 1489 1443 incidit
1505 1418 1539 1443 ut
1555 1413 1631 1443 alios
1651 1424 1806 1443 sermones
1827 1413 1878 1442 ha-

1084 1466 1255 1496 beremus.”

1106 1515 1203 1556 Incip.
1217 1526 1308 1545 serm.
1323 1515 1340 1544 i.
1357 1519 1374 1530 ‘⁴
1387 1514 1502 1544 Lumen
1514 1515 1553 1545 ad
1567 1513 1811 1549 revelationemf
1822 1518 1879 1543 etc.

1086 1572 1103 1583 ‘⁶
1120 1566 1304 1607 Quanquam
1336 1570 1438 1596 totum
1472 1566 1639 1596 humanum
1676 1576 1772 1606 genus
1808 1568 1880 1594 ante

1085 1616 1201 1647 Christi
1225 1616 1393 1646 adventum
1417 1626 1529 1656 magna
1552 1615 1730 1656 ignei-ancia
1753 1619 1784 1644 et
1806 1614 1879 1644 ceei-

1084 1668 1185 1698 tate.''

1107 1719 1158 1749 Ad
1184 1719 1235 1750 fol.
1254 1720 1291 1758 78
1310 1719 1328 1749 b
1352 1718 1457 1759 incipit
1480 1722 1515 1749 ut
1538 1718 1658 1748 videtur
1684 1728 1756 1759 pars
1783 1717 1881 1747 altera

1085 1771 1196 1812 operis,
1213 1782 1282 1801 cum
1298 1771 1458 1812 prooemio,
1475 1770 1564 1811 incip.
1582 1776 1600 1786 ‘⁵
1613 1770 1683 1800 Non
1700 1769 1801 1799 deficit
1818 1768 1881 1809 qui-

1085 1822 1156 1852 dem
1189 1821 1229 1852 ab
1261 1821 1350 1852 initio
1384 1821 1476 1862 hujus
1513 1820 1615 1861 operis
1651 1819 1743 1850 (livini
1777 1818 1881 1849 auxilii

1085 1873 1184 1914 spes.''

1109 1925 1205 1966 Incip.
1218 1935 1306 1955 serm.
1322 1929 1339 1941 ‘⁸
1351 1923 1420 1954 Non
1434 1923 1464 1953 in
1478 1923 1543 1953 solo
1556 1922 1727 1963 pane,”etc.
1752 1928 1768 1938 ⁵*
1778 1921 1880 1951 Homo

1084 1981 1120 2007 ut
1136 1976 1227 2017 plane
1239 1980 1362 2006 constat
1378 1975 1545 2005 seeundum
1560 1973 1725 2014 genuinam
1741 1973 1880 2003 substan-

1087 2027 1174 2065 tiam,
1190 2027 1248 2058 hoc
1264 2032 1311 2057 est
1327 2027 1483 2057 carnem.'’

1108 2079 1159 2109 Ad
1176 2078 1226 2108 fol.
1240 2088 1301 2119 349
1315 2077 1423 2107 divisio
1440 2076 1576 2107 succedit
1592 2076 1695 2111 tertia,
1714 2075 1802 2115 incip.
1817 2083 1833 2090 *⁸
1849 2074 1879 2103 ln

1087 2129 1241 2160 dominica
1252 2129 1429 2159 Palmarum
1442 2141 1449 2162 ς
1470 2128 1564 2158 Recte
1576 2127 1633 2156 1100
1647 2137 1756 2156 nomen
1767 2127 1879 2155 factum

1087 2180 1210 2210 videtur
1228 2180 1310 2220 quod
1332 2179 1402 2209 huic
1425 2178 1595 2208 ebdomade
1617 2177 1748 2217 majores
1768 2176 1879 2206 tribue-

1087 2236 1162 2261 runt
1180 2234 1214 2261 ut
1230 2231 1378 2271 majorem
1395 2240 1462 2260 eam
1479 2228 1682 2259 ebdomadam
1698 2225 1859 2257 dicerent*

1108 2281 1208 2312 Defic.
1225 2293 1314 2322 opus,
1336 2281 1366 2311 in
1388 2281 1496 2315 verbis,
1518 2279 1618 2320 “quia
1642 2278 1671 2308 in
1694 2277 1767 2319 ipsis
1790 2276 1880 2305 vivifi-

1087 2333 1164 2364 casti
1181 2344 1247 2367 me3
1271 2333 1325 2363 sed
1342 2343 1420 2362 nunc
1437 2331 1531 2361 eciam
1550 2331 1579 2360 in
1593 2327 1797 2369 evangeliun?

1369 2436 1519 2471 CLXII.

1003 2502 1224 2541 chartaceus,
1249 2502 1284 2534 in
1311 2500 1392 2534 folio
1417 2498 1546 2542 majori,
1574 2496 1603 2529 ff.
1623 2498 1704 2533 300,
1729 2504 1792 2526 sec.
1812 2504 1879 2530 xv..

1028 2559 1116 2592 binis
1142 2558 1311 2592 columnis
1337 2561 1514 2595 exaratus3
1543 2566 1585 2587 ex
1612 2553 1699 2585 dono
1726 2550 1880 2594 ejusdem

1030 2617 1214 2650 Willelmi.

1050 2682 1217 2722 [Dominici
1233 2682 1270 2711 dc
1287 2681 1318 2711 S.
1331 2679 1522 2715 Geminiano]
1538 2674 1775 2706 commentarius
1791 2684 1882 2713 super

1070 2732 1220 2763 Bonifacii
1239 2731 1307 2762 libri
1324 2730 1408 2761 Sexti
1427 2727 1632 2759 Decretalium
1651 2726 1745 2756 libros
1767 2725 1882 2767 priores

1069 2784 1141 2820 duo,
1158 2793 1227 2813 cum
1243 2782 1377 2823 prologo.

1155 2846 1179 2868 11
1199 2838 1219 2868 2
