2254 3117
366 158 411 192 36

471 265 566 296 usque
589 254 629 285 ad
647 251 860 283 Justinianum
883 250 964 281 idem
985 249 1101 280 Paulus
1125 261 1163 281 ex
1184 251 1249 292 plu-
1276 257 1278 297 1

471 306 556 336 ribus
579 304 757 336 auctoribus
780 306 812 333 et
831 301 965 332 maxime
987 301 1157 342 [Jord]ane
1178 313 1248 332 con-
1277 315 1278 359 1

471 357 581 392 texuit.
593 355 673 386 sicut
682 355 713 384 in
725 353 863 394 margine
873 358 1024 383 annotare
1035 353 1247 394 eu[ravimus];
1277 366 1278 401 1

473 406 570 437 Paulo
587 410 691 435 autem
707 404 787 434 sicut
803 403 947 433 Orosium
963 403 1185 444 proposuimus,
1203 404 1248 434 ita

469 457 642 487 »Iordanem
680 453 940 494 sub[junximus]⁷
976 457 1011 483 ut
1044 464 1082 483 ex
1115 458 1247 494 utroque
1277 485 1279 496 ³

470 518 544 537 sane
560 506 675 536 habeat
690 505 788 535 lector
803 504 941 545 integros
957 515 1034 545 quos
1049 504 1108 534 iste
1126 505 1247 545 putavit
1277 498 1279 543 ξ

470 557 681 588 deflorandos:
718 556 748 586 A
764 555 786 586 J
790 555 946 586 ustiniano
968 560 1074 586 autem
1093 566 1189 596 usque
1207 556 1247 586 ad
1277 553 1279 587 ἒ

472 608 661 638 Ludovicum
685 607 808 648 collegit
833 606 959 644 Haimo,
982 607 1151 637 monachus
1177 607 1247 637 Flo·
1277 606 1279 637 l

469 658 645 689 riacensis.”
1278 657 1279 661 ’

492 709 589 750 lncip.
605 708 696 750 gloss.
715 719 811 749 marg.
830 712 849 725 “
864 707 1038 738 Secundum
1053 707 1247 737 Gennadium
1278 713 1279 720 ¹

469 761 507 791 de
534 759 608 790 viris
637 758 808 789 illustribus
833 757 939 788 floruit
967 757 1137 798 Eutropius
1166 768 1248 787 anno
1278 759 1279 785 i

469 811 594 841 Domini
609 818 681 852 437,
697 813 837 851 tempore
853 809 938 840 beati
955 808 1154 850 Augustini.”

1277 409 1279 428 l

1277 430 1279 451 Ι

384 867 411 896 Q.
431 866 588 902 Jordanis,
611 865 673 896 sive
693 865 876 901 Jornandis,
895 864 1030 906 episcopi
1048 863 1246 899 Ravennatis,
1278 868 1279 886 1

447 917 572 948 natione
589 917 695 955 Gothi,
712 917 750 947 de
765 916 861 958 gestis
879 916 1091 946 Romanorum
1106 915 1146 945 ad
1162 914 1247 955 Vigi-

447 969 521 998 lium
535 967 776 999 abbreviationis
792 967 879 1002 liber,
892 978 960 997 cum
974 966 1056 997 notis
1072 965 1247 1005 marginali·
1278 971 1279 993 1

447 1021 505 1051 bus
520 1031 539 1050 a
554 1019 639 1050 Will.
656 1017 926 1049 Malmesburiensi
942 1017 1098 1048 confectis.
1122 1016 1173 1046 fol.
1185 1024 1235 1057 57.

491 1070 586 1112 Incip.
604 1071 680 1110 prol.
699 1075 716 1087 “
730 1069 904 1111 Vigilancie
926 1072 1038 1105 vestre,
1062 1067 1247 1098 nobilissime

470 1123 567 1153 frater
582 1121 689 1163 vigili,
706 1121 826 1162 gratias
847 1120 965 1155 refero;
991 1120 1073 1161 quod
1089 1130 1137 1149 me
1156 1119 1248 1160 longa

469 1184 524 1214 per
539 1174 712 1214 teinpora.'³

492 1224 588 1265 lncip.
604 1235 690 1264 opus,
709 1223 871 1253 “Romani
892 1227 926 1253 ut
945 1224 990 1253 ait
1008 1222 1180 1252 Amblicius
1200 1232 1247 1252 ar-

469 1276 526 1305 mis
543 1280 574 1305 et
590 1275 709 1316 legibus
725 1278 904 1305 exercentes
920 1274 1055 1304 orbem.”

494 1327 529 1357 In
557 1327 650 1363 calce,
675 1332 692 1343 ‘⁸
705 1326 854 1356 Jordanis
884 1325 1017 1366 episcopi
1047 1324 1246 1360 Ravennatis,
1278 1335 1280 1349 ⁴

469 1377 595 1408 natione
611 1377 719 1413 Gothi,
735 1377 773 1407 de
794 1376 890 1418 gestis
907 1376 1118 1406 Romanorum
1136 1376 1176 1405 ad
1194 1375 1248 1405 Vi-
1278 1392 1280 1398 ι

469 1428 575 1469 gilium
603 1427 680 1457 liber
703 1426 945 1458 adbreviationis
972 1426 1098 1467 explicit
1112 1427 1136 1461 ;”
1164 1430 1195 1456 et
1218 1426 1248 1455 in
1279 1431 1280 1450 1

471 1479 619 1519 margine,
644 1484 661 1494 ‘⁸
678 1477 791 1508 Notule
816 1477 976 1507 inserende
1002 1477 1032 1506 in
1059 1476 1248 1517 marginibus
1279 1491 1280 1522 ᾗ

469 1530 539 1560 libri
562 1529 803 1560 abbreviationis
820 1528 969 1558 willelmi
989 1528 1027 1558 de
1044 1527 1247 1557 Malmesburi
1279 1540 1280 1553 1

469 1585 615 1621 excerpto
653 1591 691 1609 ex
724 1580 803 1610 actis
838 1579 1013 1620 Haymonis
1044 1579 1249 1609 Floriacensis
1279 1596 1280 1618 l

468 1632 610 1662 monachi
624 1631 806 1672 incipientes
822 1642 841 1661 a
853 1635 993 1672 tempore
1007 1630 1177 1660 Justiniani
1193 1630 1248 1660 im-
1279 1639 1280 1668 1

469 1683 651 1724 pe1·at0ris.”
1279 1681 1280 1705 1

383 1741 412 1769 3.
430 1738 577 1769 willelmi
591 1738 879 1768 Malmesburicnsis
892 1738 1085 1769 abbreviatio
1098 1749 1134 1768 ex
1152 1738 1248 1779 gestis

450 1789 614 1820 Haimonis
637 1789 674 1820 (le
696 1789 953 1830 Imperatoribus,
974 1801 1042 1820 cum
1065 1789 1194 1830 prologo
1218 1794 1249 1819 et
1278 1772 1280 1821 1

447 1840 529 1870 notis
547 1840 779 1881 marginalibus.
804 1840 856 1870 fol.
870 1841 908 1870 86
923 1840 952 1870 b.

492 1891 553 1920 Tit.
571 1896 588 1907 “
601 1891 716 1932 Incipit
728 1891 925 1921 adbreviacio
939 1891 1087 1921 willelmi
1101 1890 1138 1920 de
1153 1890 1249 1931 gestis
1278 1898 1280 1919 1

469 1942 668 1982 sequencium
686 1942 947 1983 Imperatorum.”

495 1993 587 2033 lncip.
606 1993 683 2033 prol.
707 2002 724 2009 ··
738 1992 979 2023 Precedencium
1001 1997 1090 2033 gesta
1112 1992 1248 2033 Impera·

469 2048 573 2074 torum
590 2044 744 2074 Jordanes
767 2044 928 2085 episcopus
950 2048 982 2074 et
1002 2043 1117 2074 Paulus
1138 2044 1248 2084 dyaco-
1278 2045 1279 2084 J

469 2106 526 2124 nus
543 2098 709 2125 texuerunt
725 2094 921 2135 sequeneium
938 2099 969 2124 et
985 2094 1086 2124 acta.”
1278 2096 1280 2104 '

492 2146 586 2186 lncip.
614 2146 685 2176 hist.
714 2145 945 2176 “Justinianus
976 2145 1070 2186 igitur
1095 2145 1136 2175 ad
1163 2145 1248 2186 cujus

470 2208 568 2227 xxuu.
585 2207 700 2227 annum
716 2197 877 2227 scribendo
894 2196 1033 2237 pervenit
1049 2196 1236 2226 J01·danes.”

386 2256 413 2284 4.
432 2253 521 2283 Pauli
536 2252 637 2283 Orosii
654 2239 827 2292 presbyteri
840 2252 878 2281 de
890 2252 1037 2282 Ormesta
1051 2251 1161 2281 Mundi
1179 2251 1247 2280 libri

448 2310 567 2345 septem
593 2314 662 2333 cuin
690 2303 818 2344 prologo
848 2303 989 2343 notisque
1015 2302 1246 2343 marginalibus.
1277 2342 1278 2346 Ἰ

450 2357 499 2387 fol.
517 2357 555 2396 96
570 2356 598 2385 b.

493 2408 554 2438 Tit.
584 2412 600 2423 ‘⁴
617 2405 732 2446 Incipit
763 2405 906 2447 prologus
937 2405 1004 2435 libri
1036 2405 1126 2446 primi
1159 2405 1246 2435 Pauli
1277 2420 1279 2431 ι

470 2458 570 2490 Orosii
588 2456 750 2499 presbiteri
763 2457 803 2487 ad
817 2457 943 2486 beatum
956 2456 1164 2497 Augustulum
1179 2467 1248 2486 eon-

471 2514 521 2540 tra
539 2508 713 2550 Paganos.”
857 2545 861 2550 ⁷

495 2560 689 2595 Praecedunt,
725 2569 751 2589 1.
775 2558 968 2589 Testimonia
1001 2558 1039 2587 de
1069 2558 1179 2588 Oresio
1210 2569 1247 2587 ex

471 2612 645 2648 Gennadio,
670 2610 852 2650 Hieronymi
878 2609 1010 2650 epistola
1037 2609 1075 2639 ad
1100 2609 1245 2650 Augusti-

470 2675 543 2694 num
571 2672 602 2694 et
633 2674 670 2693 ex
699 2661 857 2693 Decretali
884 2660 998 2691 Gelasii
1028 2671 1115 2701 papie
1147 2659 1247 2700 primi.
1262 2692 1266 2695 ,

476 2716 528 2754 (2.)
548 2715 649 2745 Orosii
671 2713 802 2756 epistola
819 2713 860 2744 ad
876 2711 1087 2753 Augustinum
1103 2711 1140 2741 (le
1160 2710 1248 2741 mise—

472 2767 526 2797 riis
545 2766 662 2797 mundi.

921 152 1222 188 CATALOGUS
1249 152 1483 187 CODICUM
1513 152 1621 187 MSS.

1430 250 1525 291 lncip.
1539 254 1602 281 not.
1616 261 1713 292 marg.
1728 251 1895 290 “Quorum
1911 251 2100 292 probitatem
2114 262 2184 282 con-

1406 309 1456 332 tra
1471 302 1629 332 Romanos
1645 302 1777 333 multum
1793 302 1990 333 commendat
2006 302 2162 333 Orosius.”

1321 406 1350 434 5.
1367 403 1477 434 Oratio
1489 404 1598 445 Poggii
1613 403 1829 446 [Braceiolini]
1843 404 1928 435 edita
1943 404 1974 434 in
1991 405 2096 435 funere
2114 405 2183 446 [Ni-

1385 455 1462 485 colai
1482 454 1681 497 Albergatiff]
1700 455 1874 485 Cardinalis
1891 455 2076 492 Florentini,
2096 467 2183 496 pero-

1385 511 1455 536 rata
1479 506 1671 537 Constantiae
1699 507 1729 536 in
1755 506 1892 547 exequiis
1918 507 2055 547 ejusdem
2086 506 2184 538 cardi—

1387 557 1472 587 nalis.
1496 557 1548 588 fol.
1564 567 1633 596 207.

1429 607 1525 648 Incip.
1547 612 1567 625 ‘⁵
1581 607 1651 638 Etsi
1676 607 1807 648 plurimo
1830 607 1916 638 luctu
1939 607 2106 648 doloreque
2129 608 2184 638 im-

1407 658 1552 698 pedior;”
1574 662 1609 689 ut
1625 658 1706 688 inter
1722 669 1828 698 opera,
1844 658 1918 688 edit.
1936 659 2026 699 1538,
2042 670 2071 700 p.
2087 668 2156 699 252.

1322 717 1349 747 6.
1368 717 1496 748 Guarini
1515 717 1705 747 Veronensis
1732 717 1832 748 oratio
1855 718 1894 748 ad
1918 718 2065 759 populum
2086 718 2184 749 Vero-

1385 779 1510 798 nensem
1527 768 1558 798 in
1573 768 1697 798 laudem
1714 768 1893 799 Rectorum.
1917 769 1968 799 fol.
1984 779 2017 800 21
2029 779 2053 799 1.

1430 819 1526 860 Incip.
1546 824 1563 836 “
1574 819 1686 860 Optavi
1703 830 1772 849 cum
1789 830 1862 860 sepe
1877 819 1986 850 alias.'’

1323 881 1351 910 7.
1369 878 1537 918 Gasparini
1551 878 1767 919 Pergamensis
1783 878 1940 909 orationes
1952 879 2031 917 duae,
2044 880 2084 910 ad
2098 880 2184 921 [Phi-

1386 928 1502 969 lippum
1538 928 1675 958 Μαι-111111
1712 928 1751 958 (le
1784 927 2038 970 Vicecomitibns]
2076 929 2184 960 ducem

1386 978 1662 1009 Mediolanensem.
1687 978 1737 1008 fol.
1754 989 1808 1010 211
1826 979 1856 1009 b.

1430 1030 1526 1071 Ineip.
1539 1029 1556 1060 i.
1576 1034 1593 1046 ‘⁵
1605 1029 1734 1060 Gaudeo
1750 1029 1927 1070 plurimum,
1944 1029 2148 1062 illustrissime
2159 1032 2186 1068 3³⁸

1407 1084 1441 1111 ut
1457 1080 1539 1111 inter
1554 1091 1660 1120 opera,
1678 1085 1752 1111 tom.
1768 1080 1788 1111 i.
1805 1092 1835 1120 p.
1852 1090 1917 1122 151.

1430 1131 1526 1172 Incip.
1541 1131 1569 1161 ii.
1588 1132 1775 1170 “Quantum
1791 1135 1844 1162 tue
1855 1132 1881 1168 ;”
1897 1132 1937 1162 ib.
1954 1136 2029 1163 tom.
2042 1132 2060 1163 i.
2078 1144 2106 1173 p.
2119 1134 2169 1174 36.

1323 1192 1349 1220 S.
1370 1191 1524 1221 Leonardi
1546 1190 1673 1232 [Bruni]
1692 1191 1815 1222 Aretini
1838 1192 1878 1222 ad
1898 1191 2110 1222 Innocentium
2131 1203 2184 1233 pa-

1387 1253 1458 1282 pam
1473 1242 1521 1272 vii.
1545 1241 1597 1272 fol.
1613 1251 1670 1282 '2¹3
1686 1241 1715 1272 b.

1430 1293 1527 1334 Incip.
1546 1297 1566 1311 ‘⁶
1579 1293 1638 1332 Qui
1654 1298 1741 1324 tuam
1757 1293 1889 1324 laudant
1904 1294 2104 1324 sanctitatem
2115 1294 2143 1329 ;”

1278 1355 1280 1374 ¹
1323 1354 1351 1385 9.
1369 1352 1479 1383 Oratio
1497 1352 1549 1382 Fr.
1564 1352 1694 1383 Barbari
1712 1352 1742 1382 in
1759 1353 1953 1394 promotione
1969 1352 2092 1383 Alberti
2110 1353 2185 1384 Gui-

1387 1403 1513 1440 dalocti‚
1540 1415 1609 1434 cum
1639 1404 1809 1445 susciperet
1835 1404 1967 1445 insignia
1993 1404 2185 1435 doctoratus.

1386 1455 1437 1485 fol.
1455 1464 1525 1493 214.

1431 1505 1445 1536 I
1450 1506 1527 1546 neip.
1539 1510 1556 1522 ⁴⁶
1564 1505 1743 1546 Antequam
1752 1517 1789 1536 ea
1798 1517 1857 1546 que
1867 1505 2015 1536 hodierno
2020 1506 2048 1543 ;”
2058 1510 2093 1537 ut
2103 1506 2185 1547 apud

1409 1557 1543 1593 Pezium,
1561 1557 1710 1587 The-saur.
1728 1562 1802 1588 tom.
1817 1557 1854 1588 vi.
1871 1563 1952 1597 part.
1969 1557 2011 1587 iii.
2027 1568 2058 1597 p.
2075 1557 2141 1597 165.

1656 1664 1832 1699 CXXVI.

1279 1726 1421 1760 ‘Codex
1448 1726 1740 1765 membranaceus,
1768 1726 1802 1759 in
1832 1726 1924 1764 folio,
1951 1725 1986 1759 ff.
2006 1728 2088 1766 123,
2119 1737 2185 1760 sec.

1326 1796 1394 1823 xv.‚
1409 1784 1497 1817 binis
1516 1783 1684 1817 columnis
1703 1784 1813 1817 nitide
1828 1787 2008 1822 exaratus;
2032 1795 2075 1816 ex
2096 1784 2185 1817 dono

1327 1841 1425 1874 Will.
1442 1842 1555 1886 Gray3
1583 1842 1618 1874 in
1636 1841 1730 1875 calce
1750 1853 1901 1874 mancus.

1345 1910 1502 1941 Francisei
1525 1910 1705 1940 Petrarehae
1729 1910 1929 1950 epistolarum
1955 1910 1995 1940 ad
2018 1910 2186 1941 familiares

1364 1960 1432 1990 libri
1452 1960 1560 2001 viginti
1582 1963 1727 2001 quatuor,
1748 1961 1871 2001 praeviis
1893 1961 2094 2002 epistolarum
2114 1961 2186 1991 lem-

1363 2012 1509 2042 matibus.

1406 2062 1633 2092 Desiderantur
1642 2066 1748 2093 tamen
1762 2066 1828 2092 tum
1841 2073 1913 2102 pars
1929 2062 2066 2103 epistolae
2079 2062 2184 2103 primae

1384 2113 1453 2144 libri
1470 2113 1560 2154 primi
1577 2118 1643 2144 tum
1660 2124 1713 2143 sex
1729 2113 1799 2143 libri
1815 2113 1975 2154 postremi.

1406 2166 1503 2206 Ineip.
1517 2165 1536 2194 i.
1552 2165 1582 2194 in
1595 2165 1704 2201 verbis,
1724 2169 1742 2181 ‘³
1838 2165 1862 2195 si
1879 2165 1953 2206 quid
1968 2165 2062 2196 altius
2077 2165 2182 2206 loqua-

1384 2217 1444 2251 ris3
1472 2215 1597 2246 Infinite
1613 2220 1686 2246 sunt
1702 2217 1871 2247 varietates
1886 2216 2054 2246 hominum.

1406 2268 1504 2298 Defie.
1522 2267 1573 2297 lib.
1592 2267 1673 2297 xviii.
1695 2278 1743 2308 ep.
1762 2277 1786 2297 1.
1810 2271 1827 2284 ‘⁴
1840 2278 1876 2297 eo
1898 2267 2023 2308 quidem
2046 2273 2185 2308 tempore

1384 2319 1441 2349 hoe
1457 2318 1547 2355 dixit,
1565 2329 1625 2358 quo
1641 2321 1785 2358 exempto
1798 2319 1863 2358 jam
1880 2318 1973 2348 rebus
1988 2318 2099 2348 huma..

1643 2420 1839 2454 CXXVII.

1277 2521 1278 2526 ¹
1301 2484 1601 2522 Membranaceus,
1620 2483 1655 2515 in
1676 2482 1758 2516 folio
1782 2483 1916 2522 minori,
1939 2482 1972 2515 ff.
1991 2482 2070 2521 161,
2093 2493 2182 2515 anno
2219 2488 2221 2491 ’

1327 2543 1420 2574 1450
1439 2552 1543 2573 manu
1557 2540 1594 2574 T.
1606 2540 1781 2574 XVerkent
1799 2540 1908 2574 nitide
1926 2545 2109 2580 exaratus;
2138 2551 2182 2573 ex

1325 2600 1414 2633 douo
1434 2598 1509 2632 Ric.
1529 2598 1627 2631 Bole.

1348 2660 1369 2689 l.
1388 2659 1412 2689 F
1416 2658 1543 2689 rancisci
1566 2658 1758 2694 Petrarehae,
1780 2662 1880 2699 poetae
1903 2657 2061 2695 Laureati,
2078 2658 2117 2688 de
2135 2668 2181 2688 se-

1405 2714 1489 2740 creto
1512 2709 1657 2740 conflictu
1680 2708 1941 2750 querimoniarum
1964 2719 2091 2740 suarum
2111 2708 2181 2739 libri

1403 2766 1476 2798 tres,
1494 2772 1562 2791 eum
1579 2760 1736 2802 prooemio.
1761 2760 1812 2791 fol.
1827 2770 1856 2792 2.
