2254 3117
375 158 421 193 90

504 251 557 282 filii
574 248 759 291 Serapionis.
798 247 842 279 Et
856 247 915 278 hoc
930 248 1094 279 transtulit
1109 248 1260 290 magister

505 301 663 333 Gerardus
675 299 890 331 Cremonensis
906 298 937 329 in
948 298 1059 330 Toleto
1072 299 1111 330 de
1124 300 1260 331 Arabico

504 353 535 383 in
552 351 729 383 Latinum.”

421 409 450 438 3.
469 407 625 449 Anonymi
641 406 803 447 cujusdam
819 405 969 447 practica.
993 405 1043 437 fol.
1059 406 1130 444 284.

526 459 587 490 Tit.
606 464 623 475 ‘⁴
636 457 751 499 Incipit
766 457 905 499 practica
920 458 1059 488 fratris.'’

526 509 624 551 Incip.
642 514 660 526 ⁴⁴
673 508 932 550 Compilationem
947 509 1130 550 significat.”

525 562 634 592 Desin.
666 572 750 602 pars,
781 572 848 601 quae
872 561 986 592 dicitur
1012 560 1262 597 Antidotarium,

505 620 522 629 ⁸*
534 623 604 643 cum
619 612 709 643 melle
724 617 754 642 et
769 623 852 653 aqua
867 612 1005 653 tepida.'’

527 663 566 692 In
582 662 676 700 calce,
693 666 711 679 “
724 662 863 703 Explicit
879 663 1000 704 pratica
1015 662 1149 693 fratris.’'

526 713 681 751 Citantur,
699 713 878 745 Bernardus
903 714 1116 751 Provincialis,
1134 714 1262 745 Musan-

504 765 595 796 dinus
625 765 688 796 sive
716 765 897 802 Musardus,
924 765 1127 802 Petrocellus,
1156 765 1262 796 Ricar-

504 817 573 854 duS,
590 816 777 854 Platearius,
796 817 967 855 Aviceuna,
984 817 1171 859 Stephanus.

723 929 911 964 CCXXX.

378 991 499 1025 Codex
517 991 813 1033 membranaceus,
828 993 863 1025 in
882 991 965 1025 folio
983 992 1118 1032 minori,
1133 992 1167 1026 ff.
1182 994 1262 1032 107,

403 1060 469 1082 sec.
482 1050 563 1087 xiV„
582 1049 671 1084 binis
690 1050 860 1084 columnis
878 1055 1051 1085 exaratus.

421 1111 448 1140 1.
467 1110 625 1151 Anonymi
652 1110 824 1152 cujusdam,
849 1111 976 1142 natione
1004 1111 1161 1148 Lucensis,
1185 1112 1264 1142 liber

484 1160 522 1191 de
538 1171 622 1199 cura,
640 1161 788 1203 regimine
804 1166 836 1192 et
851 1161 1086 1193 infirmitatibus
1103 1173 1262 1203 equorum.

485 1212 536 1243 fol.
557 1223 582 1244 1.

529 1264 627 1305 Incip.
646 1268 663 1280 “
675 1264 754 1295 Cum
776 1265 858 1296 inter
880 1270 985 1296 cetera
1004 1265 1066 1295 alia
1082 1264 1149 1295 usui
1166 1264 1263 1294 homi-

506 1315 553 1345 nis
576 1315 729 1356 deputata
754 1327 851 1357 equus
878 1316 920 1347 sit
946 1316 1090 1353 nobilius,
1106 1316 1144 1346 dc
1168 1315 1264 1356 ipsius

506 1377 591 1403 cura,
618 1367 766 1408 regimine
796 1372 828 1398 et
857 1368 1094 1399 infirmitatibus
1125 1372 1264 1398 tractare

506 1417 695 1448 intendimus
711 1422 797 1449 recto
813 1419 949 1450 ordines*

528 1467 634 1499 Desin.
654 1473 715 1500 “et
740 1480 796 1509 per
818 1469 858 1500 ix.
884 1470 949 1500 dies
973 1470 1058 1500 intus
1082 1473 1264 1500 remaneant

507 1519 566 1550 nisi
582 1531 637 1561 per
652 1532 685 1551 se
701 1521 786 1562 prius
802 1521 987 1558 cecidcriut3
1013 1521 1183 1563 Explicits’

528 1570 566 1601 In
581 1571 673 1607 calce,

396 1628 412 1636 *⁵
426 1620 497 1651 Hoc
511 1621 575 1662 egit
590 1621 747 1653 immensis
760 1647 765 1653 .
779 1623 889 1653 studiis
905 1623 1033 1653 nacione
1051 1623 1209 1659 Lucensis,

424 1671 482 1710 Qui
496 1672 573 1703 bene
585 1678 768 1704 cunctorum
781 1699 786 1704 .
800 1674 969 1705 medicinas
984 1674 1070 1705 novit
1086 1675 1264 1716 equorum.”

423 1736 450 1764 2.
469 1735 599 1766 Trotula
616 1737 654 1766 de
670 1737 785 1767 morbis
801 1737 972 1768 mulierum.
996 1738 1048 1769 fol.
1067 1749 1077 1769 1
1089 1749 1114 1769 1.

532 1788 567 1818 In
584 1789 675 1824 calce,
694 1796 710 1806 *⁶
724 1789 861 1831 Explicit
878 1790 954 1821 liber
972 1791 1073 1822 factus
1095 1802 1114 1822 a
1137 1791 1264 1822 muliere

510 1839 716 1877 Salernitana,
734 1852 792 1882 que
809 1841 939 1873 Trotula
955 1843 1113 1873 vocatur.”

424 1903 451 1931 3.
471 1903 671 1934 Tractatulus
687 1905 725 1934 (16
741 1905 856 1935 morbis
871 1916 1047 1946 puerorum.
1071 1905 1123 1936 fol.
1140 1916 1178 1937 20
1190 1907 1219 1937 b.

532 1954 629 1996 Incip.
654 1955 852 1986 “Passiones
882 1960 914 1987 et
943 1957 1068 1987 morbos
1098 1968 1265 1998 puerorum

508 2005 610 2036 adhuc
627 2006 657 2036 in
673 2007 864 2038 cunabulis.”

425 2069 454 2098 4.
473 2068 627 2100 Johannis
641 2069 791 2112 Stephani
808 2071 927 2102 libellus
940 2072 978 2102 de
991 2072 1136 2103 febribus.
1154 2073 1174 2103 f.
1187 2082 1220 2103 21
1236 2072 1264 2103 b.
1297 2109 1298 2119 ἵ

534 2121 633 2162 Incip.
652 2126 669 2138 “
682 2122 801 2153 Contra
816 2123 950 2153 coleram
965 2123 1121 2154 1·ul:›eam.”

534 2172 572 2202 In
588 2172 682 2209 ealce,
699 2178 717 2190 *⁶
730 2172 868 2214 Explicit
884 2177 1040 2205 tractatus
1056 2174 1188 2205 febrium
1204 2186 1267 2206 ma-
1297 2182 1298 2198 ³

509 2222 599 2264 gistri
615 2223 635 2253 J
640 2224 771 2255 ohannis
787 2224 971 2266 Stephani.’'

427 2288 455 2316 5.
474 2287 615 2318 Gualteri
631 2288 741 2319 medici
762 2288 922 2329 cujusdam
943 2289 1062 2320 libellus
1078 2291 1116 2321 de
1132 2282 1267 2321 dos'ibus.

490 2338 538 2368 fol.
554 2347 592 2380 23
606 2339 635 2369 b.

535 2389 632 2431 Incip.
657 2390 917 2422 “Medicinarum
944 2392 1077 2433 quedam
1102 2398 1173 2423 sunt
1198 2392 1268 2423 sim-
1298 2390 1299 2409 ³

512 2441 606 2481 plices
622 2442 754 2483 quedam
770 2443 967 2483 composite?

538 2492 576 2522 In
592 2493 684 2531 calce,
702 2498 719 2510 “
733 2493 913 2535 Expliciunt
930 2494 1019 2525 doses
1036 2495 1186 2526 Galteri.”

429 2556 456 2585 (5.
476 2555 693 2598 [Avicennaess]
726 2558 765 2588 de
787 2558 935 2589 divisione
960 2558 1159 2590 scientiarum
1182 2559 1268 2595 liber,
1299 2591 1300 2594 ,

1299 2631 1301 2641 ,
1323 2601 1443 2636 Codex
1463 2603 1757 2643 membranaceus,
1772 2604 1807 2636 in
1827 2602 1909 2636 folio
1929 2603 2061 2640 minori,
2077 2602 2110 2635 ff.
2125 2603 2202 2641 152,

539 2660 637 2702 Incip.
667 2666 683 2678 ‘⁶
697 2661 775 2692 Cum
803 2661 906 2702 plures
936 2666 1039 2691 essent
1069 2661 1143 2691 olim
1172 2662 1269 2702 philo-
1299 2678 1305 2695 ,ν

1300 2724 1301 2771 J
1348 2718 1428 2752 Joh.
1448 2718 1596 2759 Bredon,
1617 2719 1669 2753 M.
1682 2719 1726 2753 D.
1746 2719 1823 2753 coll.
1845 2719 1998 2752 Merton.
2018 2719 2109 2752 socii.

432 2776 459 2806 7.
479 2774 647 2807 Tractatus
669 2776 810 2818 magistri
828 2776 959 2808 Arnaldi
980 2776 1018 2806 de
1035 2776 1218 2807 Villa-Nova
1233 2777 1271 2807 de
1300 2773 1301 2786 ³

492 2619 561 2639 cum
577 2609 714 2651 prologo.
737 2609 787 2640 sol.
803 2619 851 2650 29.

514 2712 635 2752 sophi.”

930 149 1234 186 CATALOGUS
1260 150 1495 186 CODICUM
1523 150 1632 185 MSS.

1418 247 1631 291 phlebotomia
1646 247 1709 278 sive
1725 247 1763 278 de
1780 247 2081 279 considerationibus
2103 249 2197 280 medi-

1418 311 1536 331 corum.
1560 299 1611 330 fol.
1625 309 1675 341 33.

1461 351 1579 382 Exstat
1594 350 1676 381 inter
1691 359 1794 391 opera,
1810 349 1907 380 Basil.
1925 350 2016 390 1585,
2033 349 2090 381 col.
2106 351 2176 390 847.

1464 401 1502 431 In
1518 401 1610 437 calce,
1625 405 1643 417 ‘⁶
1656 399 1795 441 Explicit
1811 399 1889 429 liber
1905 399 1943 430 de
1958 399 2119 430 medicinis
2134 411 2198 431 cor-

1441 451 1604 482 dialibus.”

1356 516 1387 545 8.
1404 514 1513 546 Galeni
1538 515 1616 546 liber
1640 515 1679 545 de
1702 514 1805 555 rigore
1821 518 1852 545 et
1869 519 2005 545 tremore
2027 518 2060 546 et
2070 515 2200 557 jectiga-

1420 565 1505 596 tione
1535 571 1567 597 et
1597 576 1721 607 spasmo
1752 565 1926 596 translatus
1957 565 2153 597 ΒΘΑ-6111110116
2181 577 2201 597 a

1421 617 1571 658 magistro
1586 617 1729 648 Arnaldo
1746 617 1784 647 de
1801 616 1998 648 Villa-Nova.
2023 617 2075 648 fol.
2088 627 2139 658 45.

1466 669 1565 710 Incip.
1590 676 1608 686 ⁴*
1625 668 1778 708 Quoniam
1802 668 2004 710 Araxagoras
2029 668 2111 700 filius
2132 670 2199 700 An-

1442 719 1570 751 chalis.”

1466 772 1505 801 In
1520 771 1612 805 calce.
1630 777 1648 788 ⁴⁸
1662 770 1800 812 Explicit
1825 770 1903 801 liber
1919 771 1957 802 G.
1983 771 2021 802 de
2045 771 2148 813 rigore
2170 775 2201 802 et

1443 823 1610 854 tremore.u

1358 887 1387 918 9.
1407 886 1554 927 [Arnaldi
1576 885 1614 916 de
1631 885 1853 926 Villa-Novass]
1873 885 2005 926 epistola
2028 885 2066 916 de
2089 886 2201 927 signifi—

1339 1104 1378 1134 10

1342 1322 1377 1351 ll

1340 1656 1380 1686 13

1295 1872 1380 1901 ,14

1423 936 1598 968 cationibus
1615 936 1818 972 mirabilibus,
1836 941 1895 967 ete.
1919 936 1969 967 sol.
1982 946 2019 977 51
2036 937 2065 967 b.

1466 989 1566 1030 Incip.
1593 988 1739 1019 “Vestro
1767 988 1911 1029 petitioni
1938 989 2110 1029 respondeo
2137 989 2201 1019 dili—

1443 1039 1582 1081 gcnterJ'

1382 1103 1565 1134 ,Summula
1589 1103 1627 1133 de
1651 1103 1836 1144 purgatione
1861 1103 2000 1134 ciborum
2024 1106 2057 1134 et
2073 1107 2202 1144 potuum

1423 1155 1615 1185 infirmorum
1631 1155 1800 1185 seeundum
1818 1155 2014 1185 Musardum.
2037 1154 2087 1185 fol.
2102 1164 2152 1197 53.

1469 1205 1563 1246 Incip.
1589 1210 1607 1221 “
1621 1206 1670 1235 De
1698 1204 1774 1235 cibis
1797 1208 1828 1236 et
1851 1205 1976 1246 potibus
2000 1206 2203 1246 preparandis

1446 1255 1577 1286 infirmis
1592 1255 1780 1286 videamus.”

1383 1346 1388 1352 .
1407 1321 1575 1352 Tractatus
1595 1319 1738 1361 magistri
1755 1319 1889 1350 Arnaldi
1913 1320 1951 1350 de
1968 1320 1992 1350 V
1997 1319 2151 1351 illa-Nova
2166 1320 2203 1350 (le

1424 1372 1598 1403 intentione
1610 1371 1810 1402 medicorum.
1835 1371 1884 1402 fol.
1898 1373 1949 1413 56.

1467 1424 1514 1456 Cf.
1531 1424 1613 1455 inter
1625 1434 1733 1465 opera,
1750 1423 1809 1454 col.
1822 1424 1894 1463 641.

1385 1513 1388 1518 .
1409 1487 1552 1529 Epistola
1576 1488 1714 1529 ejusdem
1739 1488 1778 1518 ad
1800 1486 2005 1517 Valentinum
2028 1486 2204 1528 episcopum

1424 1539 1463 1582 de
1478 1538 1698 1580 reprobatione
1708 1538 1950 1580 negromantieae
1964 1538 2107 1569 fictionis.
2124 1538 2143 1568 f.
2154 1540 2203 1568 60.

1468 1590 1565 1632 Incip.
1585 1599 1602 1607 ⁸*
1614 1590 1748 1621 Judieiis
1765 1589 1938 1620 desideriis*

1384 1679 1390 1686 .
1409 1655 1574 1697 [Ejusdem
1589 1655 1744 1696 expositio
1760 1655 1791 1686 in
1809 1655 1921 1686 Galeni
1942 1655 2055 1685 librum
2079 1655 2118 1686 (16
2141 1665 2204 1686 ma-

1424 1707 1494 1738 litia
1511 1706 1734 1748 complexionis
1750 1707 1905 1747 diversae]
1931 1707 1981 1737 sol.
1996 1710 2031 1737 61
2049 1707 2078 1737 b.

1469 1758 1570 1800 Incip.
1598 1764 1615 1775 *⁶
1631 1758 1772 1789 Intendit
1797 1759 1834 1789 G.
1859 1758 1890 1788 in
1913 1758 1970 1789 hoc
1995 1762 2134 1789 tractatu
2157 1769 2205 1788 os-

1444 1810 1603 1846 tendere?
1619 1814 1655 1841 ut
1672 1810 1755 1841 inter
1770 1821 1873 1852 opera⁷
1891 1810 1946 1841 col.
1964 1819 1998 1851 17
2002 1812 2053 1851 56.

1385 1895 1391 1900 .
1413 1870 1563 1911 Ejusdem
1587 1870 1742 1911 expositio
1765 1870 1803 1901 (16
1827 1870 2086 1911 graduationibus
2111 1869 2204 1900 medi-

1424 1922 1573 1953 cinarum.
1598 1922 1714 1963 f01.83.

1470 1973 1569 2014 Incip.
1588 1978 1605 1990 ⁴⁵
1620 1974 1658 2004 In
1677 1973 1837 2004 medicinis
1861 1984 1915 2014 per
1938 1977 2039 2004 artem
2055 1972 2203 2014 composi-

1447 2024 1488 2055 tis
1504 2025 1738 2062 consideratis,”
1754 2029 1789 2055 ut
1805 2024 1878 2055 ibid.
1896 2024 1952 2055 col.
1966 2034 2037 2065 505.

1469 2076 1649 2117 Sequuntur
1672 2076 1799 2113 tabulae,
1815 2080 1847 2107 et
1872 2076 1903 2106 in
1927 2075 2020 2113 calce,
2039 2080 2056 2093 “
2070 2075 2205 2118 Explicit

1447 2127 1526 2158 liber
1551 2127 1694 2169 magistri
1723 2127 1858 2158 Arnaldi
1888 2128 1926 2158 de
1955 2127 2138 2159 Villa-Nova
2167 2127 2204 2157 de

1447 2179 1709 2220 graduacionibus
1725 2179 1975 2210 medicinarum.”

1297 2226 1298 2231 ¹
1343 2235 1392 2266 15.
1410 2234 1562 2266 Doctrina
1575 2235 1686 2266 Galeni
1699 2235 1737 2266 (16
1749 2235 1947 2266 interioribus
1960 2235 2128 2265 secundum
2143 2238 2204 2274 sty-

1427 2286 1491 2317 lum
1508 2286 1706 2317 Latinorum.
1730 2286 1782 2317 fol.
1799 2296 1849 2327 99.

1472 2338 1570 2379 Incip.
1598 2337 1781 2377 “Quoniam
1809 2338 1972 2368 diversitas
1998 2337 2205 2368 membrorum

1449 2389 1599 2430 corporis,
1625 2400 1684 2430 que
1711 2393 1777 2420 tam
1802 2393 1921 2420 veteres
1948 2400 2041 2430 quam
2067 2386 2204 2419 moderni

1448 2440 1516 2470 loca
1532 2439 1634 2481 sepius
1650 2440 1839 2481 appellant.”

1665 2539 1875 2574 CCXXXI.

1348 2671 1415 2693 sec.
1431 2662 1512 2701 xiv„
1531 2661 1620 2695 binis
1646 2661 1816 2695 columnis
1843 2666 2024 2700 exaratus;
2052 2671 2095 2693 ex
2115 2660 2203 2693 dono

1369 2778 1469 2809 Isaaci
1502 2778 1605 2810 Judaei
1637 2779 1788 2810 Theorica
1821 2778 1973 2819 I'antegni
2007 2775 2202 2808 medicinalis.
