2254 3117
741 151 980 186 COLLEGII
1009 154 1148 190 NOVI.
1804 167 1848 201 29

144 299 387 340 theologicorum
411 298 561 334 collectio,
590 298 621 328 in
648 299 758 340 quibus
781 299 920 330 citantur
947 294 948 297 ¹

144 351 308 393 scriptores
329 354 394 381 tam
419 349 497 380 sacri
523 360 616 390 quam
642 350 768 387 ethnici,
796 351 919 381 Aristo-

143 403 220 434 teles
235 401 359 437 scilicet,
377 400 551 435 Terentius,
569 406 628 431 etc.
653 401 704 431 fol.
718 412 735 442 3
746 412 790 440 19.

187 453 285 494 Incip.
310 452 328 482 i.
357 452 426 482 '‘In
450 451 616 482 nativitate
643 452 735 482 beate
765 452 917 493 Yirginis;

164 504 308 535 Transite
323 503 363 533 ad
380 513 428 532 me
444 513 550 533 omnes
565 503 616 543 qui
631 515 638 537 ;
657 507 716 533 etc.
760 502 832 533 Duo
849 515 919 534 con-

164 556 344 591 sideremus,
357 554 397 585 ad
413 565 507 595 quam
522 554 758 588 transeundum,
777 562 808 585 ct
824 555 920 595 quis.”

180 607 353 637 Occurrunt
376 605 424 636 hie
446 605 506 635 illic
526 605 680 646 glossulas,
699 617 839 637 sermone
855 607 918 636 An-

163 657 283 699 glicano
303 657 436 698 scriptae,
454 667 502 687 ex.
517 667 563 698 gr.
582 657 622 687 ad
638 657 688 687 fol.
705 667 766 698 349
784 657 812 693 b,
838 663 855 674 ⁴·
869 658 920 688 Sic

165 709 316 745 Christus,
330 708 486 739 Gerlande
498 708 532 738 of
544 708 597 739 the
612 720 707 750 grene
723 714 780 743 tre,
795 710 919 750 quando

165 760 195 790 in
210 770 309 790 eruce.
356 759 498 790 Secunda
514 759 622 789 (lomus
643 764 691 790 est
713 760 873 795 orationis,
890 761 923 790 of

164 811 310 852 biddinge
321 811 350 843 :⁹⁸
366 810 476 841 videsis
493 821 615 852 quoque
631 812 692 848 408
710 811 740 848 b,
759 822 834 852 seqq.

164 895 166 898 ,
186 863 310 893 Inserta
326 867 399 892 sunt
415 873 546 903 quoquc,

0 179 3 211 ἰ

0 243 3 302 l
82 253 110 282 3.
127 250 307 281 Sermonum
328 248 475 284 brevium,
493 248 692 290 locorumque
713 250 920 280 communium

0 308 1 320 l

0 358 1 371 l

0 485 1 512 l

102 931 129 951 a.
147 919 312 949 Anecdota
327 918 366 948 de
384 918 516 948 Sanctis.
542 918 594 948 fol.
607 920 678 959 358.

209 970 308 1011 Incip.
345 975 362 984 '‘
381 970 491 1000 Abbas
523 970 685 1011 Longinus
716 970 920 1011 interrogavit

184 1021 331 1052 abbatem
353 1021 487 1051 Lucium
510 1021 625 1058 dicens,
643 1021 743 1052 habeo
759 1026 823 1052 tres
839 1021 920 1062 cogi-

185 1073 330 1109 tationes,
349 1083 454 1108 unam,
469 1076 504 1103 ut
520 1072 559 1102 ad
577 1072 836 1114 peregrinandum
854 1083 919 1113 pcr-

270 1123 287 1133 ,2

185 1134 267 1165 gam.

103 1181 131 1211 b.
149 1179 296 1211 Narratio
319 1179 357 1209 (le
381 1178 478 1209 fratre
503 1178 638 1219 Hugone.
662 1177 802 1211 Brutum
829 1189 918 1207 mann

163 1230 314 1262 recentiori
332 1230 362 1260 ἱη
378 1230 512 1271 οιιαιζαῐηε
526 1230 649 1270 scripta.
673 1229 724 1259 fol.
738 1238 774 1269 37
781 1239 811 1268 5,

102 1298 126 1317 c.
143 1286 262 1317 Tabula
286 1285 392 1316 decem
417 1286 663 1326 Praeceptorum,
684 1289 803 1326 septem
825 1286 919 1315 dono·
949 1276 952 1291 ³

164 1348 232 1367 rum
247 1337 466 1378 spiritualium,
481 1340 601 1377 septem
620 1336 783 1374 virtutum,
800 1342 919 1378 septem

164 1388 359 1430 petitionum,
377 1394 497 1429 septem
513 1392 712 1429 peccatorum
729 1389 917 1424 mortalium,

164 1441 214 1471 xii.
232 1439 435 1471 articulorum
451 1439 542 1476 fidei3
559 1444 618 1470 etc.
644 1439 694 1470 fol.
708 1442 781 1480 469.

102 1497 131 1527 d.
148 1496 258 1527 Oratio
273 1496 313 1526 ad
332 1495 535 1530 Salvator-em,
558 1494 686 1525 Gallice.
710 1495 760 1525 fol.
775 1504 846 1536 475.

208 1547 306 1588 Incip.

124 1605 141 1614 “
153 1599 220 1629 Duz
237 1598 304 1629 Sire
319 1598 420 1628 Jhesu
437 1597 531 1634 Crist,
547 1597 578 1627 ki
595 1608 654 1638 pur
669 1598 721 1628 nul
738 1609 850 1628 sauuer

153 1649 294 1681 Suffrites
306 1654 421 1680 wostre
432 1649 511 1680 seint
525 1660 597 1679 coos
607 1660 645 1679 en
657 1649 687 1679 la
697 1660 786 1690 croyz
797 1650 920 1690 penei-,⁴⁴

103 1717 128 1736 e.
145 1705 296 1736 Narratio
307 1705 345 1735 de
355 1704 520 1735 Theodoro
533 1705 738 1745 negotiatore.
758 1705 810 1735 fol.
818 1715 878 1744 477
889 1705 918 1735 b.

206 1757 306 1798 Incip.
332 1757 412 1787 “De
436 1756 602 1787 Theodoro
625 1757 823 1798 negociatore
846 1769 920 1798 quo-

185 1807 276 1838 modo
308 1807 539 1848 depauperatus
572 1807 652 1848 fugit
689 1808 729 1837 ad
765 1808 919 1848 quendam

186 1858 356 1895 Hebreum,
372 1858 496 1889 nomine
515 1858 685 1894 Abraham,
704 1859 893 1899 postulans.”

109 1916 127 1945 f.
146 1915 326 1953 Sententiae,
336 1926 389 1945 seu
400 1914 459 1945 loci
469 1925 648 1945 communes
659 1926 695 1945 ex
710 1914 742 1944 S.
751 1914 920 1956 Scripturis

164 1966 292 1997 collecti.
317 1966 367 1997 fol.
382 1976 454 2006 479.

102 2033 130 2063 g.
148 2021 268 2053 Tabula
290 2022 487 2052 homiliarum
506 2022 537 2052 in
558 2022 663 2052 codiee
682 2026 920 2057 contentarum3

165 2085 255 2104 mamb
270 2074 433 2105 recentiori.
459 2073 510 2104 fol.
524 2083 596 2114 490.

206 2125 353 2166 Sequitur
379 2124 503 2160 notitia,
532 2130 549 2139 “
566 2124 659 2154 Liber
685 2124 803 2165 collegii
829 2125 919 2155 beate

188 2176 289 2206 Marie
310 2176 462 2217 V'ynton.
487 2176 518 2206 in
542 2176 642 2206 Oxou.
667 2187 704 2205 cx
728 2175 809 2205 dono
832 2187 920 2206 vene-

186 2226 290 2257 rabilis
317 2226 416 2268 patris
442 2226 488 2256 M.
506 2225 624 2256 Thome
653 2225 777 2261 Cranle,
802 2225 918 2256 archie-

185 2278 301 2319 piscopi
322 2277 448 2308 Dublin.
473 2277 629 2318 quondam
651 2276 786 2311 scolaris,
809 2277 919 2307 deinde

185 2329 268 2365 socii,
285 2330 409 2360 demum
427 2329 566 2359 custodis
582 2328 700 2369 collegii
717 2328 877 2368 predictis*

206 2380 415 2411 Praemittitur
449 2380 546 2410 codici
579 2379 692 2410 notitia
726 2378 842 2414 similis,
871 2379 918 2409 cui
948 2336 950 2435 Ι

181 2432 419 2474 subjunguntur,
453 2432 536 2473 “qui
569 2431 726 2461 humiliter
756 2431 835 2472 petit
863 2443 919 2472 pro
948 2437 950 2485 ς

185 2483 337 2525 suffragiis
358 2484 567 2525 predictorum
589 2483 736 2518 custodis,
753 2482 918 2519 sociorum,
948 2490 950 2522 j

185 2539 216 2565 et
238 2534 369 2565 aliorum
392 2535 467 2565 inibi
490 2535 594 2565 divina
616 2533 838 2564 celebrantium
862 2534 915 2563 1111-
948 2531 950 2569 ζ

181 2586 283 2626 juvari
298 2587 381 2628 apud
397 2585 715 2617 misericordissimum
734 2585 864 2614 Deuuls*
948 2623 950 2631 )

371 2667 588 2701 LXXXIX.

43 2716 158 2750 Codex
185 2718 476 2755 membranaceus,
506 2718 540 2750 in
570 2716 661 2755 folio,
691 2715 722 2748 ff.
745 2718 824 2753 194.
852 2727 918 2749 sec.

66 2773 132 2806 xiV.
152 2775 320 2808 exeuntis.
948 2770 950 2815 l

1017 253 1213 285 1.J011annis
1248 256 1372 287 abbatis
1406 256 1602 294 Juccllensis,
1635 259 1696 289 sive
1729 259 1849 291 Vince]-

1078 305 1180 343 lensis,
1203 307 1339 338 doctoris
1362 308 1578 345 Decretoruin,
1595 310 1681 345 liber,
1703 311 1753 352 qui
1778 312 1849 342 ‹lici-

1078 360 1129 386 tur
1143 356 1232 387 Vade
1249 369 1380 396 mecum,
1393 360 1430 389 de
1448 360 1663 391 collationibus
1682 361 1849 393 Dominicis

1078 411 1109 437 ot
1126 408 1251 439 festivis,
1276 409 1324 439 fol.
1345 420 1369 440 1.

1121 458 1182 489 Tit.
1214 466 1231 474 “
1252 460 1365 501 Incipit
1392 461 1481 492 Vade
1512 473 1630 493 inccuin
1660 465 1766 495 fratris
1795 465 1849 495 Jo-

1100 509 1210 539 hannis
1234 511 1397 549 Johannis,
1425 514 1628 545 Docretoruni
1656 517 1792 547 doctoris
1819 524 1847 547 et

1099 560 1223 591 abbatis
1243 562 1433 600 Jucellensis,
1458 565 1496 595 dc
1517 565 1731 597 collationibus
1755 568 1849 598 (loini-

1100 611 1175 641 nicis
1191 618 1221 643 ct
1238 613 1385 644 festivis.'’

1123 662 1223 704 Incip.
1248 670 1265 679 ‘¹
1278 664 1434 706 Respicite
1457 672 1487 697 et
1510 667 1609 699 levate
1630 669 1734 710 capita
1751 676 1848 700 vestra

1102 713 1176 744 Luc.
1193 715 1254 745 xxi.
1280 715 1442 757 Tangitur,

1034 765 1150 791 Intencio
1164 766 1248 792 cordis
1353 769 1370 894 {
1380 768 1466 794 Deum
1548 771 1558 803 Ἰ
1638 772 1655 897 {
1665 771 1798 796 affectione

1033 812 1152 839 Elevacio
1165 814 1280 847 corporis
1314 815 1345 840 ad
1379 815 1478 840 bonum
1665 820 1835 852 occupaciime

1548 805 1630 894 chum

1034 859 1174 886 Inclinacio
1190 862 1300 894 capitis]
1379 863 1537 895 profundum
1665 866 1850 899 subjectiones·

1124 904 1239 935 Exstat
1263 905 1401 946 imprcss.
1429 907 1492 936 sine
1523 907 1589 937 loco
1615 909 1659 939 vel
1687 921 1767 940 anno
1795 911 1849 940 snb

1100 957 1313 997 typographiae
1331 958 1484 988 nascentis
1501 958 1597 989 initia.

1015 1024 1044 1053 Ω,
1064 1023 1212 1064 Ejusdem
1236 1024 1391 1055 Johannis
1415 1025 1577 1056 Sermones
1597 1028 1769 1068 populare&
1787 1037 1850 1059 tam

1079 1075 1222 1106 dominici
1240 1087 1332 1116 quam
1349 1076 1459 1106 festivi.
1483 1076 1532 1106 fol.
1553 1088 1617 1119 ¹35·

1122 1126 1191 1156 Tit.
1221 1126 1416 1156 “Sermones
1437 1127 1600 1167 populares
1621 1136 1686 1158 tam
1709 1129 1850 1159 dominici

1101 1188 1193 1218 quau]
1227 1177 1328 1208 festivi
1363 1177 1468 1208 fratris
1503 1178 1656 1209 -Joliannis
1689 1179 1851 1210 Johannis.

1101 1229 1237 1259 doctoris
1259 1229 1463 1259 Decretorum
1485 1233 1516 1259 et
1536 1229 1659 1260 abbatis
1675 1232 1851 1262 monasterii

1099 1280 1295 1316 Juoellensis,
1306 1280 1398 1321 juxta
1411 1280 1515 1311 thema
1526 1280 1677 1311 sactorum
1690 1281 1728 1311 ad
1740 1282 1852 1312 clerum

1101 1331 1130 1361 in
1147 1342 1202 1361 suo
1221 1331 1310 1361 Vade
1326 1331 1475 1361 nlecuni.”

1122 1382 1219 1423 Incip.
1246 1381 1432 1422 “Respicite
1459 1386 1490 1411 et
1514 1381 1613 1411 levatc
1637 1382 1748 1422 capita.
1795 1383 1851 1421 Qui

1100 1433 1165 1463 vult
1190 1433 1287 1463 celum
1314 1432 1466 1473 respicere
1495 1432 1585 1462 (lebet
1614 1443 1733 1462 sursum
1760 1442 1852 1474 caput

1100 1484 1218 1519 levare3
1234 1484 1276 1514 sic
1293 1483 1367 1514 facit
1379 1483 1478 1524 gallus
1493 1484 1616 1524 quando
1629 1483 1691 1514 vult
1707 1490 1851 1514 cantare:

1101 1536 1143 1566 sic
1167 1535 1239 1566 fecit
1267 1535 1378 1566 beatus
1405 1535 1581 1576 Stephanus
1609 1535 1732 1575 quando
1758 1535 1852 1565 voluit

1100 1587 1263 1627 migrares*

1123 1638 1277 1668 Deficiunt
1300 1637 1331 1667 in
1349 1637 1475 1668 homilia
1497 1638 1534 1668 de
1551 1637 1582 1668 S.
1596 1638 1705 1668 Marco
1721 1639 1852 1668 secunda

1101 1691 1131 1720 in
1147 1689 1257 1726 verbis⁷
1284 1696 1301 1704 “
1316 1694 1347 1720 et
1370 1689 1447 1719 niori
1471 1689 1598 1723 lucrum,
1621 1695 1651 1720 et
1672 1689 1801 1731 legimus
1817 1691 1854 1720 (11Δ

1101 1741 1242 1772 Martino
1258 1741 1340 1781 quod
1356 1741 1506 1771 aniliiiis.”

1373 1857 1450 1890 XC.

974 1920 1093 1954 Codex
1113 1919 1406 1954 membranaceus,
1422 1919 1455 1951 in
1473 1918 1554 1951 folio
1573 1919 1703 1962 majori,
1724 1918 1754 1951 ff.
1772 1922 1851 1954 278.

997 1990 1062 2012 sec.
1093 1979 1173 2017 xiv„
1203 1977 1290 2010 binis
1321 1976 1490 2010 columnis
1518 1976 1606 2009 bene
1633 1984 1792 2009 exaratus
1817 1983 1850 2008 et

997 2042 1174 2071 servatus:
1203 2035 1285 2068 olim
1318 2034 1511 2080 W[illelmi
1541 2032 1760 2079 Aiscough3]
1782 2035 1852 2077 epi-

998 2095 1091 2139 scopi
1111 2093 1384 2127 Sar-isburiensis.

1016 2167 1042 2195 1.
1062 2163 1186 2194 Ricardi
1217 2161 1382 2203 Radulphi,
1414 2162 1475 2192 sive
1508 2160 1701 2201 Fitz-Ralph,
1734 2160 1849 2189 archie-

1077 2213 1193 2255 piscopi
1211 2212 1415 2248 Armachani,
1432 2212 1594 2242 Sermones
1611 2211 1648 2240 de
1664 2216 1802 2250 tempore
1819 2216 1848 2239 et

1078 2266 1115 2296 de
1132 2264 1256 2296 Sanctis
1271 2274 1326 2305 per
1341 2267 1443 2294 totum
1459 2273 1583 2293 annum.
1607 2261 1658 2291 fol.
1674 2270 1699 2290 2.

1121 2316 1182 2347 Tit.
1214 2316 1232 2346 i.
1267 2316 1407 2345 ¹‘Sermo
1445 2313 1625 2344 venerabilis
1663 2313 1692 2342 in
1726 2312 1849 2342 Christo

1099 2368 1197 2409 patris
1230 2378 1266 2398 ac
1301 2366 1416 2397 domini
1455 2365 1612 2399 Richardi,
1646 2364 1747 2394 divina
1783 2374 1849 2404 per-

1098 2419 1242 2449 missione
1269 2418 1424 2459 quondam
1452 2416 1591 2457 primatis
1616 2415 1775 2449 Hibernie,
1800 2426 1848 2444 ar-

1097 2469 1282 2510 chiepiscopi
1300 2467 1531 2498 Arniachensis.
1544 2466 1668 2496 habitus
1685 2466 1714 2495 in
1732 2465 1847 2506 vulgari

1097 2521 1197 2562 prima
1234 2519 1398 2550 Doniinica
1438 2518 1587 2548 adventus
1626 2517 1749 2546 Domini
1792 2518 1847 2547 sub

1098 2573 1202 2614 [anno]
1228 2571 1351 2601 Domini
1376 2569 1534 2599 millesimo
1564 2567 1710 2597 cccxle³
1742 2567 1769 2596 in
1799 2580 1844 2598 ec-

1098 2623 1190 2654 clesia
1207 2622 1335 2653 Lim-lif*

1120 2675 1217 2715 Incip.
1236 2680 1252 2689 “
1268 2673 1416 2703 Dominus
1428 2673 1466 2701 :ul
1479 2671 1629 2711 judiciuin
1646 2670 1744 2700 veniet
1759 2682 1765 2700 2
1793 2670 1846 2699 Ys.

1097 2726 1139 2756 iii.
1179 2723 1424 2755 Premittebatur
1445 2723 1554 2756 oratio,
1577 2728 1768 2761 resumptum
1790 2721 1846 2751 suit

1098 2778 1203 2808 thema
1233 2781 1265 2806 et
1295 2785 1414 2805 versum
1446 2774 1475 2804 in
1510 2773 1645 2814 linguam
1680 2772 1844 2813 vulgarem.
