2254 3117
295 166 339 200 16

258 303 259 308 1
296 265 344 296 47.
362 263 466 305 Cyrilli
482 260 684 293 Alexandrini
705 259 836 301 epistola
856 260 897 290 ad
916 259 939 290 J
941 259 1092 290 ohannem
1107 259 1173 290 An-

248 309 261 325 *
379 315 554 345 tioehenum
571 313 608 342 (le
624 311 753 352 epistola
768 311 957 352 supradicta.
981 310 1031 341 sol.
1050 311 1099 341 80.

424 364 521 405 Incip.
539 367 556 380 ‘⁶
571 363 733 393 Laetentur
748 361 836 391 celi.'’

296 418 344 447 48.
363 416 460 456 Leges
476 413 617 454 quaedam
638 423 677 443 ex
700 412 805 443 codice
821 411 1038 442 Theodosiano
1061 412 1099 442 de
1114 410 1175 442 fido

380 464 540 495 catholica.
565 462 617 493 fol.
631 463 666 492 81
686 462 717 493 b.

423 514 519 555 Incip.
538 518 556 530 ‘⁶
568 514 704 545 Cunctos
720 513 848 554 populos
864 515 971 555 quos.'’

297 568 344 600 49.
362 565 492 597 Damasi
512 575 601 606 papae
624 565 665 595 ad
685 564 850 594 Paulinum
862 564 1091 595 Antiochenum
1115 564 1175 605 cpi-

384 615 464 646 stola
478 615 516 645 de
531 615 663 645 formula
678 615 760 645 fidei.
784 615 834 645 fol.
849 615 886 655 83
905 615 935 645 b.

424 666 522 706 Incip.
541 671 558 683 ‘⁶
571 666 649 697 Post
665 666 825 697 concilium
842 665 1028 696 Nicaeniim.”

244 717 250 724 ⁴
295 720 344 749 50.
362 718 467 759 Cyrilli
493 718 533 748 ad
561 717 739 748 Nestorium
766 716 898 758 epistola
928 717 966 747 de
993 719 1079 747 recto
1106 715 1176 746 fidei

381 770 537 809 dogmate.
562 768 612 799 fol.
631 770 671 807 84
686 768 715 798 b.

425 820 523 860 Incip.
541 824 558 836 ⁴⁴
573 819 717 861 Comperi
733 818 913 859 quosdan1.”

296 872 344 902 51.
363 871 491 902 Concilii
507 871 694 902 Antiocheni
711 882 844 901 canones
860 870 942 901 xxvi.
965 870 1015 900 fol.
1031 869 1081 910 85.

382 922 479 963 Incip.
499 926 518 939 “
532 922 649 953 Sancta
664 928 695 952 et
711 922 938 963 pacatissimaj'

296 979 345 1008 59.
362 977 489 1008 Concilii
508 977 673 1009 Laodiceni
689 989 823 1008 canones
837 977 979 1019 Phrygiae
992 976 1177 1007 Pacatianae.

382 1029 430 1059 fol.
449 1030 497 1059 88.

424 1079 522 1120 Incip.
539 1085 556 1096 ‘⁴
571 1079 687 1110 Sancta
703 1079 866 1120 synodus.”

297 1131 347 1160 53.
364 1130 493 1161 Concilii
506 1130 668 1161 CPolitani
681 1141 823 1167 canones,
837 1131 961 1171 quando
977 1130 1086 1160 beatus
1103 1128 1179 1158 Nce-

382 1181 481 1212 tarius
496 1180 598 1212 eidem
614 1181 682 1211 urbi
698 1185 746 1212 est
762 1181 934 1211 ordinatus.
959 1181 1008 1211 fol.
1024 1182 1062 1219 89
1073 1181 1101 1210 b.

428 1232 526 1273 Incip.
545 1236 563 1249 “
577 1232 683 1263 Canon
700 1232 817 1273 primus
833 1243 893 1262 non
909 1232 1141 1273 sper1iendam.”

299 1284 349 1314 54.
366 1282 496 1313 Concilii
524 1283 683 1313 Thelcnsis
709 1294 842 1313 canones
865 1283 1031 1313 secundum
1056 1282 1181 1312 Tracta-

385 1334 499 1365 toriam
515 1334 615 1364 Siricii
633 1345 721 1375 papze
737 1345 791 1375 per
808 1334 957 1364 Africam.
982 1333 1033 1364 fol.
1047 1343 1097 1373 90.

428 1384 526 1425 Incip.
543 1388 562 1401 ⁴⁴
578 1384 655 1414 Post
671 1384 894 1415 consulatum.”

428 1436 566 1466 Exstant
576 1435 680 1466 onmia
692 1434 871 1476 supradicta
880 1435 962 1465 inter
974 1434 1083 1465 Leonis
1095 1445 1182 1475 papae

407 1488 435 1518 I.
454 1499 549 1528 opera
563 1491 638 1518 tom.
650 1487 681 1517 ii.
698 1498 750 1528 pp.
768 1496 899 1524 1—242.

302 1541 352 1570 55.
371 1539 482 1570 Leonis
498 1550 588 1581 papae
606 1539 633 1568 Ι.
649 1542 748 1580 gesta.
773 1538 823 1568 sol.
838 1548 872 1578 91
891 1539 920 1568 b.

431 1590 530 1631 Incip.
545 1594 562 1607 ‘⁵
575 1590 638 1620 Leo
651 1590 773 1620 natione
786 1590 932 1620 Tuscus.”

303 1641 353 1672 56.
371 1642 520 1683 Ejusdem
536 1641 674 1683 epistol-<e
691 1641 899 1682 quadraginta
915 1652 977 1671 sex.
1002 1640 1053 1671 fol.
1070 1650 1120 1679 92.

431 1694 529 1735 Incip.
546 1694 565 1724 i.
583 1694 622 1724 ad
640 1693 821 1724 Flavianum
842 1692 1018 1733 episcopum
1039 1692 1186 1723 adversus

411 1745 603 1786 Eutychem3
630 1749 647 1761 ⁴⁴
665 1744 768 1775 Lectis
789 1743 961 1775 dilectionis
984 1744 1076 1777 tue;”
1099 1747 1134 1774 ut
1156 1743 1187 1773 in

411 1796 486 1826 edit.
503 1795 554 1826 cit.
571 1799 647 1826 tom.
664 1795 683 1825 i.
700 1806 729 1835 p.
742 1796 814 1834 478.

434 1845 501 1876 Ult.
526 1849 573 1876 est
596 1845 636 1875 ad
658 1844 824 1875 Africanos
848 1844 1016 1885 episcopos,
1039 1848 1071 1875 et
1094 1844 1186 1885 incip.

413 1900 430 1912 “
447 1895 527 1926 Cum
550 1896 588 1927 de
613 1896 861 1926 ordinacionibus
886 1896 1119 1934 sacerdotum;”
1153 1899 1188 1926 ut

412 1947 486 1978 ibid.
503 1952 578 1978 tom.
596 1947 613 1978 i.
630 1958 659 1988 p.
677 1957 749 1985 400.

307 1998 357 2029 57.
375 1997 541 2027 Theodosii
558 2000 589 2027 et
607 1996 819 2027 Valentiniani
839 1997 986 2028 Edictum
1007 2002 1116 2028 contra
1134 1997 1189 2027 Hi-

391 2048 502 2079 larium
518 2048 746 2085 Arelatensem,
764 2048 815 2088 qui
840 2048 1000 2089 episcopos
1022 2049 1053 2079 in
1077 2048 1189 2086 Gallia,

392 2099 565 2130 inconsulto
582 2099 686 2130 Leone
701 2099 908 2130 ordinaverat.
932 2099 984 2130 fol.
1000 2110 1066 2138 140.

437 2151 532 2191 Incip.
551 2155 568 2167 ‘⁴
581 2151 709 2181 Certum
725 2154 784 2187 est,
801 2155 833 2181 et
848 2150 967 2180 nobis.''

309 2207 360 2236 58.
379 2205 490 2236 Leonis
507 2216 596 2247 papae
613 2205 637 2235 Ι.
656 2216 812 2235 sermones
826 2205 989 2246 sexaginta
1005 2216 1068 2235 sex.
1087 2205 1106 2235 f.
1124 2216 1190 2244 141.

439 2257 536 2298 Incip.
554 2257 573 2287 i.
597 2257 635 2287 de
657 2257 775 2297 jejunio
795 2256 905 2287 decimi
929 2256 1050 2292 mensis,
1069 2261 1086 2273 ‘⁵
1103 2257 1191 2295 Quod

416 2308 640 2349 t0111p01·ales;”
663 2312 697 2339 ut
713 2308 745 2338 in
761 2308 834 2338 edit.
851 2308 901 2338 cit.
919 2311 993 2338 tom.
1012 2308 1030 2337 i.
1047 2319 1075 2348 p.
1093 2317 1161 2348 125.

438 2359 468 2389 U
472 2360 505 2390 lt.
523 2364 571 2390 est
585 2362 695 2390 contra
711 2359 851 2396 heresim,
874 2359 975 2389 dictus
990 2359 1030 2389 ad
1047 2359 1193 2400 populum

418 2410 449 2440 in
465 2410 592 2441 basilica
608 2410 639 2440 S.
652 2409 841 2440 Anastasiae.

312 2466 362 2498 59.
380 2464 429 2495 De
455 2465 540 2495 obitu
569 2464 680 2494 Leonis
709 2475 796 2505 papae
821 2467 853 2494 et
879 2463 1083 2494 translatione
1112 2475 1193 2494 anno

399 2517 458 2545 688
476 2517 569 2546 sacta.
592 2515 643 2546 fol.
658 2525 728 2553 214.

442 2566 539 2608 Incip.
556 2570 574 2583 “
587 2566 680 2596 Anno
697 2565 864 2595 Doininicae
883 2564 1138 2595 Incarnationis.”

442 2618 588 2659 Sequitur
603 2616 806 2658 epitaphium,
823 2616 915 2658 incip.

317 2674 333 2685 ‘⁴
348 2668 451 2709 Hujus
465 2667 630 2710 apostolici
645 2667 749 2709 magni
761 2671 809 2698 est
822 2667 872 2697 hic
885 2677 995 2708 corpus
1007 2666 1196 2697 humatu1n.”

316 2724 366 2755 60.
384 2725 517 2756 Protei-ii
544 2723 749 2755 Alexandrini
776 2723 906 2764 epistola
930 2722 970 2754 ad
995 2722 1130 2753 Leonem
1159 2723 1197 2754 dc

401 2776 521 2807 ratione
538 2775 676 2807 Paschae.
700 2774 752 2805 fol.
770 2784 840 2814 214.

855 160 1156 195 CATALOGUS
1182 159 1416 195 CODICUM
1444 159 1554 193 MSS.

1352 257 1450 298 Incip.
1468 260 1486 274 “
1500 255 1663 286 Piissimus
1679 258 1710 286 et
1723 256 1751 291 ;”
1774 255 1848 286 ibid.
1865 267 1898 298 p.
1911 257 1982 295 646.

1225 308 1276 340 61.
1292 308 1453 340 Paschasii
1471 306 1659 337 Lillebitatis
1676 306 1811 347 episcopi
1827 306 1959 347 epistola
1973 307 2014 337 ad
2032 306 2111 337 Leo—

1310 370 1379 390 nem
1396 359 1533 400 ejusdem
1548 356 1733 398 argumenti.
1756 357 1807 387 fol.
1823 358 1882 388 216
1898 357 1929 387 b.

1354 411 1450 451 Incip.
1469 414 1486 426 “
1501 408 1744 449 Αροεῐο]αῒ,ιιε;”
1767 408 1838 438 ibid.
1856 420 1885 450 p.
1898 418 1970 447 412.

1227 462 1278 494 62.
1294 461 1466 494 Chromatii
1479 465 1511 491 ct
1523 460 1688 490 Heliodori
1701 460 1915 501 episcoporum
1927 460 2060 501 epistola
2071 460 2111 490 ad

1314 513 1539 553 Hieronymum
1556 511 1594 541 (le
1609 511 1801 541 celebrandis
1823 511 1974 541 natalitiis
1996 515 2112 551 marty-

1314 574 1391 599 rum,
1408 574 1477 593 cum
1496 562 1677 603 Hieronymi
1693 561 1855 603 rescripto.
1878 563 1928 593 fol.
1949 571 2006 602 217
2024 562 2054 592 b.

1359 613 1397 642 In
1413 612 1487 642 edit.
1502 612 1637 643 Vallars.
1654 621 1728 642 torn.
1746 613 1784 642 xi.
1803 624 1832 653 p.
1844 621 1917 653 473.

1229 664 1279 695 63.
1296 664 1464 694 Thiedmar
1484 663 1609 694 abbatis
1631 663 1880 705 congregationis
1903 663 1936 694 S.
1952 663 2114 694 Benedicti

1314 715 1427 746 montis
1450 714 1569 745 Cassini
1589 715 1629 745 ad
1646 715 1791 745 Carolum
1817 714 1968 756 Magnum
1992 714 2030 744 de
2054 713 2114 755 pri-

1315 766 1394 797 vatis
1410 777 1516 797 eorum
1531 766 1676 796 moribus.
1701 766 1752 796 fol.
1770 766 1840 797 218.

1355 817 1453 858 Incip.
1463 822 1480 834 “
1492 817 1721 859 propugnatori
1734 828 1770 848 ac
1783 816 1949 851 defensori;
1961 819 2020 847 etc.
2033 816 2111 847 Tam

1336 880 1391 910 per
1405 868 1544 909 epistolae
1560 869 1701 899 seriem)⁷

1232 920 1281 951 64.
1298 920 1489 950 Cassinensis
1513 920 1760 960 congregationis
1776 920 1816 950 ad
1836 919 2042 956 Harduicum‚
2061 919 2114 950 ab·

1316 971 1421 1001 batem
1452 971 1698 1002 Heresfeldensis
1728 971 1869 1008 coenobii,
1897 971 1935 1002 dc
1963 970 2115 1001 institutis

1318 1021 1520 1062 regularibus.
1544 1021 1593 1051 sol.
1614 1031 1672 1059 219
1690 1022 1718 1051 b.

1361 1072 1456 1113 Incip.
1476 1076 1493 1088 ‘⁴
1508 1072 1720 1109 professionis,
1734 1076 1792 1103 etc.
1840 1071 1887 1103 De
1903 1071 2014 1113 quibus
2029 1072 2116 1102 nobis

1339 1127 1443 1154 vestra
1458 1123 1660 1164 paternitas.''

1361 1175 1399 1205 In
1429 1175 1520 1211 calce,
1553 1179 1570 1191 ‘⁵
1596 1174 1731 1215 Explicit
1763 1174 1895 1216 epistola
1924 1174 2116 1205 Cassinensis

1340 1226 1588 1267 congregationis
1614 1226 1652 1256 dc
1679 1225 1832 1256 institutis
1859 1225 2050 1266 regularibus
2077 1226 2116 1256 ad

1342 1277 1536 1308 Harduieum
1549 1277 1695 1308 abbatem
1712 1277 1959 1308 Heresseldensis
1969 1276 2116 1307 cenobii.”

1237 1453 1357 1487 Codex
1376 1454 1669 1494 membranaceus,
1684 1454 1719 1487 in
1738 1453 1820 1487 folio
1838 1453 1973 1493 minori,
1991 1453 2118 1489 ff.520.

1262 1523 1328 1546 sec.
1344 1513 1412 1545 xiv.
1431 1513 1593 1550 ineuntis,
1612 1512 1700 1546 binis
1718 1512 1886 1546 columnis
1910 1512 2041 1557 optime
2058 1523 2118 1545 ex-

1263 1574 1397 1609 aratus3
1425 1580 1469 1603 ex
1488 1569 1577 1602 dono
1596 1568 1764 1603 Johannis
1783 1568 1930 1609 Martill,
1946 1571 2051 1602 1430.

1281 1623 1409 1662 Rieardi
1433 1630 1592 1667 Fishaere,
1614 1631 1680 1660 ord.
1699 1630 1802 1661 Praed.
1824 1640 1916 1671 super
1930 1633 2064 1671 quatuor
2085 1630 2119 1660 li-

1303 1682 1375 1713 bros
1389 1681 1621 1712 Sententiarum
1637 1681 1887 1717 commentarius,
1900 1691 1970 1711 cum
1984 1680 2121 1722 prologo.

1345 1732 1443 1774 Incip.
1467 1733 1544 1774 prol.
1569 1737 1587 1749 ‘ss
1604 1732 1693 1763 Rom.
1717 1732 1757 1762 xi.
1789 1732 1816 1763 O
1842 1732 1976 1763 altitudo
2000 1731 2120 1763 divitia-

1325 1795 1411 1820 rum3
1435 1783 1567 1814 Constat
1583 1794 1643 1813 non
1659 1794 1768 1824 parum
1783 1782 1974 1813 admirabilis
1989 1782 2073 1814 illa.”

1347 1835 1445 1876 Incip.
1462 1838 1625 1865 comment.
1644 1840 1661 1851 ⁴⁴
1674 1834 1799 1864 Veteris
1814 1845 1850 1864 ac
1866 1845 1961 1869 nove;
1987 1834 2030 1865 Et
2048 1833 2121 1865 dici-

1326 1890 1378 1917 tur
1393 1886 1451 1917 hoc
1467 1890 1555 1917 vetus
1576 1886 1743 1917 secundum
1760 1885 1911 1916 Ysidor.⁵’

1348 1937 1456 1968 Desin.
1475 1942 1492 1954 ‘⁴
1506 1937 1537 1968 Si
1554 1948 1615 1979 qua
1631 1937 1668 1967 dc
1684 1948 1762 1973 meo⁷
1776 1940 1808 1967 et
1823 1941 1857 1967 tu
1874 1936 1997 1977 ignosce
2012 1940 2043 1967 et
2059 1936 2120 1971 tui;

1327 1989 1439 2025 Amen.
1456 1988 1569 2025 Amen,
1585 1987 1715 2018 Amen.”

1349 2041 1401 2070 Ad
1417 2040 1531 2071 calcem
1551 2040 1682 2070 habetur
1702 2039 1793 2069 index
1814 2038 2026 2080 alphabeticus
2042 2038 2123 2080 copi-

1328 2103 1417 2127 osus;
1440 2102 1559 2122 necnon
1581 2091 1621 2122 ad
1643 2092 1734 2121 finem
1754 2090 1839 2121 tertii
1860 2089 1940 2127 libri,
1956 2090 2009 2120 sed
2029 2100 2123 2120 manu

1328 2142 1502 2172 recentiori.

1352 2193 1388 2223 In
1404 2192 1493 2223 initio
1509 2192 1622 2223 codicis
1637 2192 1768 2233 legitnr;
1793 2196 1810 2208 ‘⁴
1828 2191 1975 2222 Fishaere
1991 2202 2082 2232 super
2098 2201 2124 2227 1,

1329 2254 1347 2284 3
1373 2248 1405 2274 et
1428 2254 1449 2281 4
1474 2243 1716 2275 Sententiarum.
1763 2242 1823 2282 Qui
1846 2242 1906 2273 fuit
1930 2242 2047 2284 primus
2072 2242 2125 2283 qui

1330 2295 1453 2337 scripsit
1469 2306 1561 2337 super
1575 2295 1746 2326 sententias
1762 2295 1800 2324 de
1815 2294 1922 2324 ordine
1938 2303 1994 2324 suo
2012 2293 2045 2323 in
2060 2293 2125 2323 An-

1292 2341 1299 2347 ⁴
1329 2345 1402 2385 glizz,
1413 2348 1444 2376 et
1451 2346 1536 2386 jacet
1546 2345 1666 2376 Oxonie
1678 2345 1759 2375 inter
1769 2345 1880 2375 fratres
1892 2344 2123 2379 Predicatores;

1332 2397 1375 2427 Et
1396 2400 1518 2428 constat
1542 2397 1600 2428 iste
1624 2397 1702 2427 liber
1725 2396 1853 2437 collegio
1878 2396 1992 2426 Sancte
2014 2395 2125 2431 Marie,

1331 2452 1441 2478 vocato
1471 2448 1586 2489 Oryell,
1616 2459 1653 2478 ex
1684 2448 1765 2478 dono
1802 2447 1943 2488 magistri
1972 2446 1994 2477 J
1997 2446 2126 2477 ohannis

1332 2499 1463 2535 Martill,
1481 2499 1621 2541 magistri
1639 2509 1654 2540 7
1669 2500 1783 2530 artium
1799 2499 1970 2530 liberalium
1986 2502 2018 2529 et
2033 2509 2127 2539 quon-

1332 2551 1403 2581 dam
1419 2551 1493 2582 socii
1508 2551 1645 2593 ejusdem
1661 2550 1790 2593 collegii,
1802 2561 1884 2582 anno
1899 2550 2014 2582 Christi
2029 2559 2125 2591 1430;

1332 2601 1414 2641 quod
1431 2601 1643 2643 Gascoygne.''

1618 2707 1757 2741 XLIV.

1226 2768 1549 2813 ¹Membranaceus,
1585 2769 1620 2802 in
1659 2768 1752 2809 folio,
1787 2767 1820 2801 ff.
1846 2767 1926 2807 464,
1961 2778 2027 2801 sec.
2056 2768 2126 2801 xiv,
