2254 3117
638 141 875 177 COLLEGII
903 143 1303 180 UNIVERSITATIS.
1832 154 1873 185 13

90 246 118 276 4.
136 243 264 275 Heni-ici
280 243 423 280 Ramsen,
439 240 580 283 magistri
596 240 676 271 sacri
691 240 801 282 palacii
821 245 946 282 aposto-

152 295 211 332 lici,
224 294 435 336 responsiones
447 293 485 323 de
500 292 698 333 indulgentiis
713 292 753 324 ad
768 292 790 322 J
793 292 945 323 ohannem

152 357 199 386 ep.
215 346 424 376 Leodiensem.
448 355 477 385 p.
496 344 565 383 187.

195 396 291 438 Incip.
310 401 327 413 “
337 394 563 436 Responsiones
574 393 614 424 ad
630 393 777 424 articulos
792 405 847 434 per
862 405 944 424 reve-

173 448 387 479 rendissimum
402 446 433 476 in
449 445 573 477 Christo
585 448 707 486 patrem
717 445 875 476 dominum
890 445 910 476 J
913 456 944 476 o-

172 499 316 535 hannem,
332 498 508 539 episcopum
525 496 759 527 Leodienscm.”

193 551 231 581 In
247 551 337 587 calce,
355 554 373 566 “
386 549 524 590 Explicit
539 549 728 590 iinprobacio
743 548 945 579 articulorum

171 602 343 643 aliquorum
373 611 442 631 cum
471 600 724 631 manifestatione
751 600 944 640 quorundam

170 652 413 684 necessariorum
428 652 510 682 circa
530 651 738 692 indulgentias
758 654 790 681 et
810 650 944 682 maxime

169 704 241 735 anni
256 703 510 745 quinquagesimi,
528 702 559 733 id
575 706 633 739 est,
649 701 793 732 Jubilei.”

87 758 115 786 5.
134 755 299 786 Tractatus
319 754 460 795 magistri
477 753 496 784 J
499 753 629 784 ohannis
650 753 781 789 Gerson,
798 752 944 783 cancella-

149 806 185 837 rii
201 805 395 842 Parisiensis‚
411 805 449 836 de
465 804 633 846 pollutione
649 808 812 835 nocturna.
830 815 859 845 p.
875 814 942 845 199.

189 857 286 898 Incip.
305 862 322 874 “
335 857 523 888 Dubitatum
539 860 588 887 est
602 867 622 886 a
637 867 686 886 me
701 856 911 896 frequenter.”

190 908 228 939 In
244 908 334 945 calce‚
353 912 371 925 “
385 907 472 938 Finit
494 911 650 939 tractatus
670 907 811 948 magistri
827 906 847 937 J
850 907 942 937 ohan-

168 959 215 989 nis
231 959 350 990 Gerson
362 959 388 994 ;”
411 962 469 989 etc.

86 1010 115 1041 6.
132 1010 180 1042 De
194 1011 268 1042 vita.
291 1022 321 1051 p.
337 1011 408 1040 216.

190 1061 286 1103 Incip.
311 1065 332 1079 ‘⁶
349 1060 526 1092 Communis
550 1060 616 1091 vita
638 1064 686 1091 est
706 1059 837 1091 multum
860 1060 943 1092 utilis

169 1116 201 1143 et
216 1113 353 1154 proficua
369 1112 571 1143 volentibus.”

87 1165 114 1195 7.
130 1163 177 1194 De
192 1163 255 1194 vita
270 1163 386 1194 Christi
398 1163 491 1204 juxta
507 1163 733 1205 Evangelistas.
756 1175 786 1204 p.
806 1173 875 1204 231.

190 1215 287 1256 Incip.
306 1219 323 1232 ⁴⁶
335 1217 430 1245 Anno
446 1214 510 1256 xlij.
527 1214 648 1256 imperii
664 1214 801 1256 Augusti
822 1215 943 1246 Cesaris

168 1265 229 1306 viij.
245 1265 305 1296 kal.
317 1264 461 1296 «Ianuarii
478 1268 569 1296 nocte
586 1265 748 1296 Dominice
763 1265 856 1296 diei.''

190 1316 228 1347 In
248 1317 339 1354 calce,
357 1321 375 1333 ⁴⁴
389 1316 526 1357 Explicit
549 1316 650 1347 brevis
673 1320 705 1347 et
729 1316 813 1347 utilis
836 1327 942 1347 cursus

168 1367 229 1398 vite
243 1367 344 1399 Jhesu
368 1367 483 1399 Christi
508 1368 676 1398 secundum
697 1372 830 1408 quatuor
853 1379 941 1398 evan-

167 1418 293 1459 gelistas
308 1419 340 1449 in
356 1418 514 1459 evangelia
530 1418 716 1460 llystorica.”

84 1471 112 1500 8.
130 1469 320 1511 Excerptum
336 1481 374 1501 ex
392 1470 514 1500 cronica
534 1469 747 1511 episcoporum
763 1470 941 1511 Trajecten-

147 1521 225 1552 sium
244 1525 276 1552 et
299 1521 446 1552 comitum
469 1520 644 1552 Hollandiae
671 1521 765 1562 ipsius
788 1521 942 1553 Johannis

147 1571 277 1602 Vander
292 1571 387 1602 Beke.
409 1583 440 1613 p.
455 1579 526 1612 237.

188 1622 285 1664 Incip.
304 1626 322 1639 “
336 1622 419 1653 Nero
442 1623 494 1663 qui
517 1622 599 1664 cepit
621 1634 704 1654 anno
726 1623 854 1654 Domini
869 1624 940 1665 lviij.

167 1673 285 1714 expulit
300 1673 338 1704 de
354 1673 455 1704 Roma
470 1673 546 1704 duos
560 1673 707 1704 nobiles.”

188 1725 294 1755 Desin.
312 1729 330 1742 ‘⁶
342 1736 424 1756 anno
439 1725 565 1756 Domini
582 1726 739 1768 m.ccc.iiij.
764 1731 873 1768 captus
894 1731 941 1758 est

167 1776 328 1817 episcopus
343 1776 375 1806 in
389 1776 470 1807 bello
485 1777 516 1807 in
532 1776 708 1808 Zelandia.”

189 1827 233 1858 Et
260 1827 292 1857 in
312 1827 456 1858 inferiore
478 1828 616 1869 margine
639 1833 659 1846 “
674 1830 714 1859 A.
728 1829 768 1859 D.
784 1840 939 1861 m.ccc.xv.

168 1878 257 1909 multi
273 1878 353 1909 fame
368 1879 527 1920 perierunt
547 1879 577 1909 in
593 1880 705 1921 Agip.;
729 1881 864 1911 modium
881 1881 940 1912 sili-

167 1929 213 1970 gis
228 1930 260 1960 lx
274 1930 493 1972 cornoysche,''
509 1935 567 1961 616.

433 2038 574 2072 XLIII.

65 2098 183 2132 Codex
202 2099 411 2140 chartaceus,
429 2102 464 2135 in
484 2104 554 2141 4t0,
573 2101 607 2135 ff.
621 2100 679 2141 67,
697 2112 763 2135 sec.
778 2103 859 2136 xvii.

107 2167 124 2175 ⁸·
137 2158 282 2190 Discorso
294 2160 362 2190 dell'
372 2161 574 2198 Abondanza,
586 2161 634 2192 del
646 2161 840 2203 consigliario
851 2162 942 2194 Carlo
970 2186 971 2191 ,

127 2210 165 2240 (16
177 2209 276 2249 Tapia
286 2212 318 2246 ;”
333 2211 475 2253 capitulis
490 2217 614 2244 centum
630 2213 730 2244 tribus
742 2215 941 2255 comprehen-
970 2258 971 2266 ἵ

128 2272 179 2291 sus
191 2276 197 2295 ;
222 2261 337 2292 Italico.

171 2311 265 2353 Incip.
282 2317 302 2329 “
321 2312 384 2343 Fra
406 2316 488 2344 tutte
509 2314 536 2344 le
560 2314 640 2345 virtu
665 2315 720 2345 6116
745 2327 874 2356 possone
895 2317 943 2347 far

148 2373 189 2392 un
205 2363 340 2404 principe
355 2364 487 2405 glorioso
503 2370 535 2396 et
550 2366 710 2397 amabile.”

168 2413 272 2445 Desin.
301 2419 319 2432 “
339 2415 379 2445 110
405 2422 587 2448 consumato
616 2418 647 2448 in
674 2419 798 2449 servitio
829 2419 858 2449 di
888 2431 942 2450 sua

147 2465 306 2497 maiesta.”

433 2537 571 2572 XLIV.

67 2594 287 2637 Chartaceus,
306 2597 341 2630 in
359 2600 428 2638 4to,
443 2597 477 2632 ff.
490 2601 546 2639 44,
562 2611 628 2634 sec.
643 2602 724 2635 xvii.

107 2654 237 2694 Ailredi,
253 2656 316 2687 sive
339 2656 476 2695 Ealredi,
502 2658 711 2698 Rievassensis,
736 2661 774 2691 de
794 2661 859 2692 vita
881 2661 943 2692 Da-

127 2706 204 2737 vidis
233 2707 297 2738 sive
326 2707 516 2751 Genealogia
551 2721 658 2752 regum
687 2712 873 2754 Anglorum,
903 2713 942 2744 ad

128 2757 297 2790 Henricum
313 2759 357 2790 II.

1105 241 1221 273 Exstat
1250 243 1388 284 impressi.
1414 244 1495 285 apud
1521 244 1671 286 Twysden
1701 246 1871 288 Scriptores

1083 292 1207 323 Decem.
1232 306 1259 335 p.
1278 302 1348 335 347.

1102 349 1140 379 In
1166 350 1256 387 calce,
1283 361 1362 381 man.
1386 362 1448 389 sec„
1475 355 1493 369 ‘⁴
1516 351 1652 394 Explicit
1682 353 1757 384 liber
1784 355 1870 385 1101111λ

1082 401 1238 431 memoriae
1254 401 1294 432 A.
1312 402 1436 433 abbatis
1456 403 1494 434 de
1518 403 1653 435 Rievalle
1669 404 1706 435 (16
1727 406 1871 446 prosapia

1082 451 1161 492 regis
1177 451 1305 483 Henrici
1321 453 1449 485 editus.''

1380 560 1493 594 XLV.

997 627 1117 662 Codex
1141 629 1430 669 membranaceus,
1445 643 1479 664 111
1494 634 1565 672 410,
1584 631 1616 665 ff.
1636 634 1691 671 91,
1711 643 1795 666 secc.
1814 645 1869 666 xv.

1022 686 1092 719 xiii.
1111 691 1146 720 et
1164 687 1232 720 xiv.

1040 752 1068 780 1.
1086 750 1173 781 Petri
1194 751 1388 792 Ploughman
1403 752 1487 790 visio⁷
1506 753 1598 795 [Rob.
1615 754 1792 796 Langlande
1807 756 1869 786 fere

1101 802 1254 844 tributa3]
1279 803 1409 843 Αηῃῖἰοο.
1432 803 1481 834 fol.
1499 814 1523 834 1.

1144 854 1198 884 Ad
1221 854 1271 884 fol.
1289 863 1339 894 27,
1363 859 1380 871 “
1398 854 1533 896 Explicit
1559 857 1633 887 visio
1658 857 1805 888 Willelmi
1831 860 1869 889 de

1124 905 1221 936 Petro
1238 905 1408 942 Plowman‚
1425 909 1456 936 et
1477 906 1525 936 1116
1541 906 1658 948 incipit,
1675 908 1723 938 Do
1739 909 1804 945 wel,
1820 909 1868 939 Do

1122 957 1176 986 bet
1190 957 1252 986 and
1265 956 1317 986 Do
1333 956 1402 987 best
1415 958 1580 988 secundum
1593 959 1644 989 wit
1656 960 1716 990 and
1732 961 1869 990 resounff'

1144 1006 1239 1037 Defic.
1256 1007 1287 1037 in
1302 1018 1400 1045 versu,

1082 1062 1099 1074 *t
1112 1057 1227 1099 Dauyd
1244 1058 1341 1089 Godis
1357 1058 1478 1100 derling
1493 1059 1668 1091 deffendeth
1684 1061 1707 1092 it
1723 1062 1786 1092 also
1799 1064 1827 1099 ;”

1143 1108 1199 1140 Cui
1216 1109 1352 1140 succedit
1367 1110 1500 1147 rubrica,
1519 1115 1536 1128 “
1549 1111 1630 1142 Vide
1645 1113 1868 1152 prevaricantes

1122 1163 1153 1190 et
1169 1159 1422 1191 thabescebam.”

1038 1262 1065 1291 2.
1084 1260 1211 1292 Henrici
1228 1261 1517 1300 Huntindoniensis‚
1537 1261 1612 1303 [sive
1624 1263 1728 1300 Bedae,
1745 1265 1806 1295 sive
1822 1276 1871 1295 cu—

1099 1324 1283 1354 cuscumque
1299 1313 1365 1354 sin]
1383 1313 1492 1356 Imago
1512 1315 1628 1352 mundi,
1645 1327 1713 1346 cum
1736 1317 1869 1357 prologo.

1101 1364 1152 1394 fol.
1168 1374 1218 1404 37.

1142 1416 1205 1447 Tit.
1230 1421 1249 1435 “
1268 1417 1382 1458 Incipit
1406 1417 1492 1453 liber,
1519 1418 1569 1458 qui
1593 1423 1719 1449 vocatur
1753 1419 1870 1459 Ymago

1121 1469 1256 1499 mundi.''

1142 1520 1258 1551 Exstat
1280 1521 1419 1562 impress.
1446 1521 1527 1551 inter
1554 1520 1583 1551 S.
1605 1521 1742 1552 Anselnii
1769 1533 1869 1562 opera.

1121 1571 1194 1602 edit.
1211 1573 1301 1614 1630,
1317 1576 1390 1603 tom.
1404 1572 1433 1603 ii.
1450 1584 1479 1614 p.
1492 1574 1563 1611 416.

1141 1623 1239 1655 Defic.
1256 1624 1288 1654 in
1310 1623 1422 1661 verbis,
1440 1628 1457 1641 ‘⁴
1473 1624 1526 1655 sed
1552 1624 1701 1655 Hercules
1725 1625 1780 1655 1166
1803 1636 1871 1655 611111

1120 1674 1291 1706 Α1111111116”

1036 1777 1063 1806 3.
1082 1776 1261 1818 [Clementis
1277 1777 1526 1819 Lanthoniensis]
1541 1777 1675 1808 Libellus
1688 1778 1725 1808 de
1738 1789 1791 1808 sex
1806 1778 1871 1814 alis,

1098 1828 1128 1858 in
1144 1828 1237 1865 istud,
1252 1833 1259 1845 ‘
1273 1829 1337 1860 Sub
1353 1830 1463 1860 umbra
1478 1829 1618 1866 alarum‚’
1636 1833 1694 1860 616.
1711 1829 1761 1859 fol.
1778 1838 1829 1870 45.

1143 1879 1240 1921 Incip.
1258 1885 1275 1897 ‘⁶
1292 1880 1399 1912 Prima
1414 1881 1464 1911 ala
1484 1881 1633 1912 confessio
1649 1886 1706 1918 est,
1727 1892 1787 1911 non
1806 1880 1872 1911 lau-

1121 1930 1178 1968 dis,
1195 1931 1276 1961 unde
1292 1931 1507 1962 confite1nini.”

1038 1986 1066 2015 4.
1083 1984 1133 2016 De
1149 1985 1283 2027 quinque
1299 1987 1435 2027 septenis
1450 1987 1481 2017 in
1497 1987 1666 2028 Scriptura.
1692 1987 1742 2017 fol.
1759 1997 1808 2027 47.

1144 2036 1240 2077 Incip.
1253 2041 1270 2053 “
1285 2037 1426 2078 Quinque
1442 2042 1570 2078 septena
1584 2038 1614 2067 111
1631 2037 1726 2068 Sacra
1738 2037 1872 2079 Scriptu-

1121 2098 1157 2118 ra
1172 2087 1272 2118 inveni
1285 2102 1292 2123 ;
1319 2100 1378 2130 que
1393 2089 1461 2119 volo
1477 2089 1501 2119 si
1518 2091 1673 2129 possum.''

1144 2138 1320 2170 Includitur
1330 2140 1482 2181 expositio
1492 2140 1641 2171 orationis
1648 2140 1872 2176 D01niuicae‚in-

1121 2190 1178 2231 cip.
1197 2194 1215 2207 “
1231 2190 1337 2222 Prima
1353 2191 1466 2232 peticio
1481 2196 1528 2222 est
1544 2195 1652 2222 contra
1672 2191 1871 2232 superbimus*

1036 2247 1063 2275 5.
1080 2244 1213 2276 Carmen
1235 2246 1273 2276 de
1293 2246 1485 2287 expositione
1510 2246 1621 2281 missae,
1646 2247 1784 2286 [auctore
1803 2245 1869 2274 Hil-

1100 2296 1228 2327 deberto
1245 2297 1491 2338 Cenomanensi]

1142 2351 1239 2392 Incip.

1016 2411 1032 2418 ··
1046 2401 1186 2433 Scribere
1210 2403 1366 2444 proposui,
1384 2415 1444 2445 quo
1465 2404 1585 2434 mistica
1601 2414 1688 2434 sacra
1704 2403 1870 2444 priommf’

1141 2454 1246 2484 Desin.

1058 2510 1075 2520 '⁵‘
1087 2504 1109 2534 J
1112 2515 1166 2535 ure
1182 2504 1252 2535 Deo
1267 2510 1372 2546 grates
1388 2506 1522 2536 referens
1537 2505 1621 2546 plebs
1639 2506 1682 2535 ire
1694 2505 1828 2545 jubetur.

1092 2555 1272 2596 Expliciunt
1287 2567 1392 2587 versus
1407 2557 1444 2587 de
1460 2556 1581 2587 missa.”

1035 2610 1063 2640 6.
1082 2609 1200 2641 Versus
1215 2611 1289 2641 xxii.
1306 2611 1344 2641 de
1359 2611 1495 2642 diversis.
1519 2610 1568 2641 fol.
1584 2621 1619 2651 5¹
1640 2611 1670 2639 b.

1142 2665 1237 2706 Incip.

1058 2720 1076 2732 “
1089 2715 1204 2747 Editur
1216 2717 1266 2747 hic
1279 2716 1299 2747 J
1302 2716 1402 2754 hesus,
1416 2720 1501 2747 totus
1516 2720 1622 2746 manet
1637 2716 1756 2756 integer
1771 2717 1870 2745 esus.’'

1037 2766 1065 2798 7.
1082 2765 1247 2808 Expositio
1262 2767 1364 2798 brevis
1378 2767 1506 2798 metrica
1524 2766 1672 2798 orationis
1688 2766 1869 2801 Dominicae,
