2254 3117
376 137 421 169 78
940 129 1239 164 CATALOGUS
1266 129 1500 163 CODICUM
1529 128 1636 162 MSS.

711 229 925 263 CCCXXV.

378 296 500 329 Codex
522 295 729 331 chartaceus,
750 293 782 324 in
802 291 892 330 folio,
912 290 945 324 ff.
962 290 1019 331 64,
1039 303 1105 324 sec.
1122 291 1202 324 xvii.

400 357 427 385 1.
446 354 614 394 Evangelia
639 356 782 393 quatuor,
806 351 913 381 ordine
940 351 1089 391 sequenti,
1119 351 1148 381 S.
1176 351 1257 381 Mat-

462 406 547 441 thari,
565 405 594 435 S.
608 403 773 439 Johannis,
797 402 828 432 S.
844 402 946 437 Lueae.
971 401 1001 431 S.
1020 401 1132 438 Marci,
1155 413 1193 432 ex
1209 413 1258 432 co-

463 457 529 487 diee
553 456 686 496 quodam
713 454 842 494 antiquo
865 457 899 483 ut
921 452 1054 489 videtur,
1069 464 1088 483 a
1103 453 1138 483 cl.
1158 453 1258 483 Millio

461 507 660 547 transcripta.

506 558 600 598 Incip.
618 557 647 587 in
666 556 766 587 verbis
781 567 848 597 cap.
865 555 883 585 i.
902 566 977 586 vers.
994 566 1042 596 19,

483 609 585 650 cipere
618 608 752 638 Mariam
782 618 911 637 uxerem
945 610 1041 642 tuam,
1067 606 1150 647 quod
1177 606 1258 636 enim

484 660 514 690 in
530 671 567 690 ea
582 664 691 690 natum
708 662 755 689 est
771 659 809 688 de
826 657 944 699 Spiritu
962 658 1078 687 Sancto
1094 659 1174 687 est.’'

398 714 426 742 Q.
444 713 545 742 Actus
559 711 794 753 Apostolorum,
820 721 858 740 ex
889 709 997 739 eodem
1018 709 1122 739 codice
1148 709 1258 739 exscri-

462 763 517 803 pti.
542 762 591 792 fol.
605 772 656 803 52.

503 813 601 854 Incip.
619 813 725 849 versio,
744 818 761 829 ⁴⁵
778 812 918 842 Primum
941 811 1065 852 quidem
1089 821 1259 841 sermonem

484 864 540 895 feci
557 865 595 895 de
610 864 762 902 omnibus,
777 875 795 894 0
812 863 976 894 Τ11001110.”

506 915 732 946 Desiderantur
762 915 880 956 reliqua
910 919 979 955 post
1004 926 1070 955 cap.
1095 924 1155 951 22..
1172 925 1258 949 vers..

486 971 492 982 ⁶
509 978 565 1007 ego
582 977 666 997 eram
682 966 835 996 adsistens
851 970 882 996 et
898 965 1124 996 consentiens.”

1158 560 1175 572 ‘³
1187 556 1258 585 Sus-

726 1058 963 1094 CCCXXVI.

381 1121 602 1160 Chartaceus,
622 1122 655 1154 in
675 1120 768 1160 folio,
786 1120 818 1153 ff.
835 1123 890 1159 99,
910 1132 975 1153 see.
993 1121 1073 1153 xvii.
1090 1120 1259 1157 exeuntis,

405 1187 431 1215 l.
451 1186 560 1216 Letter
584 1186 663 1216 from
688 1186 731 1216 sir
758 1185 846 1216 Isaac
875 1185 1011 1216 Newton
1038 1189 1071 1216 to
1103 1186 1159 1216 Dr.
1178 1185 1259 1222 Mill,

465 1237 595 1278 sending
619 1237 682 1267 him
707 1237 867 1268 collations
891 1237 924 1267 of
947 1242 1008 1267 two
1035 1237 1126 1267 MSS.
1152 1236 1186 1266 of
1209 1236 1261 1266 the

466 1288 674 1324 Revelations‚
698 1288 752 1318 the
777 1293 924 1329 property
946 1288 980 1318 of
1002 1289 1056 1318 Dr.
1074 1288 1170 1320 Covil.
1195 1288 1259 1318 dat.

467 1339 552 1368 Trin.
569 1339 643 1369 Coll.
661 1339 768 1370 Camb.
790 1340 877 1380 1694.
902 1339 952 1369 fol.
973 1350 995 1369 1.

403 1391 431 1420 9..
449 1389 485 1419 P.
504 1389 587 1419 Allix
612 1389 744 1430 epistola
766 1390 806 1419 ad
836 1390 967 1420 eundem
995 1390 1033 1420 de
1059 1389 1262 1420 Leetionariis

509 1439 642 1470 ecclesiae
658 1444 724 1470 tam
741 1439 861 1470 Graecae
878 1451 970 1481 quam
987 1439 1118 1471 Latiuae.
1143 1440 1193 1470 fol.
1209 1450 1239 1481 5.

403 1492 434 1521 3.
450 1490 582 1521 Collatio
609 1491 746 1521 codicum
764 1491 848 1521 Test.
868 1491 946 1522 Nov.
971 1491 1096 1527 seilicet,
1113 1491 1263 1522 Colberti-

466 1552 576 1572 norum
593 1543 684 1576 6066.
702 1546 734 1572 et
749 1553 778 1581 4.
802 1542 852 1572 fol.
871 1551 899 1582 7.

405 1592 584 1623 4.Collati0
610 1592 704 1623 MSS.
735 1593 813 1623 Bibl.
845 1593 979 1624 Colbert.
1011 1605 1138 1624 numero
1167 1602 1261 1633 5149.

469 1650 475 1660 ⁸
493 1643 633 1685 Scriptus
668 1648 715 1674 est
749 1645 844 1674 codex
869 1644 927 1675 iste
962 1644 1060 1675 literis
1087 1643 1264 1686 majusculis

468 1706 521 1725 seu
547 1695 728 1731 uncialibus,
760 1695 898 1726 eontinet
928 1701 1062 1736 quatuor
1095 1695 1262 1736 evangelia,

468 1746 754 1788 evangeliorumque
771 1747 943 1787 Synaxaria
960 1752 991 1778 et
1007 1748 1159 1778 canones?
1182 1748 1201 1778 f.
1217 1757 1262 1787 19.

405 1801 433 1829 5.
450 1798 582 1829 Collatio
607 1799 701 1829 MSS.
726 1799 825 1830 Graeci
861 1804 892 1830 et
921 1799 1024 1830 Latini
1052 1799 1263 1840 Epistolarum

470 1849 559 1880 Pauli
575 1849 654 1879 Bibl.
672 1850 748 1890 Reg.
765 1850 840 1881 Ood.
859 1851 1102 1881 Claroniontani.
1127 1851 1178 1880 fol.
1191 1861 1242 1891 43.

405 1900 433 1931 6.
455 1900 555 1930 Verso
583 1900 696 1931 Latina
723 1901 792 1931 MS.
815 1901 1055 1934 Grrcco-Latini.
1086 1901 1164 1932 Bibl.
1188 1902 1262 1943 Reg.

468 1952 607 1993 inseripti
626 1962 717 1992 2245.
742 1953 793 1983 fol.
812 1956 861 1994 65.

689 2044 943 2080 CCCXXVII.

385 2107 606 2148 Chartaceus,
626 2109 660 2142 in
680 2108 771 2147 folio,
791 2107 824 2141 ff.
841 2111 896 2147 45,
922 2120 988 2142 see.
1009 2111 1088 2142 xvii.

407 2170 434 2198 1.
454 2168 615 2199 Lectiones
630 2169 772 2210 genuinae
790 2168 867 2198 Nov.
885 2169 969 2200 Test.
987 2180 1055 2199 cum
1078 2169 1266 2200 editionibus

470 2220 632 2260 Stephani,
644 2219 797 2255 Frobenii.
809 2219 940 2260 aliisque
950 2232 968 2250 a
981 2220 1035 2251 vir.
1047 2221 1082 2250 cl.
1096 2220 1194 2251 Millio
1207 2221 1265 2251 col-

470 2271 552 2302 latae.
577 2271 628 2301 fol.
646 2281 671 2301 1.

406 2324 434 2352 2.
454 2323 482 2352 A
500 2323 623 2363 printed
639 2322 732 2353 letter
748 2322 827 2352 from
844 2321 898 2352 W.
911 2321 1090 2363 B[0wyer.‘]
1109 2323 1212 2364 giving
1227 2334 1266 2353 an

470 2378 602 2404 account
619 2373 653 2403 of
665 2373 722 2403 Dr.
738 2373 847 2403 Hieks'
869 2372 1055 2410 Thesaurus,
1072 2374 1147 2404 then
1162 2374 1193 2404 in
1214 2374 1267 2404 the

471 2436 575 2464 press;
599 2425 664 2455 dat.
682 2434 717 2455 22
735 2424 806 2454 Jan.
826 2433 911 2460 ¹700·
938 2423 988 2453 fol.
1004 2434 1054 2464 30.

407 2476 434 2504 5.
454 2475 652 2516 Description
676 2476 710 2505 of
730 2475 782 2505 the
808 2474 866 2504 bell
891 2474 980 2515 given
1008 2475 1046 2514 by
1063 2475 1116 2505 the
1139 2475 1213 2515 king
1236 2481 1268 2505 to

471 2526 500 2556 S.
518 2527 714 2567 Margareffs,
730 2525 969 2561 Westn1inst01·;
998 2526 1087 2566 1698.
1112 2526 1161 2556 fol.
1174 2536 1191 2566 J,
1204 2537 1224 2556 1.

410 2579 435 2606 4.
455 2577 591 2608 l'ctition
613 2582 646 2608 to·
667 2577 721 2608 the
746 2577 877 2618 speaker
901 2567 1024 2617 against
1050 2576 1103 2606 the
1126 2582 1219 2618 grant
1236 2582 1269 2608 to

471 2629 524 2659 the
546 2630 610 2660 earl
627 2630 661 2660 of
682 2628 931 2670 P01·t[smouth?]
949 2628 983 2658 of
995 2628 1048 2658 the
1069 2628 1223 2670 lordships
1238 2630 1273 2659 of

472 2680 626 2721 Denbigh,
659 2680 826 2710 Bromfield
860 2679 921 2710 and
955 2679 1050 2715 Yate,
1081 2679 1141 2709 and
1180 2680 1270 2711 other

472 2731 560 2762 lands
576 2732 606 2762 in
622 2732 676 2762 the
692 2731 889 2772 principality
905 2730 939 2761 of
954 2729 1073 2760 Wales.
1097 2729 1148 2760 fol.
1165 2740 1215 2771 32.

1287 233 1288 243 ¹
1333 230 1361 258 5.
1379 228 1423 258 Of
1434 227 1488 258 the
1505 225 1636 267 original
1652 225 1686 255 os
1699 229 1883 256 testaments
1906 226 1967 255 and
1985 225 2068 263 wills,
2084 226 2145 256 and
2162 227 2196 256 os

1397 278 1478 309 their
1500 277 1655 318 probatos,
1672 276 1733 306 and
1756 280 1790 306 to
1811 275 1910 306 whom
1931 277 1956 306 it
1971 277 2122 317 antiently
2139 277 2191 308 be-

1396 329 1518 369 longed.
1543 328 1594 357 fol.
1611 328 1661 368 36.

1616 419 1894 455 CCCXXVIII.

1312 484 1433 517 Codex
1460 482 1672 521 chartaceus,
1691 482 1724 514 in
1744 481 1837 520 folio,
1866 481 1897 514 ff.
1919 484 1998 521 108.
2026 493 2092 515 sec.
2112 483 2191 515 xvii.

1337 541 1507 574 exeuntis.

1347 603 1373 631 1.
1393 602 1424 631 S.
1445 600 1612 631 Clementis
1637 599 1771 630 Romani
1795 600 1932 640 epistola}
1959 600 1999 630 ad
2016 600 2192 631 Corinthios

1398 652 1485 688 duae3
1513 651 1614 680 (vv-am
1630 654 1661 680 et
1678 651 1797 680 Latine.
1823 650 1873 681 fol.
1893 661 1934 681 10.

1440 702 1502 732 Tit.
1519 705 1580 732 Τοῦ
1596 702 1679 740 ἁγίου
1696 700 1865 739 Κλήμεντος
1885 705 1934 732 τοῦ
1950 701 2060 740 Ῥώμης
2080 703 2194 733 ἐπισκό-

1419 767 1474 783 που
1491 753 1631 790 ἐπιστολὴ
1648 753 1718 791 πρὸς
1736 754 1904 791 Κορινθίους
1919 754 1935 791 ἡ
1951 754 2055 792 πρώτη.

1441 804 1693 840 Praeniittuntur,

1399 869 1426 887 a.
1446 856 1597 887 Veterum
1614 856 1806 886 Testimonia
1821 856 1859 886 de
1876 855 1907 886 S.
1920 855 2085 886 Clemente.
2102 856 2153 887 fol.
2167 867 2193 887 1.

1398 909 1426 939 11.
1446 907 1588 949 Epistola
1603 908 1643 938 ad
1662 907 1885 948 Hieronymum
1902 907 2086 949 Bignonium
2100 908 2130 938 in
2146 920 2194 939 su-

1463 969 1569 1000 premo
1592 964 1701 988 senatu
1719 958 1818 989 Paris.
1841 959 2025 989 advocatum
2043 959 2193 1000 Regium3

1462 1012 1526 1041 dat.
1546 1011 1688 1041 Francos.
1710 1019 1744 1050 17
1763 1010 1824 1041 Jul.
1842 1012 1930 1051 1634.
1954 1011 2002 1041 fol.
2021 1021 2049 1050 9.

1399 1074 1422 1092 c.
1443 1062 1465 1091 J
1468 1062 1555 1092 oaeh.
1572 1061 1595 1091 J
1597 1061 1645 1092 oh.
1666 1062 1786 1092 Maderi
1808 1062 1950 1103 praefatio
1966 1062 2005 1092 ad
2023 1062 2194 1093 Lectorem.

1463 1112 1513 1142 fol.
1533 1122 1540 1141 1
1555 1122 1576 1142 1.

1336 1164 1364 1191 Q.
1384 1161 1474 1192 Notae
1491 1162 1521 1191 in
1543 1161 1702 1203 Epistolas
1723 1162 1896 1202 praedictaS,
1914 1163 2067 1204 praecipue
2088 1174 2125 1193 ex
2141 1163 2195 1194 Ju-

1400 1213 1450 1242 nio
1466 1216 1497 1243 et
1513 1212 1666 1243 Cotelerio
1683 1212 1828 1243 collectae.
1853 1212 1901 1242 fol.
1915 1214 1966 1253 56.

1639 1305 1876 1341 CCCXXIX.

1316 1370 1537 1409 Chartaeeus,
1556 1370 1590 1403 in
1609 1369 1703 1409 folio,
1722 1369 1755 1402 ff.
1778 1371 1860 1409 134,
1878 1381 1943 1403 sec.
1963 1370 2044 1403 xvii.

1339 1431 1366 1459 1.
1386 1429 1533 1460 Ludoviei
1558 1429 1676 1470 Pieque
1705 1431 1769 1467 (seu
1795 1429 1941 1470 l'icques)
1967 1430 2005 1460 de
2029 1429 2104 1461 God.
2124 1430 2195 1461 MS.

1400 1480 1605 1522 Apocalypsis
1621 1480 1750 1522 Coptico
1773 1480 1904 1521 epistola
1920 1481 1959 1511 ad
1983 1481 2021 1511 D.
2034 1481 2108 1511 Joh.
2127 1481 2197 1512 Mil-

1400 1533 1492 1569 liun13
1516 1533 1581 1563 dat.
1603 1532 1773 1563 sliluviante
1794 1531 1882 1563 Coelo
1907 1542 1943 1574 23
1963 1533 2033 1564 Oct.
2056 1533 2142 1574 1698,
2167 1533 2198 1563 in

1400 1585 1489 1616 Sorb.
1508 1585 1609 1615 Paris.
1633 1584 1684 1614 fol.
1707 1594 1732 1614 1.

1337 1637 1366 1666 2.
1385 1636 1547 1666 Lectiones
1573 1635 1649 1666 Nov.
1675 1635 1761 1666 Test.
1785 1635 1933 1666 versionis
1954 1635 2101 1677 Vulgatae
2128 1647 2197 1666 cum

1402 1688 1476 1718 Cosl.
1499 1686 1747 1728 Cantabrigiensi
1768 1690 1799 1717 et
1826 1686 2025 1717 Lectionibus
2046 1687 2164 1718 Graeeis
2179 1698 2197 1717 a

1404 1736 1505 1766 Millio
1521 1736 1652 1767 eollatae.
1677 1736 1729 1766 sol.
1745 1747 1775 1777 5.

1446 1788 1483 1818 In
1499 1788 1590 1823 calce.
1608 1799 1637 1818 a.
1653 1794 1659 1804 ‘
1673 1787 1855 1829 Hieronymi
1872 1788 2121 1829 Castigationes.'
2165 1789 2195 1819 b.

1424 1839 1571 1880 Vulgata*
1584 1839 1741 1879 exemplar
1757 1839 1914 1876 Graeeum,
1926 1839 1978 1870 ubi
1994 1840 2034 1870 ab
2050 1840 2197 1871 hodierno

1423 1895 1530 1922 nostro
1547 1894 1637 1921 textu
1653 1891 1817 1932 discrepat.
1863 1902 1888 1921 0.
1908 1890 1995 1921 Vitia
2011 1891 2123 1922 codicis
2139 1903 2198 1932 quo

1423 1953 1496 1972 usus
1512 1946 1559 1973 est
1577 1942 1670 1983 Vulg.

1339 1993 1367 2022 3.
1385 1991 1572 2022 Collationes
1589 2002 1626 2022 ex
1644 1991 1699 2022 SS.
1718 1991 1865 2022 Patribus
1880 1991 2130 2032 versionibusque
2148 2002 2198 2022 ex-

1404 2043 1544 2073 trinsecis
1561 2043 1707 2074 collectae.
1731 2042 1782 2073 fol.
1800 2052 1867 2084 123.

1655 2136 1867 2171 CCCXXX.

1319 2199 1540 2239 Chartaceus,
1559 2200 1593 2232 in
1612 2198 1704 2237 folio,
1724 2198 1758 2232 ff.
1773 2201 1831 2239 70,
1851 2210 1916 2232 sec.
1933 2198 2014 2232 xvii.
2030 2199 2196 2232 exeuntis

1362 2260 1549 2291 Collationes
1570 2260 1667 2290 Codd.
1687 2259 1780 2289 MSS.
1798 2259 1856 2289 IV.
1874 2259 2112 2301 Evangeliorum
2128 2258 2198 2289 Bib-

1375 2311 1469 2347 ,liotlr
1488 2310 1677 2342 Colbertinte
1694 2311 1786 2351 6043,
1802 2319 1884 2351 4705
1901 2315 1933 2341 et
1952 2311 2042 2349 2844.

1426 2362 1478 2392 Ad
1488 2362 1539 2392 fol.
1550 2371 1602 2402 57,
1620 2366 1637 2378 ‘⁵
1652 2361 1701 2391 Ex
1717 2361 1775 2391 hoc
1788 2360 1995 2402 transcriptas
2010 2365 2087 2402 puto
2100 2360 2198 2392 varias

1406 2414 1552 2444 lectiones
1568 2413 1704 2445 Colbert.
1723 2413 1769 2453 7.”

1645 2506 1882 2542 CCCXXXI.

1322 2570 1542 2609 Chai-tacens,
1562 2571 1593 2603 in
1615 2570 1707 2610 folio,
1726 2570 1759 2604 ff.
1776 2569 1832 2609 61,
1851 2581 1917 2604 sec.
1930 2570 2011 2603 xvii.
2030 2568 2198 2602 exeuntis.

1364 2629 1556 2660 Adversaria
1577 2630 1617 2660 ad
1642 2629 1808 2660 editionem
1831 2639 1919 2659 suam
1948 2628 2032 2659 Test.
2050 2627 2127 2658 Nov.
2151 2637 2198 2657 or-

1386 2681 1519 2710 nandam
1535 2680 1711 2721 spectantia
1725 2691 1745 2711 a
1760 2680 1814 2710 vir.
1831 2691 1892 2710 rev.
1910 2679 1952 2710 D.
1970 2679 1989 2710 J
1992 2679 2041 2710 oh.
2060 2678 2168 2709 Millio.

1429 2731 1566 2762 Notitias
1583 2731 1732 2763 exhibent
1747 2732 1785 2762 de
1801 2730 1958 2762 codicibus
1983 2730 2074 2762 variis
2090 2729 2202 2760 0110111-
