2254 3117
329 157 350 191 6
885 153 1186 189 CATALOGUS
1212 153 1446 189 CODICUM
1474 153 1583 188 MSS.

500 256 561 287 Tit.
584 256 652 294 μηνὶ
668 255 788 295 Μαρτίῳ
816 253 855 284 κε’
881 255 896 283 ὁ
924 252 1137 292 εὐαγγελισμὸς
1160 253 1209 290 τῆς

478 307 634 346 ὑπεραγίας
649 306 804 342 δεσποίνης
820 305 898 343 ἡμῶν
915 305 1072 335 Θεοτόκου.

499 357 595 398 Incip.
611 356 726 395 βουλὴν
740 356 923 395 προαιώνιον.

394 423 421 447 η.
439 408 525 439 Junii
541 408 649 438 diebus
665 407 749 438 xxiv.
767 411 800 438 et
816 406 899 437 xxix.
923 406 973 436 fol.
990 415 1059 445 241.

497 459 557 490 Tit.
573 459 630 497 μὴν
651 458 773 490 Ἰούνιος
804 459 844 490 εἰς
872 459 923 490 τὰς
951 457 991 487 κδ’
1017 458 1049 487 τὸ
1074 456 1210 496 γενέσιον

477 512 527 540 τοῦ
543 511 627 548 ἁγίου
642 509 781 540 Ἰωάννου
796 512 847 539 τοῦ
862 510 1035 548 προδρόμου.

497 559 595 601 Incip.
612 561 677 590 λύει
692 561 743 590 τοῦ
759 559 916 599 Ζαχαρίου.

393 615 419 642 θ.
435 611 511 641 Julii
528 611 637 641 diebus
654 622 704 641 xx.
721 610 813 641 xxvii.
837 609 889 641 fol.
909 619 969 651 294
985 610 1015 640 b.

497 662 558 692 Tit.
575 662 632 700 μὴν
646 661 779 702 Ἰουλλίῳ
797 661 827 692 κ’.
844 663 894 692 τοῦ
910 662 994 701 ἁγίου
1010 661 1127 698 ἐνδόξου
1143 672 1210 698 προ-

476 713 569 751 φήτου
583 712 690 743 Ἡλίου
706 715 756 743 τοῦ
772 714 932 751 Θεσβίτου,

499 763 596 804 Ineip.
614 765 628 793 ὁ
645 763 695 794 τὸν
712 765 866 802 Θεσβίτην
881 764 975 801 ἠλίας.

395 828 411 845 ι.
429 814 564 855 Augusti
581 814 689 844 diebus
705 814 723 844 i.
740 814 778 844 vi.
794 825 842 844 xv.
860 813 943 844 xxix.
968 813 1020 844 sol.
1032 823 1103 854 302.

498 866 561 896 Tit.
572 866 628 904 μὴν
641 867 809 905 Αὔγουστος
822 867 854 896 ἐν
867 867 900 908 τῇ
915 865 941 896 α’
953 866 1039 896 αὐτοῦ
1051 868 1108 894 τῶν
1120 865 1211 903 ἁγίων

477 918 549 947 ἕπτα
565 918 779 955 Μακκαβαίων,
796 917 841 947 καὶ
856 919 906 947 τοῦ
925 916 1102 946 διδασκάλου
1119 916 1212 945 αὐτῶν

475 967 654 1007 Ἐλεαζάρου
676 969 722 998 καὶ
739 970 787 1006 τῆς
801 967 906 1006 μητρὸς
922 968 1014 997 αὐτῶν
1031 968 1209 1005 Σολομόνης.

497 1019 596 1060 Incip.
631 1018 759 1058 σήμερον
789 1020 875 1059 χαίρε
905 1021 1016 1049 πιστῶν
1053 1018 1162 1055 πληθὺς
1196 1017 1212 1053 ἡ

477 1072 550 1100 θεία.

349 1124 377 1152 Q.
394 1121 514 1152 Versus
530 1121 709 1161 paracletici
726 1121 757 1151 in
773 1120 941 1151 Christum.
965 1120 1016 1151 fol.
1032 1122 1105 1160 368.

455 1172 517 1203 Tit.
536 1175 569 1211 τῇ
594 1173 711 1214 κυριακῇ
735 1171 850 1213 ἑσπέρα.
885 1175 981 1211 στίχοι
1005 1171 1213 1210 παρακλητικοὶ

435 1225 474 1255 εἷς
490 1223 540 1254 τὸν
557 1224 664 1262 Κύριον
679 1223 758 1261 ἡμῶν
772 1222 889 1260 Ἰησοῦν
905 1223 1043 1261 Χριστόν.

455 1274 554 1315 Incip.
571 1275 702 1311 τελώνην
718 1275 755 1306 ὡς
772 1274 885 1306 ἔσωσας
901 1273 1020 1312 Χριστέ.

351 1328 378 1356 3.
397 1326 506 1357 Officia
522 1326 553 1355 in
570 1325 706 1356 diversos
723 1325 865 1356 Sanctos.
889 1325 938 1355 fol.
956 1325 1027 1366 387.

457 1377 519 1408 Tit.
536 1378 704 1408 ὰκολούθιαι
721 1378 761 1409 εἰς
776 1377 842 1408 τοὺς
858 1378 958 1416 ἁγίους
974 1378 1138 1415 διαφόρους.

455 1428 554 1470 Incip.
572 1430 587 1458 ὁ
604 1428 656 1466 τὴν
671 1429 773 1458 ἀκτῖνα
788 1430 837 1466 τῆς
853 1427 1085 1468 θεαρχικοτάτης,

352 1482 379 1510 4.
399 1479 515 1521 Hymni
533 1480 563 1509 in
579 1479 749 1510 dominicas
765 1479 874 1510 varias.
899 1480 949 1509 sol.
963 1491 1036 1518 440.

458 1531 556 1572 Incip.
572 1530 610 1568 μὴ
625 1531 852 1570 προσευξώμεθα
867 1534 1048 1569 φαρισαϊκῶς
1064 1531 1199 1568 ἀδελφοί.

376 1607 380 1612 .
399 1582 669 1612 Pentecostarium
685 1581 716 1611 in
731 1582 960 1623 praeparatione
980 1589 1076 1612 sextae
1099 1581 1214 1611 hebdo-

415 1634 526 1665 madis.
549 1634 599 1664 fol.
612 1635 683 1675 496.

458 1685 520 1716 Tit.
544 1686 618 1726 ἀρχὴ
643 1686 698 1716 σὺν
727 1686 795 1726 Θεῷ
821 1688 871 1715 τοῦ
901 1685 1154 1722 Πεντηκοσταρίου
1181 1685 1213 1725 τῇ

351 1584 370 1612 ξπ

436 1739 605 1778 παρασκευῇ
619 1738 668 1775 τῆς
683 1735 708 1771 ς’
726 1736 896 1775 ἑβδομάδος.

458 1786 556 1828 Incip.
573 1787 626 1826 τὴν
640 1789 808 1827 ψυχωφελῆ
824 1788 1029 1826 πληρώσαντα.

733 1881 819 1915 VII.

333 1944 454 1978 Codex
485 1943 697 1983 chartaceus,
729 1943 763 1976 in
791 1945 861 1983 4to,
889 1943 922 1977 ff.
944 1946 1022 1983 198,
1050 1955 1116 1977 sec.
1135 1943 1215 1981 xvi„

358 2001 440 2035 olim
459 2000 607 2034 Antonii
627 2000 835 2035 Sacerdotis.

377 2063 404 2092 1,
422 2061 547 2092 Arsenii
569 2061 733 2092 CPolitani
757 2072 870 2098 sermo²
894 2062 1048 2102 quomodo
1071 2061 1217 2092 defecerit

441 2113 571 2144 ecclesia
587 2113 738 2144 Romana.
761 2113 812 2144 fol.
829 2124 855 2144 1.

483 2164 546 2195 Tit.
575 2164 731 2204 Ἀρσενίου
761 2177 844 2204 πατρ.
878 2168 1046 2196 Κωνσταντ.
1077 2166 1142 2203 περὶ
1168 2167 1218 2194 τοῦ

462 2217 532 2246 πότε
554 2217 600 2246 καὶ
620 2218 667 2246 διὰ
689 2217 776 2246 τίνων
797 2217 814 2255 ἡ
837 2218 886 2254 τῆς
907 2218 1000 2256 ῥωμῆς
1021 2217 1159 2254 ἐξέπεσεν
1175 2217 1219 2246 ἐκ·

463 2268 579 2304 κλησία.
838 2305 840 2308 Ι

485 2317 582 2359 Ineip.
599 2319 679 2348 πᾶσα
695 2318 794 2357 γραφὴ
810 2319 1013 2350 θεόπνευστος.

382 2370 409 2398 2.
427 2369 569 2410 Gregorii
594 2369 741 2405 Palamae,
766 2369 901 2410 archiep.
926 2369 1219 2405 Thessalonicensis,

446 2420 556 2456 oratio,
574 2421 656 2461 quod
676 2431 738 2451 non
757 2432 795 2451 ex
811 2421 899 2458 Filio,
917 2421 970 2451 sed
986 2432 1023 2451 ox
1042 2421 1137 2452 Patre
1156 2421 1221 2451 solo

447 2473 595 2512 procedat
612 2472 746 2513 Spiritus
762 2472 906 2504 Sanctus.
928 2472 980 2503 fol.
998 2483 1043 2513 13.

489 2523 550 2553 Tit.
577 2526 626 2553 τοῦ
651 2524 683 2554 ἐν
706 2525 809 2563 ἁγίοις,
831 2538 856 2554 κ.
879 2528 907 2554 λ.
935 2526 1093 2563 Γρηγορίου
1124 2525 1221 2563 ἀρχιε-

469 2575 613 2604 πισκόπου
644 2576 870 2613 Θεσσαλονίκης
905 2571 996 2615 λόγος
1029 2576 1223 2607 ὑποδεικτικὺς

469 2621 642 2661 πρῶτοςὸτι
660 2625 725 2665 οὐχὶ
742 2627 788 2656 καὶ
805 2627 836 2656 ἐκ
852 2628 902 2657 τοῦ
916 2627 987 2656 Ύὶοῦ
1003 2625 1070 2656 ἀλλ’
1088 2627 1119 2656 ἐκ
1134 2627 1224 2663 μόνου

471 2677 520 2704 τοῦ
537 2675 651 2714 Πατρὸς
667 2678 851 2715 ἐκπορεύεται
866 2677 898 2707 τὸ
915 2679 1037 2715 Πνεῦμα
1052 2676 1084 2706 τὸ
1101 2677 1194 2716 ἅγιον.

494 2725 608 2756 Exstat
632 2726 772 2767 impross.
789 2738 858 2758 eum
881 2727 980 2758 altero
1001 2727 1137 2768 ejusdcm
1161 2738 1224 2757 1110-

473 2776 578 2814 menti,
596 2776 693 2808 Lond.
710 2780 799 2817 1624.

1282 252 1311 281 3.
1329 251 1487 292 Excerpta
1503 262 1541 281 ex
1558 250 1708 281 Patribus
1728 249 1866 286 diversis,
1891 250 2028 291 ejusdem
2051 261 2140 292 argu-

1347 302 1462 338 menti3
1486 301 1611 337 scilicet,

1369 367 1396 383 α.
1413 356 1462 383 τοῦ
1477 352 1607 392 μεγάλου
1629 353 1786 383 Βασιλείου
1810 353 1899 391 λόγος
1923 353 1989 391 περὶ
2009 354 2142 390 πίστεως,

1432 405 1594 443 διαδραμὼν
1610 405 1645 434 τὰ
1661 404 1823 441 σύμπαντα.
1847 403 1898 434 fol.
1917 404 1965 434 80.

1369 459 1400 493 β.
1419 458 1469 485 τοῦ
1491 454 1622 493 μεγάλου
1646 455 1803 493 Γρηγορίου
1825 456 1875 484 τοῦ
1890 454 2032 493 θεολόγον
2049 454 2079 483 ἐκ
2095 456 2144 484 τοῦ

1432 507 1524 545 λόγου
1546 508 1596 535 τοῦ
1618 505 1683 543 περὶ
1708 506 1850 544 δόγματος
1873 505 1918 535 καὶ
1940 504 2143 537 καταστάσεως

1433 557 1608 587 ἐπισκόπων.
1632 559 1850 594 προσκυνοῦμεν
1861 556 1913 586 οὖν
1926 555 2054 594 Πατέρα.
2067 555 2087 585 f.
2095 556 2141 597 83.

1364 621 1392 647 γ.
1410 609 1441 638 ἐκ
1457 610 1507 638 τοῦ
1522 609 1613 646 λόγου
1630 609 1679 637 τοῦ
1695 608 1736 638 εἰς
1753 606 1881 637 “Ἠωανα
1897 606 1947 637 τὸν
1963 607 2143 646 φιλόσοφον.

1433 659 1527 697 ὁρίζου
1543 660 1573 688 δὲ
1590 658 1651 695 τήν.
1674 658 1725 688 fol.
1739 660 1780 697 84
1795 658 1824 688 b.

1370 712 1394 739 ὃ.
1419 712 1470 739 τοῦ
1496 709 1580 748 ἁγίου
1613 710 1759 747 Κυρίλλου
1790 709 1904 740 ἔκθεσις
1932 708 2068 740 πιστέως.
2099 721 2144 739 πι-

1434 761 1575 797 στεύομεν
1592 761 1632 790 εἰς
1648 760 1700 789 ἕνα
1716 759 1806 789 Θεόν.
1829 758 1878 788 sol.
1895 758 1944 788 88.

1371 823 1393 840 ε.
1412 809 1453 839 ἔτι
1470 810 1563 848 Πατρὶ
1580 809 1696 847 Πατρὸς
1717 810 1762 839 καὶ
1784 810 1855 839 Tios)
1879 809 1926 838 καὶ
1948 809 2031 848 ἁγίου
2053 810 2145 839 Πνεύ-

1434 873 1522 897 ματος
1545 860 1742 899 διακεκριμένη
1760 859 1819 897 ἅμα
1836 860 1881 890 καὶ
1897 860 2028 898 ἡνωμένη
2044 861 2145 890 θεολό-

1434 924 1487 950 γου
1512 913 1562 941 τοῦ
1590 913 1794 949 Δαμασκηνοῦ.
1832 911 1958 940 πιστεύω
1984 910 2145 949 τοιγάρουν.

1434 962 1484 992 sol.
1505 964 1553 1001 89.

1288 1019 1314 1048 4.
1333 1017 1489 1048 Theodori
1511 1017 1653 1047 Lascaris
1675 1028 1775 1047 sermo
1799 1016 2010 1058 apologeticus
2030 1016 2071 1047 ad
2086 1015 2146 1047 Co-

1350 1074 1474 1100 tronam
1491 1073 1601 1099 contra
1619 1068 1756 1099 Latinos.
1780 1068 1831 1098 fol.
1849 1078 1913 1098 101.

1394 1121 1456 1151 Tit.
1473 1121 1622 1159 Θεοδόρου
1645 1121 1795 1158 βασιλέως
1824 1123 1874 1150 τοῦ
1903 1120 2035 1158 Λασκαρὶ
2059 1120 2147 1159 λόγος

1374 1173 1584 1211 ἀπολογητικὸς
1600 1172 1669 1211 πρὸς
1686 1173 1840 1210 Κοτρώνην
1857 1173 1928 1202 κατὰ
1944 1173 2088 1202 Λατίνων.

1398 1224 1494 1264 Incip.
1512 1223 1609 1261 ἐπειδὴ
1626 1224 1775 1261 ἐρώτησιν.

1395 1276 1441 1306 Of.
1459 1275 1542 1305 Cave
1560 1274 1644 1305 Hist.
1664 1274 1724 1305 Lit.
1741 1275 1781 1305 ad
1796 1286 1846 1305 an.
1862 1284 1950 1315 1255.

1289 1332 1318 1360 5.
1338 1330 1369 1361 S.
1381 1330 1521 1371 Gregorii
1538 1329 1673 1370 episcopi
1691 1329 1821 1370 Nysseni
1846 1329 1923 1360 liber
1944 1329 1986 1360 de
2005 1329 2035 1360 S.
2049 1328 2149 1360 Trini-

1354 1386 1420 1411 tato
1436 1391 1491 1421 per
1506 1380 1670 1421 epitomen.
1694 1380 1745 1410 fol.
1766 1390 1829 1418 114.

1397 1432 1458 1462 Tit.
1475 1435 1535 1468 τοῦ,
1560 1445 1581 1462 κ.
1599 1437 1629 1462 λ.
1662 1432 1832 1470 Γρηγορίου,
1848 1432 1979 1470 ἀδελφοῦ
1997 1434 2048 1461 τοῦ
2067 1431 2149 1470 ἁγίου

1377 1486 1534 1516 Βασιλείου
1564 1488 1614 1514 τοῦ
1643 1484 1776 1524 μεγάλου
1806 1485 1894 1523 λόγος
1925 1485 2058 1521 ἐπίτομος
2086 1483 2151 1522 περὶ

1376 1537 1423 1572 τῆς
1439 1536 1522 1573 ἁγίας
1539 1535 1583 1565 καὶ
1598 1537 1755 1575 ζωαρχικῆς
1770 1534 1902 1572 Τριάὸος.

1370 1603 1375 1606 -
1398 1586 1494 1627 Incip.
1512 1587 1555 1616 ὅτι
1571 1587 1724 1624 ὁμοούσιος
1741 1586 1786 1616 καὶ
1802 1586 1846 1616 ὅτι
1861 1586 2097 1624 τρισυπόστατος.

1396 1637 1443 1668 Cf.
1460 1648 1531 1678 opp.
1549 1638 1624 1668 edit.
1641 1639 1730 1678 1638,
1745 1643 1821 1668 tom.
1837 1637 1878 1667 iii.
1895 1648 1924 1678 p.
1938 1638 1969 1667 6.

1290 1694 1319 1725 6.
1338 1693 1357 1724 J
1361 1694 1491 1724 ohannis
1516 1693 1793 1734 Hierosolymitani
1817 1692 1988 1734 disputatio
2006 1703 2076 1723 cum
2093 1691 2150 1724 La-

1354 1745 1419 1775 tino
1436 1745 1568 1786 quodam
1585 1744 1776 1785 philosopho.
1800 1744 1852 1775 fol.
1870 1754 1925 1784 115
1942 1744 1971 1774 b.

1396 1796 1458 1826 Tit.
1476 1796 1614 1826 Ἰωάννου
1630 1795 1809 1835 πατριάρχου
1829 1794 2042 1833 Ἱεροσολύμων
2062 1795 2151 1833 λόγος

1375 1847 1554 1879 διαλεκτικὸς
1578 1847 1651 1884 μετά
1667 1859 1743 1878 τινος
1768 1847 1894 1877 Λατίνου
1919 1846 2101 1886 φιλοσόφου,
2117 1845 2151 1875 ὃν

1376 1898 1532 1935 ἐποιήσατο
1548 1896 1764 1936 Ἱεροσολύμοις
1779 1899 1856 1936 παρὰ
1871 1900 1928 1927 τῶν
1943 1897 2063 1935 ἀζύμων.

1398 1949 1496 1989 Incip.
1523 1949 1574 1979 τὸν
1603 1950 1753 1979 πολύπουν
1784 1949 1859 1988 φασὶ
1888 1947 1920 1978 τὸ
1949 1947 2087 1986 παράπαν
2114 1946 2152 1985 μὴ

1376 2001 1500 2040 χαίρειν.

1293 2058 1320 2089 ’7.
1339 2056 1475 2087 Libellus
1491 2055 1528 2086 do
1547 2055 1749 2092 Francorum,
1763 2055 1946 2086 Latinorum
1961 2054 2152 2095 aliorumque

1356 2105 1533 2136 haeresibus.
1556 2105 1607 2136 fol.
1625 2115 1692 2146 135.

1401 2157 1462 2187 Tit.
1486 2156 1550 2195 περὶ
1565 2159 1622 2187 τῶν
1638 2159 1785 2196 Φραγγῶν
1805 2158 1852 2187 καὶ
1870 2157 2003 2187 Λατίνων
2027 2155 2073 2186 καὶ
2092 2154 2152 2185 ἑτέ-

1377 2222 1436 2247 ρων
1451 2211 1598 2247 γλωσσῶν
1613 2209 1795 2248 παραβάσεις
1811 2210 1857 2239 καὶ
1873 2209 2008 2248 αἱρέσεις.

1401 2259 1498 2300 Ineip.
1515 2261 1530 2289 ὁ
1546 2259 1642 2292 πάπας
1657 2259 1767 2299 Ῥώμης
1783 2261 1829 2290 καὶ
1845 2261 1909 2290 ὅσοι
1925 2262 1974 2297 τῆς
1989 2260 2106 2291 δύσεως.

1294 2322 1324 2350 8.
1341 2319 1458 2351 Nicetae
1479 2319 1563 2350 Seidi
1578 2319 1656 2350 liber
1671 2320 1709 2350 de
1726 2319 1904 2360 aequalitate
1920 2319 2028 2349 Romae
2043 2317 2154 2349 veteris

1359 2382 1395 2401 ac
1411 2381 1505 2400 novae.
1529 2370 1580 2400 fol.
1595 2381 1650 2411 143
1669 2371 1697 2401 b.

1402 2421 1463 2452 Tit.
1481 2423 1565 2460 κυροῦ
1582 2421 1694 2459 Νικήτα
1709 2423 1811 2452 Σείδου
1832 2422 1863 2454 ὃς
1883 2421 1918 2460 ἦν
1942 2421 1989 2452 ε’πὶ
2004 2422 2054 2459 τῆς
2069 2423 2155 2451 Βασι-

1384 2475 1465 2504 λείας
1489 2474 1622 2511 Ἀλεξίου
1652 2475 1703 2503 τοῦ
1733 2475 1885 2511 Κομνηνοῦ
1916 2473 1959 2503 ὅτι
1985 2472 2035 2502 οὐκ
2065 2472 2154 2502 ἐδεσι-

1381 2526 1494 2563 μώτερα
1522 2524 1652 2562 καθάπαξ
1674 2527 1731 2554 τῶν
1757 2524 1831 2554 νέων
1853 2526 1889 2554 τὸ.
1912 2524 2025 2554 παλαιὰ
2049 2522 2114 2553 οὐδὲ
2138 2521 2155 2558 ἡ

1382 2578 1494 2606 παλαιὰ
1514 2575 1619 2606 λοιπὸν
1641 2575 1735 2614 Ῥώμη
1750 2578 1798 2613 τῆς
1814 2575 1880 2606 νέας
1896 2574 1942 2604 καὶ
1957 2575 1972 2604 ὁ
1989 2574 2092 2612 θρόνος
2106 2574 2156 2602 τοῦ

1383 2628 1498 2665 θρόνου.

1404 2679 1504 2708 πολλὰ
1518 2678 1572 2715 μὲν
1587 2678 1654 2715 ὑμῖν
1669 2676 1690 2707 ὦ
1707 2677 1808 2715 ἄνδρες
1822 2676 1966 2715 Ῥωμαῖοι.

1404 2729 1449 2759 Cf.
1466 2729 1540 2760 Cod.
1558 2728 1668 2759 Baroc.
1685 2728 1786 2759 cxxxi.

1297 2781 1326 2813 9.
1344 2779 1505 2821 Euthymii
1532 2779 1692 2821 Zygabeni
1719 2779 1874 2810 sententia
1904 2779 1985 2820 quod
2015 2777 2156 2810 Christus
