<?xml version="1.0" encoding="UTF-8"?>
<!DOCTYPE html PUBLIC "-//W3C//DTD XHTML 1.0 Transitional//EN"
    "http://www.w3.org/TR/xhtml1/DTD/xhtml1-transitional.dtd">
<html xmlns="http://www.w3.org/1999/xhtml" xml:lang="en" lang="en">
 <head>
  <title>
</title>
<meta http-equiv="Content-Type" content="text/html;charset=utf-8" />
  <meta name='ocr-system' content='tesseract 3.04.00' />
  <meta name='ocr-capabilities' content='ocr_page ocr_carea ocr_par ocr_line ocrx_word'/>
</head>
<body>
  <div class='ocr_page' id='page_1' title='image "./cataloguscodicum01coxeuoft_0304.png"; bbox 0 0 2254 3117; ppageno 0'>
   <div class='ocr_carea' id='block_1_1' title="bbox 343 148 413 180">
    <p class='ocr_par' dir='ltr' id='par_1_1' title="bbox 343 148 413 180">
     <span class='ocr_line' id='line_1_1' title="bbox 343 148 413 180; baseline -0.014 0"><span class='ocrx_word' id='word_1_1' title='bbox 343 148 413 180; x_wconf 71' lang='lat'>104</span> 
     </span>
    </p>
   </div>
   <div class='ocr_carea' id='block_1_2' title="bbox 344 300 1227 462">
    <p class='ocr_par' dir='ltr' id='par_1_2' title="bbox 344 300 1227 462">
     <span class='ocr_line' id='line_1_2' title="bbox 344 300 1225 341; baseline -0.006 -1"><span class='ocrx_word' id='word_1_2' title='bbox 344 307 465 340; x_wconf 84' lang='lat' dir='ltr'>Codex</span> <span class='ocrx_word' id='word_1_3' title='bbox 484 304 776 340; x_wconf 84' lang='lat' dir='ltr'>membranaceus,</span> <span class='ocrx_word' id='word_1_4' title='bbox 795 302 830 334; x_wconf 89' lang='lat' dir='ltr'>in</span> <span class='ocrx_word' id='word_1_5' title='bbox 852 303 913 334; x_wconf 77' lang='lat' dir='ltr'>4t0</span> <span class='ocrx_word' id='word_1_6' title='bbox 937 301 1073 341; x_wconf 88' lang='lat' dir='ltr'>minori,</span> <span class='ocrx_word' id='word_1_7' title='bbox 1097 300 1130 335; x_wconf 82' lang='lat' dir='ltr'>ff.</span> <span class='ocrx_word' id='word_1_8' title='bbox 1146 304 1225 335; x_wconf 76' lang='lat'>112.</span> 
     </span>
     <span class='ocr_line' id='line_1_3' title="bbox 368 364 525 399; baseline -0.019 0"><span class='ocrx_word' id='word_1_9' title='bbox 368 377 435 399; x_wconf 86' lang='lat' dir='ltr'>sec.</span> <span class='ocrx_word' id='word_1_10' title='bbox 454 364 525 397; x_wconf 82' lang='lat' dir='ltr'>xiii.</span> 
     </span>
     <span class='ocr_line' id='line_1_4' title="bbox 409 420 1227 462; baseline -0.009 -6"><span class='ocrx_word' id='word_1_11' title='bbox 409 424 510 456; x_wconf 83' lang='lat' dir='ltr'>Isaaci</span> <span class='ocrx_word' id='word_1_12' title='bbox 527 423 546 454; x_wconf 89' lang='lat' dir='ltr'><strong>J</strong></span> <span class='ocrx_word' id='word_1_13' title='bbox 550 422 628 453; x_wconf 74' lang='lat' dir='ltr'>udaei</span> <span class='ocrx_word' id='word_1_14' title='bbox 644 421 754 452; x_wconf 87' lang='lat' dir='ltr'>medici</span> <span class='ocrx_word' id='word_1_15' title='bbox 778 431 874 462; x_wconf 84' lang='lat' dir='ltr'>opera</span> <span class='ocrx_word' id='word_1_16' title='bbox 897 420 983 451; x_wconf 82' lang='lat' dir='ltr'>varia</span> <span class='ocrx_word' id='word_1_17' title='bbox 1006 431 1060 461; x_wconf 91' lang='lat' dir='ltr'>per</span> <span class='ocrx_word' id='word_1_18' title='bbox 1076 420 1227 451; x_wconf 77' lang='lat' dir='ltr'>Constan-</span> 
     </span>
    </p>
   </div>
   <div class='ocr_carea' id='block_1_3' title="bbox 428 471 1227 568">
    <p class='ocr_par' dir='ltr' id='par_1_3' title="bbox 428 471 1227 568">
     <span class='ocr_line' id='line_1_5' title="bbox 429 471 1227 511; baseline -0.008 -5"><span class='ocrx_word' id='word_1_19' title='bbox 429 477 529 506; x_wconf 88' lang='lat' dir='ltr'>tinum</span> <span class='ocrx_word' id='word_1_20' title='bbox 559 474 743 505; x_wconf 82' lang='lat' dir='ltr'>Africanum</span> <span class='ocrx_word' id='word_1_21' title='bbox 775 472 887 503; x_wconf 79' lang='lat' dir='ltr'>Latine</span> <span class='ocrx_word' id='word_1_22' title='bbox 917 482 1026 507; x_wconf 78' lang='lat' dir='ltr'>versa3</span> <span class='ocrx_word' id='word_1_23' title='bbox 1059 475 1092 501; x_wconf 87' lang='lat' dir='ltr'>et</span> <span class='ocrx_word' id='word_1_24' title='bbox 1117 471 1227 511; x_wconf 84' lang='lat' dir='ltr'>glossis</span> 
     </span>
     <span class='ocr_line' id='line_1_6' title="bbox 428 523 1118 568; baseline -0.007 -10"><span class='ocrx_word' id='word_1_25' title='bbox 428 527 650 568; x_wconf 77' lang='lat' dir='ltr'>marginalibus</span> <span class='ocrx_word' id='word_1_26' title='bbox 664 525 715 556; x_wconf 93' lang='lat' dir='ltr'>hic</span> <span class='ocrx_word' id='word_1_27' title='bbox 731 525 792 555; x_wconf 89' lang='lat' dir='ltr'>illic</span> <span class='ocrx_word' id='word_1_28' title='bbox 807 524 973 560; x_wconf 82' lang='lat' dir='ltr'>instructa,</span> <span class='ocrx_word' id='word_1_29' title='bbox 989 523 1118 561; x_wconf 86' lang='lat' dir='ltr'>scilicet,</span> 
     </span>
    </p>
   </div>
   <div class='ocr_carea' id='block_1_4' title="bbox 365 583 1232 1298">
    <p class='ocr_par' dir='ltr' id='par_1_4' title="bbox 365 583 1232 1298">
     <span class='ocr_line' id='line_1_7' title="bbox 365 583 1034 628; baseline -0.006 -11"><span class='ocrx_word' id='word_1_30' title='bbox 365 588 392 617; x_wconf 93' lang='lat'>1.</span> <span class='ocrx_word' id='word_1_31' title='bbox 410 587 495 628; x_wconf 79' lang='lat' dir='ltr'>Opus</span> <span class='ocrx_word' id='word_1_32' title='bbox 511 586 550 616; x_wconf 88' lang='lat' dir='ltr'>dc</span> <span class='ocrx_word' id='word_1_33' title='bbox 566 585 666 616; x_wconf 65' lang='lat' dir='ltr'>dicetis</span> <span class='ocrx_word' id='word_1_34' title='bbox 682 583 917 615; x_wconf 85' lang='lat' dir='ltr'>universalibus.</span> <span class='ocrx_word' id='word_1_35' title='bbox 940 583 990 613; x_wconf 86' lang='lat' dir='ltr'>fol.</span> <span class='ocrx_word' id='word_1_36' title='bbox 1009 593 1034 613; x_wconf 88' lang='lat'>1.</span> 
     </span>
     <span class='ocr_line' id='line_1_8' title="bbox 472 633 1228 677; baseline -0.005 -10"><span class='ocrx_word' id='word_1_37' title='bbox 472 637 533 668; x_wconf 87' lang='lat' dir='ltr'>Tit.</span> <span class='ocrx_word' id='word_1_38' title='bbox 560 642 577 653; x_wconf 63' lang='lat'>‘⁵</span> <span class='ocrx_word' id='word_1_39' title='bbox 592 636 707 677; x_wconf 85' lang='lat' dir='ltr'>Incipit</span> <span class='ocrx_word' id='word_1_40' title='bbox 730 635 808 666; x_wconf 83' lang='lat' dir='ltr'>liber</span> <span class='ocrx_word' id='word_1_41' title='bbox 831 635 986 666; x_wconf 84' lang='lat' dir='ltr'>dictarum</span> <span class='ocrx_word' id='word_1_42' title='bbox 1010 633 1228 665; x_wconf 85' lang='lat' dir='ltr'>universalium</span> 
     </span>
     <span class='ocr_line' id='line_1_9' title="bbox 450 687 744 730; baseline -0.007 -11"><span class='ocrx_word' id='word_1_43' title='bbox 450 688 592 730; x_wconf 76' lang='lat' dir='ltr'><strong>magistri</strong></span> <span class='ocrx_word' id='word_1_44' title='bbox 610 687 744 719; x_wconf 75' lang='lat' dir='ltr'>Ysaac.”</span> 
     </span>
     <span class='ocr_line' id='line_1_10' title="bbox 365 746 1075 789; baseline -0.006 -10"><span class='ocrx_word' id='word_1_45' title='bbox 365 750 393 778; x_wconf 69' lang='lat'>⁰2.</span> <span class='ocrx_word' id='word_1_46' title='bbox 411 749 497 789; x_wconf 89' lang='lat' dir='ltr'>Opus</span> <span class='ocrx_word' id='word_1_47' title='bbox 513 748 551 778; x_wconf 89' lang='lat' dir='ltr'>de</span> <span class='ocrx_word' id='word_1_48' title='bbox 567 747 670 778; x_wconf 81' lang='lat' dir='ltr'>diaetis</span> <span class='ocrx_word' id='word_1_49' title='bbox 685 746 934 788; x_wconf 77' lang='lat' dir='ltr'>particularibus.</span> <span class='ocrx_word' id='word_1_50' title='bbox 959 746 1010 776; x_wconf 85' lang='lat' dir='ltr'>fol.</span> <span class='ocrx_word' id='word_1_51' title='bbox 1025 755 1075 784; x_wconf 79' lang='lat'>49.</span> 
     </span>
     <span class='ocr_line' id='line_1_11' title="bbox 471 794 1229 839; baseline -0.005 -11"><span class='ocrx_word' id='word_1_52' title='bbox 471 798 533 829; x_wconf 88' lang='lat' dir='ltr'>Tit.</span> <span class='ocrx_word' id='word_1_53' title='bbox 552 798 742 839; x_wconf 74' lang='lat' dir='ltr'>“Incipiunt</span> <span class='ocrx_word' id='word_1_54' title='bbox 762 797 844 828; x_wconf 86' lang='lat' dir='ltr'>dicte</span> <span class='ocrx_word' id='word_1_55' title='bbox 863 797 1067 839; x_wconf 71' lang='lat' dir='ltr'>particulares</span> <span class='ocrx_word' id='word_1_56' title='bbox 1089 794 1229 836; x_wconf 77' lang='lat' dir='ltr'>magistri</span> 
     </span>
     <span class='ocr_line' id='line_1_12' title="bbox 453 849 587 880; baseline 0.007 -1"><span class='ocrx_word' id='word_1_57' title='bbox 453 849 587 880; x_wconf 79' lang='lat' dir='ltr'>Ysaac.”</span> 
     </span>
     <span class='ocr_line' id='line_1_13' title="bbox 366 908 824 948; baseline -0.004 -9"><span class='ocrx_word' id='word_1_58' title='bbox 366 910 395 939; x_wconf 71' lang='lat'>53.</span> <span class='ocrx_word' id='word_1_59' title='bbox 414 909 508 939; x_wconf 85' lang='lat' dir='ltr'>Liber</span> <span class='ocrx_word' id='word_1_60' title='bbox 523 909 561 939; x_wconf 90' lang='lat' dir='ltr'>de</span> <span class='ocrx_word' id='word_1_61' title='bbox 576 908 681 938; x_wconf 89' lang='lat' dir='ltr'>urinis.</span> <span class='ocrx_word' id='word_1_62' title='bbox 705 908 758 938; x_wconf 82' lang='lat' dir='ltr'>fol.</span> <span class='ocrx_word' id='word_1_63' title='bbox 774 909 824 948; x_wconf 77' lang='lat'>83.</span> 
     </span>
     <span class='ocr_line' id='line_1_14' title="bbox 474 957 1107 1001; baseline -0.006 -10"><span class='ocrx_word' id='word_1_64' title='bbox 474 961 513 991; x_wconf 93' lang='lat' dir='ltr'>In</span> <span class='ocrx_word' id='word_1_65' title='bbox 529 960 622 997; x_wconf 85' lang='lat' dir='ltr'>calce,</span> <span class='ocrx_word' id='word_1_66' title='bbox 640 964 657 977; x_wconf 71' lang='lat'>‘⁴</span> <span class='ocrx_word' id='word_1_67' title='bbox 671 960 852 1001; x_wconf 82' lang='lat' dir='ltr'>Expliciunt</span> <span class='ocrx_word' id='word_1_68' title='bbox 868 959 955 989; x_wconf 88' lang='lat' dir='ltr'>urinc</span> <span class='ocrx_word' id='word_1_69' title='bbox 974 957 1107 988; x_wconf 69' lang='lat' dir='ltr'>Ysaac.”</span> 
     </span>
     <span class='ocr_line' id='line_1_15' title="bbox 474 1009 1231 1052; baseline -0.005 -10"><span class='ocrx_word' id='word_1_70' title='bbox 474 1012 612 1043; x_wconf 78' lang='lat' dir='ltr'>Exstant</span> <span class='ocrx_word' id='word_1_71' title='bbox 625 1012 729 1042; x_wconf 85' lang='lat' dir='ltr'>omnia</span> <span class='ocrx_word' id='word_1_72' title='bbox 744 1011 895 1052; x_wconf 82' lang='lat' dir='ltr'>impressa</span> <span class='ocrx_word' id='word_1_73' title='bbox 910 1010 992 1040; x_wconf 89' lang='lat' dir='ltr'>inter</span> <span class='ocrx_word' id='word_1_74' title='bbox 1008 1009 1109 1040; x_wconf 88' lang='lat' dir='ltr'>Isaaci</span> <span class='ocrx_word' id='word_1_75' title='bbox 1126 1019 1231 1050; x_wconf 80' lang='lat' dir='ltr'>opera,</span> 
     </span>
     <span class='ocr_line' id='line_1_16' title="bbox 452 1061 848 1103; baseline -0.003 -11"><span class='ocrx_word' id='word_1_76' title='bbox 452 1062 526 1093; x_wconf 88' lang='lat' dir='ltr'>edit.</span> <span class='ocrx_word' id='word_1_77' title='bbox 541 1071 631 1103; x_wconf 80' lang='lat'>1515,</span> <span class='ocrx_word' id='word_1_78' title='bbox 647 1061 697 1092; x_wconf 91' lang='lat' dir='ltr'>fol.</span> <span class='ocrx_word' id='word_1_79' title='bbox 715 1072 761 1098; x_wconf 79' lang='lat'>12,</span> <span class='ocrx_word' id='word_1_80' title='bbox 774 1073 848 1102; x_wconf 69' lang='lat' dir='ltr'>seqq.</span> 
     </span>
     <span class='ocr_line' id='line_1_17' title="bbox 475 1109 1231 1154; baseline -0.007 -11"><span class='ocrx_word' id='word_1_81' title='bbox 475 1113 655 1154; x_wconf 77' lang='lat' dir='ltr'>Sequuntur</span> <span class='ocrx_word' id='word_1_82' title='bbox 680 1124 787 1143; x_wconf 80' lang='lat' dir='ltr'>versus</span> <span class='ocrx_word' id='word_1_83' title='bbox 817 1112 954 1142; x_wconf 87' lang='lat' dir='ltr'>nonnulli</span> <span class='ocrx_word' id='word_1_84' title='bbox 978 1112 1016 1142; x_wconf 89' lang='lat' dir='ltr'>de</span> <span class='ocrx_word' id='word_1_85' title='bbox 1044 1109 1231 1152; x_wconf 72' lang='lat' dir='ltr'>ponderibus</span> 
     </span>
     <span class='ocr_line' id='line_1_18' title="bbox 452 1164 774 1205; baseline 0 -11"><span class='ocrx_word' id='word_1_86' title='bbox 452 1164 591 1201; x_wconf 83' lang='lat' dir='ltr'>medicis,</span> <span class='ocrx_word' id='word_1_87' title='bbox 607 1168 665 1195; x_wconf 87' lang='lat' dir='ltr'>etc.</span> <span class='ocrx_word' id='word_1_88' title='bbox 683 1164 774 1205; x_wconf 90' lang='lat' dir='ltr'>incip.</span> 
     </span>
     <span class='ocr_line' id='line_1_19' title="bbox 391 1213 1232 1257; baseline -0.006 -11"><span class='ocrx_word' id='word_1_89' title='bbox 391 1223 407 1232; x_wconf 62' lang='lat'>‘⁵</span> <span class='ocrx_word' id='word_1_90' title='bbox 424 1216 489 1246; x_wconf 86' lang='lat' dir='ltr'>Dat</span> <span class='ocrx_word' id='word_1_91' title='bbox 512 1215 688 1257; x_wconf 90' lang='lat' dir='ltr'>scrupulum</span> <span class='ocrx_word' id='word_1_92' title='bbox 709 1226 820 1246; x_wconf 84' lang='lat' dir='ltr'>numus</span> <span class='ocrx_word' id='word_1_93' title='bbox 841 1214 1001 1256; x_wconf 85' lang='lat' dir='ltr'>scrupulos</span> <span class='ocrx_word' id='word_1_94' title='bbox 1021 1220 1085 1245; x_wconf 87' lang='lat' dir='ltr'>tres</span> <span class='ocrx_word' id='word_1_95' title='bbox 1101 1213 1232 1253; x_wconf 73' lang='lat' dir='ltr'>dragma</span> 
     </span>
     <span class='ocr_line' id='line_1_20' title="bbox 475 1268 647 1298; baseline 0 -1"><span class='ocrx_word' id='word_1_96' title='bbox 475 1268 528 1298; x_wconf 77' lang='lat' dir='ltr'>sed</span> <span class='ocrx_word' id='word_1_97' title='bbox 545 1268 647 1297; x_wconf 79' lang='lat' dir='ltr'>octo.”</span> 
     </span>
    </p>
   </div>
   <div class='ocr_carea' id='block_1_5' title="bbox 350 1359 1234 1586">
    <p class='ocr_par' dir='ltr' id='par_1_5' title="bbox 350 1359 1234 1586">
     <span class='ocr_line' id='line_1_21' title="bbox 691 1359 894 1394; baseline -0.01 0"><span class='ocrx_word' id='word_1_98' title='bbox 691 1359 894 1394; x_wconf 76' lang='lat' dir='ltr'>CCLXIV.</span> 
     </span>
     <span class='ocr_line' id='line_1_22' title="bbox 350 1421 1234 1465; baseline -0.005 -7"><span class='ocrx_word' id='word_1_99' title='bbox 350 1425 652 1465; x_wconf 84' lang='lat' dir='ltr'>Membranaceus,</span> <span class='ocrx_word' id='word_1_100' title='bbox 671 1424 706 1457; x_wconf 89' lang='lat' dir='ltr'>in</span> <span class='ocrx_word' id='word_1_101' title='bbox 725 1426 797 1464; x_wconf 76' lang='lat' dir='ltr'>4to,</span> <span class='ocrx_word' id='word_1_102' title='bbox 818 1423 851 1456; x_wconf 81' lang='lat' dir='ltr'>ff.</span> <span class='ocrx_word' id='word_1_103' title='bbox 866 1422 948 1462; x_wconf 69' lang='lat'>264,</span> <span class='ocrx_word' id='word_1_104' title='bbox 966 1434 1032 1456; x_wconf 79' lang='lat' dir='ltr'>sec.</span> <span class='ocrx_word' id='word_1_105' title='bbox 1046 1423 1126 1461; x_wconf 58' lang='lat' dir='ltr'>xiv„</span> <span class='ocrx_word' id='word_1_106' title='bbox 1146 1421 1234 1454; x_wconf 80' lang='lat' dir='ltr'>binis</span> 
     </span>
     <span class='ocr_line' id='line_1_23' title="bbox 375 1480 1234 1522; baseline -0.005 -6"><span class='ocrx_word' id='word_1_107' title='bbox 375 1483 545 1517; x_wconf 83' lang='lat' dir='ltr'>columnis</span> <span class='ocrx_word' id='word_1_108' title='bbox 557 1486 735 1522; x_wconf 47' lang='lat' dir='ltr'>exaratum</span> <span class='ocrx_word' id='word_1_109' title='bbox 759 1493 801 1515; x_wconf 85' lang='lat' dir='ltr'>ex</span> <span class='ocrx_word' id='word_1_110' title='bbox 819 1481 909 1514; x_wconf 88' lang='lat' dir='ltr'>dono</span> <span class='ocrx_word' id='word_1_111' title='bbox 922 1481 998 1514; x_wconf 86' lang='lat' dir='ltr'>Ric.</span> <span class='ocrx_word' id='word_1_112' title='bbox 1013 1480 1234 1515; x_wconf 80' lang='lat' dir='ltr'>Fitz-James,</span> 
     </span>
     <span class='ocr_line' id='line_1_24' title="bbox 376 1539 1041 1586; baseline -0.006 -11"><span class='ocrx_word' id='word_1_113' title='bbox 376 1553 486 1586; x_wconf 87' lang='lat' dir='ltr'>nuper</span> <span class='ocrx_word' id='word_1_114' title='bbox 500 1541 652 1575; x_wconf 85' lang='lat' dir='ltr'>custodis</span> <span class='ocrx_word' id='word_1_115' title='bbox 671 1540 807 1585; x_wconf 81' lang='lat' dir='ltr'>collegii</span> <span class='ocrx_word' id='word_1_116' title='bbox 827 1540 869 1572; x_wconf 87' lang='lat' dir='ltr'>de.</span> <span class='ocrx_word' id='word_1_117' title='bbox 886 1539 1041 1572; x_wconf 77' lang='lat' dir='ltr'>Mel-ton.</span> 
     </span>
    </p>
   </div>
   <div class='ocr_carea' id='block_1_6' title="bbox 414 1602 1239 2105">
    <p class='ocr_par' dir='ltr' id='par_1_6' title="bbox 414 1602 1237 1748">
     <span class='ocr_line' id='line_1_25' title="bbox 414 1602 1236 1644; baseline -0.005 -9"><span class='ocrx_word' id='word_1_118' title='bbox 414 1605 557 1636; x_wconf 72' lang='lat' dir='ltr'>Gulielmi</span> <span class='ocrx_word' id='word_1_119' title='bbox 571 1604 707 1640; x_wconf 84' lang='lat' dir='ltr'>Peraldi,</span> <span class='ocrx_word' id='word_1_120' title='bbox 719 1603 853 1644; x_wconf 82' lang='lat' dir='ltr'>episcopi</span> <span class='ocrx_word' id='word_1_121' title='bbox 869 1603 1096 1644; x_wconf 41' lang='lat' dir='ltr'>Lugdunensis</span> <span class='ocrx_word' id='word_1_122' title='bbox 1109 1602 1236 1633; x_wconf 82' lang='lat' dir='ltr'>Summa</span> 
     </span>
     <span class='ocr_line' id='line_1_26' title="bbox 435 1653 1237 1695; baseline -0.005 -9"><span class='ocrx_word' id='word_1_123' title='bbox 435 1657 473 1686; x_wconf 88' lang='lat' dir='ltr'>de</span> <span class='ocrx_word' id='word_1_124' title='bbox 497 1655 675 1691; x_wconf 73' lang='lat' dir='ltr'>virtutibus,</span> <span class='ocrx_word' id='word_1_125' title='bbox 702 1655 735 1684; x_wconf 86' lang='lat' dir='ltr'>in</span> <span class='ocrx_word' id='word_1_126' title='bbox 761 1660 868 1694; x_wconf 80' lang='lat' dir='ltr'>partes</span> <span class='ocrx_word' id='word_1_127' title='bbox 893 1654 1028 1695; x_wconf 86' lang='lat' dir='ltr'>quinque</span> <span class='ocrx_word' id='word_1_128' title='bbox 1055 1653 1237 1688; x_wconf 81' lang='lat' dir='ltr'>distributa,</span> 
     </span>
     <span class='ocr_line' id='line_1_27' title="bbox 436 1706 1049 1748; baseline -0.003 -10"><span class='ocrx_word' id='word_1_129' title='bbox 436 1718 505 1738; x_wconf 86' lang='lat' dir='ltr'>cum</span> <span class='ocrx_word' id='word_1_130' title='bbox 522 1707 651 1748; x_wconf 71' lang='lat' dir='ltr'>prologo</span> <span class='ocrx_word' id='word_1_131' title='bbox 667 1710 699 1737; x_wconf 86' lang='lat' dir='ltr'>et</span> <span class='ocrx_word' id='word_1_132' title='bbox 716 1706 831 1736; x_wconf 87' lang='lat' dir='ltr'>tabulis</span> <span class='ocrx_word' id='word_1_133' title='bbox 847 1706 1049 1736; x_wconf 88' lang='lat' dir='ltr'>rubricarum.</span> 
     </span>
    </p>

    <p class='ocr_par' dir='ltr' id='par_1_7' title="bbox 458 1755 1235 1842">
     <span class='ocr_line' id='line_1_28' title="bbox 480 1755 1235 1799; baseline -0.005 -10"><span class='ocrx_word' id='word_1_134' title='bbox 480 1759 542 1790; x_wconf 84' lang='lat' dir='ltr'>Tit.</span> <span class='ocrx_word' id='word_1_135' title='bbox 568 1764 585 1775; x_wconf 68' lang='lat'>⁴·</span> <span class='ocrx_word' id='word_1_136' title='bbox 604 1757 719 1799; x_wconf 79' lang='lat' dir='ltr'>Incipit</span> <span class='ocrx_word' id='word_1_137' title='bbox 744 1762 899 1788; x_wconf 84' lang='lat' dir='ltr'>tractatus</span> <span class='ocrx_word' id='word_1_138' title='bbox 925 1756 1049 1787; x_wconf 83' lang='lat' dir='ltr'>moralis</span> <span class='ocrx_word' id='word_1_139' title='bbox 1074 1756 1112 1786; x_wconf 88' lang='lat' dir='ltr'>de</span> <span class='ocrx_word' id='word_1_140' title='bbox 1139 1755 1235 1786; x_wconf 73' lang='lat' dir='ltr'>virtu-</span> 
     </span>
     <span class='ocr_line' id='line_1_29' title="bbox 458 1811 575 1842; baseline -0.009 0"><span class='ocrx_word' id='word_1_141' title='bbox 458 1811 575 1842; x_wconf 47' lang='lat' dir='ltr'>tibus?</span> 
     </span>
    </p>

    <p class='ocr_par' dir='ltr' id='par_1_8' title="bbox 480 1860 984 1901">
     <span class='ocr_line' id='line_1_30' title="bbox 480 1860 984 1901; baseline -0.008 -8"><span class='ocrx_word' id='word_1_142' title='bbox 480 1862 597 1892; x_wconf 78' lang='lat' dir='ltr'>Exstat</span> <span class='ocrx_word' id='word_1_143' title='bbox 613 1861 753 1901; x_wconf 80' lang='lat' dir='ltr'>inipress.</span> <span class='ocrx_word' id='word_1_144' title='bbox 771 1860 876 1890; x_wconf 80' lang='lat' dir='ltr'>Colon.</span> <span class='ocrx_word' id='word_1_145' title='bbox 896 1869 984 1899; x_wconf 78' lang='lat'>1479.</span> 
     </span>
    </p>

    <p class='ocr_par' dir='ltr' id='par_1_9' title="bbox 459 1910 1239 2105">
     <span class='ocr_line' id='line_1_31' title="bbox 482 1910 1238 1952; baseline -0.004 -9"><span class='ocrx_word' id='word_1_146' title='bbox 482 1913 519 1943; x_wconf 95' lang='lat' dir='ltr'>In</span> <span class='ocrx_word' id='word_1_147' title='bbox 529 1912 621 1948; x_wconf 77' lang='lat' dir='ltr'>calce,</span> <span class='ocrx_word' id='word_1_148' title='bbox 636 1912 735 1942; x_wconf 82' lang='lat' dir='ltr'>Index</span> <span class='ocrx_word' id='word_1_149' title='bbox 748 1911 971 1952; x_wconf 67' lang='lat' dir='ltr'>alphabeticus,</span> <span class='ocrx_word' id='word_1_150' title='bbox 985 1916 1017 1941; x_wconf 86' lang='lat' dir='ltr'>et</span> <span class='ocrx_word' id='word_1_151' title='bbox 1029 1918 1149 1952; x_wconf 79' lang='lat' dir='ltr'>postea,</span> <span class='ocrx_word' id='word_1_152' title='bbox 1163 1910 1238 1940; x_wconf 55' lang='lat' dir='ltr'>“Li-</span> 
     </span>
     <span class='ocr_line' id='line_1_32' title="bbox 459 1961 1239 2003; baseline -0.003 -9"><span class='ocrx_word' id='word_1_153' title='bbox 459 1964 515 1994; x_wconf 84' lang='lat' dir='ltr'>ber</span> <span class='ocrx_word' id='word_1_154' title='bbox 539 1963 584 1993; x_wconf 92' lang='lat' dir='ltr'>M.</span> <span class='ocrx_word' id='word_1_155' title='bbox 598 1963 726 1994; x_wconf 81' lang='lat' dir='ltr'>Ricardi</span> <span class='ocrx_word' id='word_1_156' title='bbox 752 1962 831 2003; x_wconf 84' lang='lat' dir='ltr'>Fytz</span> <span class='ocrx_word' id='word_1_157' title='bbox 847 1962 953 1993; x_wconf 78' lang='lat' dir='ltr'>Jamcs</span> <span class='ocrx_word' id='word_1_158' title='bbox 976 1973 1060 1992; x_wconf 78' lang='lat' dir='ltr'>sacre</span> <span class='ocrx_word' id='word_1_159' title='bbox 1084 1961 1239 2003; x_wconf 81' lang='lat' dir='ltr'>theologie</span> 
     </span>
     <span class='ocr_line' id='line_1_33' title="bbox 460 2014 1238 2057; baseline -0.003 -11"><span class='ocrx_word' id='word_1_160' title='bbox 460 2015 651 2057; x_wconf 61' lang='lat' dir='ltr'>professoris.</span> <span class='ocrx_word' id='word_1_161' title='bbox 663 2018 787 2055; x_wconf 84' lang='lat' dir='ltr'>emptus</span> <span class='ocrx_word' id='word_1_162' title='bbox 803 2025 858 2054; x_wconf 88' lang='lat' dir='ltr'>per</span> <span class='ocrx_word' id='word_1_163' title='bbox 875 2015 1003 2045; x_wconf 74' lang='lat' dir='ltr'>eundem</span> <span class='ocrx_word' id='word_1_164' title='bbox 1024 2024 1058 2055; x_wconf 85' lang='lat'>15</span> <span class='ocrx_word' id='word_1_165' title='bbox 1077 2014 1125 2045; x_wconf 85' lang='lat' dir='ltr'>die</span> <span class='ocrx_word' id='word_1_166' title='bbox 1142 2014 1161 2044; x_wconf 88' lang='lat' dir='ltr'><strong>J</strong></span> <span class='ocrx_word' id='word_1_167' title='bbox 1164 2025 1238 2044; x_wconf 87' lang='lat' dir='ltr'>anu-</span> 
     </span>
     <span class='ocr_line' id='line_1_34' title="bbox 460 2066 881 2105; baseline -0.007 -6"><span class='ocrx_word' id='word_1_168' title='bbox 460 2068 518 2099; x_wconf 88' lang='lat' dir='ltr'>arii</span> <span class='ocrx_word' id='word_1_169' title='bbox 534 2078 616 2099; x_wconf 84' lang='lat' dir='ltr'>anno</span> <span class='ocrx_word' id='word_1_170' title='bbox 632 2066 748 2098; x_wconf 84' lang='lat' dir='ltr'>Christi</span> <span class='ocrx_word' id='word_1_171' title='bbox 771 2066 881 2105; x_wconf 81' lang='lat'>1481.”</span> 
     </span>
    </p>
   </div>
   <div class='ocr_carea' id='block_1_7' title="bbox 356 2173 1238 2327">
    <p class='ocr_par' dir='ltr' id='par_1_10' title="bbox 356 2173 1238 2327">
     <span class='ocr_line' id='line_1_35' title="bbox 710 2173 889 2207; baseline 0.006 -1"><span class='ocrx_word' id='word_1_172' title='bbox 710 2173 889 2207; x_wconf 78' lang='lat' dir='ltr'>CCLXV.</span> 
     </span>
     <span class='ocr_line' id='line_1_36' title="bbox 356 2234 1238 2275; baseline -0.001 -6"><span class='ocrx_word' id='word_1_173' title='bbox 356 2235 656 2273; x_wconf 63' lang='lat' dir='ltr'>lxlfflnbranaeeus,</span> <span class='ocrx_word' id='word_1_174' title='bbox 684 2236 717 2268; x_wconf 89' lang='lat' dir='ltr'>iu</span> <span class='ocrx_word' id='word_1_175' title='bbox 745 2237 817 2275; x_wconf 81' lang='lat' dir='ltr'>4to,</span> <span class='ocrx_word' id='word_1_176' title='bbox 844 2234 877 2268; x_wconf 82' lang='lat' dir='ltr'>ff.</span> <span class='ocrx_word' id='word_1_177' title='bbox 899 2237 978 2274; x_wconf 78' lang='lat'>112,</span> <span class='ocrx_word' id='word_1_178' title='bbox 1004 2246 1070 2268; x_wconf 85' lang='lat' dir='ltr'>sec.</span> <span class='ocrx_word' id='word_1_179' title='bbox 1090 2246 1167 2274; x_wconf 83' lang='lat' dir='ltr'>XV.;</span> <span class='ocrx_word' id='word_1_180' title='bbox 1195 2246 1238 2268; x_wconf 90' lang='lat' dir='ltr'>ex</span> 
     </span>
     <span class='ocr_line' id='line_1_37' title="bbox 381 2286 1215 2327; baseline -0.001 -1"><span class='ocrx_word' id='word_1_181' title='bbox 381 2295 471 2327; x_wconf 88' lang='lat' dir='ltr'>douo</span> <span class='ocrx_word' id='word_1_182' title='bbox 491 2293 544 2326; x_wconf 88' lang='lat' dir='ltr'>M.</span> <span class='ocrx_word' id='word_1_183' title='bbox 559 2293 703 2327; x_wconf 81' lang='lat' dir='ltr'>Thoniae</span> <span class='ocrx_word' id='word_1_184' title='bbox 719 2293 902 2327; x_wconf 85' lang='lat' dir='ltr'>Bloxham.</span> <span class='ocrx_word' id='word_1_185' title='bbox 1208 2286 1215 2293; x_wconf 70' lang='lat'>&#39;</span> 
     </span>
    </p>
   </div>
   <div class='ocr_carea' id='block_1_8' title="bbox 421 2356 1243 2808">
    <p class='ocr_par' dir='ltr' id='par_1_11' title="bbox 421 2356 1239 2501">
     <span class='ocr_line' id='line_1_38' title="bbox 421 2356 1239 2399; baseline -0.001 -11"><span class='ocrx_word' id='word_1_186' title='bbox 421 2357 536 2399; x_wconf 82' lang='lat' dir='ltr'>Rogeri</span> <span class='ocrx_word' id='word_1_187' title='bbox 556 2357 594 2388; x_wconf 84' lang='lat' dir='ltr'>de</span> <span class='ocrx_word' id='word_1_188' title='bbox 611 2357 786 2394; x_wconf 59' lang='lat' dir='ltr'>WValtham,</span> <span class='ocrx_word' id='word_1_189' title='bbox 803 2368 912 2387; x_wconf 88' lang='lat' dir='ltr'>canon.</span> <span class='ocrx_word' id='word_1_190' title='bbox 930 2356 1080 2392; x_wconf 62' lang='lat' dir='ltr'>London.5</span> <span class='ocrx_word' id='word_1_191' title='bbox 1098 2368 1239 2398; x_wconf 86' lang='lat' dir='ltr'>compen-</span> 
     </span>
     <span class='ocr_line' id='line_1_39' title="bbox 441 2408 1239 2449; baseline 0 -10"><span class='ocrx_word' id='word_1_192' title='bbox 441 2410 527 2439; x_wconf 87' lang='lat' dir='ltr'>dium</span> <span class='ocrx_word' id='word_1_193' title='bbox 542 2408 659 2439; x_wconf 89' lang='lat' dir='ltr'>morale</span> <span class='ocrx_word' id='word_1_194' title='bbox 671 2409 709 2439; x_wconf 87' lang='lat' dir='ltr'>de</span> <span class='ocrx_word' id='word_1_195' title='bbox 721 2408 907 2442; x_wconf 81' lang='lat' dir='ltr'>virtutibus;</span> <span class='ocrx_word' id='word_1_196' title='bbox 933 2408 963 2438; x_wconf 91' lang='lat' dir='ltr'>in</span> <span class='ocrx_word' id='word_1_197' title='bbox 976 2408 1080 2449; x_wconf 86' lang='lat' dir='ltr'>capita</span> <span class='ocrx_word' id='word_1_198' title='bbox 1093 2413 1239 2449; x_wconf 82' lang='lat' dir='ltr'>quatuor-</span> 
     </span>
     <span class='ocr_line' id='line_1_40' title="bbox 442 2459 1118 2501; baseline -0.003 -10"><span class='ocrx_word' id='word_1_199' title='bbox 442 2460 542 2491; x_wconf 83' lang='lat' dir='ltr'>decim</span> <span class='ocrx_word' id='word_1_200' title='bbox 555 2459 715 2496; x_wconf 82' lang='lat' dir='ltr'>distincta,</span> <span class='ocrx_word' id='word_1_201' title='bbox 731 2471 800 2490; x_wconf 89' lang='lat' dir='ltr'>cum</span> <span class='ocrx_word' id='word_1_202' title='bbox 816 2459 943 2501; x_wconf 79' lang='lat' dir='ltr'>prologo</span> <span class='ocrx_word' id='word_1_203' title='bbox 955 2472 962 2495; x_wconf 90' lang='lat'>;</span> <span class='ocrx_word' id='word_1_204' title='bbox 987 2459 1118 2501; x_wconf 91' lang='lat' dir='ltr'>[mutil.]</span> 
     </span>
    </p>

    <p class='ocr_par' dir='ltr' id='par_1_12' title="bbox 464 2509 1242 2694">
     <span class='ocr_line' id='line_1_41' title="bbox 485 2509 1240 2551; baseline 0 -12"><span class='ocrx_word' id='word_1_205' title='bbox 485 2510 549 2540; x_wconf 90' lang='lat' dir='ltr'>Tit.</span> <span class='ocrx_word' id='word_1_206' title='bbox 566 2513 586 2527; x_wconf 83' lang='lat'><strong>“</strong></span> <span class='ocrx_word' id='word_1_207' title='bbox 600 2509 752 2550; x_wconf 85' lang='lat' dir='ltr'>Prologus</span> <span class='ocrx_word' id='word_1_208' title='bbox 772 2509 803 2539; x_wconf 92' lang='lat' dir='ltr'>in</span> <span class='ocrx_word' id='word_1_209' title='bbox 819 2509 1035 2551; x_wconf 79' lang='lat' dir='ltr'>compendium</span> <span class='ocrx_word' id='word_1_210' title='bbox 1062 2509 1178 2540; x_wconf 83' lang='lat' dir='ltr'>morale</span> <span class='ocrx_word' id='word_1_211' title='bbox 1202 2509 1240 2539; x_wconf 83' lang='lat' dir='ltr'>dc</span> 
     </span>
     <span class='ocr_line' id='line_1_42' title="bbox 464 2560 1240 2601; baseline -0.003 -9"><span class='ocrx_word' id='word_1_212' title='bbox 464 2561 643 2598; x_wconf 72' lang='lat' dir='ltr'>virtutibus,</span> <span class='ocrx_word' id='word_1_213' title='bbox 659 2560 750 2591; x_wconf 89' lang='lat' dir='ltr'>dictis</span> <span class='ocrx_word' id='word_1_214' title='bbox 772 2564 804 2591; x_wconf 89' lang='lat' dir='ltr'>et</span> <span class='ocrx_word' id='word_1_215' title='bbox 825 2560 926 2597; x_wconf 79' lang='lat' dir='ltr'>sactis,</span> <span class='ocrx_word' id='word_1_216' title='bbox 942 2560 1169 2601; x_wconf 75' lang='lat' dir='ltr'>exemplaribus</span> <span class='ocrx_word' id='word_1_217' title='bbox 1185 2572 1240 2591; x_wconf 87' lang='lat' dir='ltr'>an-</span> 
     </span>
     <span class='ocr_line' id='line_1_43' title="bbox 464 2611 1242 2654; baseline -0.003 -11"><span class='ocrx_word' id='word_1_218' title='bbox 464 2613 623 2653; x_wconf 85' lang='lat' dir='ltr'>tiquorum</span> <span class='ocrx_word' id='word_1_219' title='bbox 638 2611 779 2653; x_wconf 81' lang='lat' dir='ltr'>magistri</span> <span class='ocrx_word' id='word_1_220' title='bbox 792 2612 907 2654; x_wconf 79' lang='lat' dir='ltr'>Rogcri</span> <span class='ocrx_word' id='word_1_221' title='bbox 923 2612 960 2642; x_wconf 90' lang='lat' dir='ltr'>dc</span> <span class='ocrx_word' id='word_1_222' title='bbox 970 2611 1135 2642; x_wconf 55' lang='lat' dir='ltr'>lValtham</span> <span class='ocrx_word' id='word_1_223' title='bbox 1151 2623 1242 2642; x_wconf 89' lang='lat' dir='ltr'>cano-</span> 
     </span>
     <span class='ocr_line' id='line_1_44' title="bbox 465 2663 804 2694; baseline -0.003 0"><span class='ocrx_word' id='word_1_224' title='bbox 465 2664 524 2694; x_wconf 88' lang='lat' dir='ltr'>nici</span> <span class='ocrx_word' id='word_1_225' title='bbox 544 2663 804 2694; x_wconf 55' lang='lat' dir='ltr'>Londonfflrums&#39;</span> 
     </span>
    </p>

    <p class='ocr_par' dir='ltr' id='par_1_13' title="bbox 467 2713 1243 2808">
     <span class='ocr_line' id='line_1_45' title="bbox 488 2713 1243 2756; baseline -0.003 -11"><span class='ocrx_word' id='word_1_226' title='bbox 488 2715 586 2756; x_wconf 90' lang='lat' dir='ltr'>Incip.</span> <span class='ocrx_word' id='word_1_227' title='bbox 617 2720 635 2731; x_wconf 86' lang='lat'>“</span> <span class='ocrx_word' id='word_1_228' title='bbox 653 2714 846 2756; x_wconf 83' lang='lat' dir='ltr'>Sapienciam</span> <span class='ocrx_word' id='word_1_229' title='bbox 873 2714 1072 2755; x_wconf 86' lang='lat' dir='ltr'>antiquorum</span> <span class='ocrx_word' id='word_1_230' title='bbox 1100 2713 1243 2754; x_wconf 73' lang='lat' dir='ltr'>exquiret</span> 
     </span>
     <span class='ocr_line' id='line_1_46' title="bbox 467 2764 1243 2808; baseline -0.004 -11"><span class='ocrx_word' id='word_1_231' title='bbox 467 2765 599 2808; x_wconf 78' lang='lat' dir='ltr'>sapiens,</span> <span class='ocrx_word' id='word_1_232' title='bbox 613 2769 673 2797; x_wconf 87' lang='lat' dir='ltr'>etc.</span> <span class='ocrx_word' id='word_1_233' title='bbox 708 2765 822 2796; x_wconf 88' lang='lat' dir='ltr'>Petrus</span> <span class='ocrx_word' id='word_1_234' title='bbox 838 2764 935 2796; x_wconf 82' lang='lat' dir='ltr'>eciam</span> <span class='ocrx_word' id='word_1_235' title='bbox 951 2765 1099 2796; x_wconf 78' lang='lat' dir='ltr'>diaconus</span> <span class='ocrx_word' id='word_1_236' title='bbox 1114 2764 1145 2794; x_wconf 92' lang='lat' dir='ltr'>in</span> <span class='ocrx_word' id='word_1_237' title='bbox 1161 2764 1243 2805; x_wconf 89' lang='lat' dir='ltr'>prin-</span> 
     </span>
    </p>
   </div>
   <div class='ocr_carea' id='block_1_9' title="bbox 1266 1730 1280 2818">
    <p class='ocr_par' dir='ltr' id='par_1_14' title="bbox 1266 1730 1280 2818">
     <span class='ocr_line' id='line_1_47' title="bbox 1266 1730 1280 2818; baseline 0 0"><span class='ocrx_word' id='word_1_238' title='bbox 1266 1730 1280 2818; x_wconf 95' lang='lat' dir='ltr'> </span> 
     </span>
    </p>
   </div>
   <div class='ocr_carea' id='block_1_10' title="bbox 900 138 1602 174">
    <p class='ocr_par' dir='ltr' id='par_1_15' title="bbox 900 138 1602 174">
     <span class='ocr_line' id='line_1_48' title="bbox 900 138 1602 174; baseline -0.003 0"><span class='ocrx_word' id='word_1_239' title='bbox 900 139 1203 174; x_wconf 87' lang='lat' dir='ltr'><strong>CATALOGUS</strong></span> <span class='ocrx_word' id='word_1_240' title='bbox 1230 139 1465 174; x_wconf 89' lang='lat' dir='ltr'>CODICUM</span> <span class='ocrx_word' id='word_1_241' title='bbox 1494 138 1602 173; x_wconf 79' lang='lat' dir='ltr'>MSS.</span> 
     </span>
    </p>
   </div>
   <div class='ocr_carea' id='block_1_11' title="bbox 1384 236 2166 635">
    <p class='ocr_par' dir='ltr' id='par_1_16' title="bbox 1384 236 2161 330">
     <span class='ocr_line' id='line_1_49' title="bbox 1384 236 2161 279; baseline 0.001 -11"><span class='ocrx_word' id='word_1_242' title='bbox 1384 238 1463 279; x_wconf 88' lang='lat' dir='ltr'>cipio</span> <span class='ocrx_word' id='word_1_243' title='bbox 1491 237 1583 279; x_wconf 87' lang='lat' dir='ltr'>primi</span> <span class='ocrx_word' id='word_1_244' title='bbox 1612 236 1684 267; x_wconf 85' lang='lat' dir='ltr'>libri</span> <span class='ocrx_word' id='word_1_245' title='bbox 1713 236 1907 278; x_wconf 85' lang='lat' dir='ltr'>dialogorum</span> <span class='ocrx_word' id='word_1_246' title='bbox 1937 242 2047 279; x_wconf 87' lang='lat' dir='ltr'>petens</span> <span class='ocrx_word' id='word_1_247' title='bbox 2075 250 2093 269; x_wconf 86' lang='lat' dir='ltr'>a</span> <span class='ocrx_word' id='word_1_248' title='bbox 2125 238 2161 269; x_wconf 89' lang='lat' dir='ltr'>B.</span> 
     </span>
     <span class='ocr_line' id='line_1_50' title="bbox 1387 288 1569 330; baseline -0.011 -10"><span class='ocrx_word' id='word_1_249' title='bbox 1387 288 1569 330; x_wconf 71' lang='lat' dir='ltr'>Gregorio.&#39;&#39;</span> 
     </span>
    </p>

    <p class='ocr_par' dir='ltr' id='par_1_17' title="bbox 1386 338 2166 575">
     <span class='ocr_line' id='line_1_51' title="bbox 1408 338 2164 380; baseline -0.001 -10"><span class='ocrx_word' id='word_1_250' title='bbox 1408 339 1524 370; x_wconf 89' lang='lat' dir='ltr'>Deficit</span> <span class='ocrx_word' id='word_1_251' title='bbox 1540 349 1636 380; x_wconf 83' lang='lat' dir='ltr'>prope</span> <span class='ocrx_word' id='word_1_252' title='bbox 1652 338 1692 369; x_wconf 87' lang='lat' dir='ltr'>ad</span> <span class='ocrx_word' id='word_1_253' title='bbox 1714 338 1836 369; x_wconf 89' lang='lat' dir='ltr'>initium</span> <span class='ocrx_word' id='word_1_254' title='bbox 1852 349 1920 379; x_wconf 85' lang='lat' dir='ltr'>cap.</span> <span class='ocrx_word' id='word_1_255' title='bbox 1933 338 1994 369; x_wconf 86' lang='lat' dir='ltr'>viii.</span> <span class='ocrx_word' id='word_1_256' title='bbox 2012 339 2074 379; x_wconf 91' lang='lat' dir='ltr'>(cui</span> <span class='ocrx_word' id='word_1_257' title='bbox 2090 339 2164 370; x_wconf 89' lang='lat' dir='ltr'>titu-</span> 
     </span>
     <span class='ocr_line' id='line_1_52' title="bbox 1386 389 2165 432; baseline -0.001 -11"><span class='ocrx_word' id='word_1_258' title='bbox 1386 391 1444 427; x_wconf 88' lang='lat' dir='ltr'>lus,</span> <span class='ocrx_word' id='word_1_259' title='bbox 1460 390 1536 432; x_wconf 38' lang='lat' dir='ltr'>“&#39;De</span> <span class='ocrx_word' id='word_1_260' title='bbox 1554 400 1587 421; x_wconf 77' lang='lat'>12</span> <span class='ocrx_word' id='word_1_261' title='bbox 1601 389 1802 420; x_wconf 82' lang='lat' dir='ltr'>abusionibus</span> <span class='ocrx_word' id='word_1_262' title='bbox 1817 393 1849 420; x_wconf 92' lang='lat' dir='ltr'>et</span> <span class='ocrx_word' id='word_1_263' title='bbox 1865 389 1999 431; x_wconf 89' lang='lat' dir='ltr'>qualiter</span> <span class='ocrx_word' id='word_1_264' title='bbox 2013 390 2165 431; x_wconf 81' lang='lat' dir='ltr'>princeps,</span> 
     </span>
     <span class='ocr_line' id='line_1_53' title="bbox 1387 441 2166 483; baseline 0 -11"><span class='ocrx_word' id='word_1_265' title='bbox 1387 442 1479 473; x_wconf 89' lang='lat' dir='ltr'>fidem</span> <span class='ocrx_word' id='word_1_266' title='bbox 1495 442 1579 472; x_wconf 86' lang='lat' dir='ltr'>hosti</span> <span class='ocrx_word' id='word_1_267' title='bbox 1592 452 1726 478; x_wconf 82' lang='lat' dir='ltr'>servare,</span> <span class='ocrx_word' id='word_1_268' title='bbox 1736 441 1897 482; x_wconf 87' lang='lat' dir='ltr'>perfidiam</span> <span class='ocrx_word' id='word_1_269' title='bbox 1910 441 2010 472; x_wconf 86' lang='lat' dir='ltr'>hostis</span> <span class='ocrx_word' id='word_1_270' title='bbox 2022 452 2166 483; x_wconf 84' lang='lat' dir='ltr'>spernere</span> 
     </span>
     <span class='ocr_line' id='line_1_54' title="bbox 1387 492 2164 533; baseline -0.003 -9"><span class='ocrx_word' id='word_1_271' title='bbox 1387 497 1419 524; x_wconf 87' lang='lat' dir='ltr'>et</span> <span class='ocrx_word' id='word_1_272' title='bbox 1435 492 1525 523; x_wconf 84' lang='lat' dir='ltr'>victis</span> <span class='ocrx_word' id='word_1_273' title='bbox 1549 503 1675 533; x_wconf 83' lang='lat' dir='ltr'>parcere</span> <span class='ocrx_word' id='word_1_274' title='bbox 1699 492 1812 522; x_wconf 84' lang='lat' dir='ltr'>debeat</span> <span class='ocrx_word' id='word_1_275' title='bbox 1823 492 1866 531; x_wconf 70' lang='grc'>;”)</span> <span class='ocrx_word' id='word_1_276' title='bbox 1890 492 1922 522; x_wconf 89' lang='lat' dir='ltr'>in</span> <span class='ocrx_word' id='word_1_277' title='bbox 1937 492 2038 522; x_wconf 88' lang='lat' dir='ltr'>verbis</span> <span class='ocrx_word' id='word_1_278' title='bbox 2055 496 2073 508; x_wconf 86' lang='grc'>“</span> <span class='ocrx_word' id='word_1_279' title='bbox 2085 503 2164 522; x_wconf 86' lang='lat' dir='ltr'>mes-</span> 
     </span>
     <span class='ocr_line' id='line_1_55' title="bbox 1388 542 1913 575; baseline -0.004 0"><span class='ocrx_word' id='word_1_280' title='bbox 1388 544 1515 575; x_wconf 88' lang='lat' dir='ltr'>tissimis</span> <span class='ocrx_word' id='word_1_281' title='bbox 1531 543 1624 573; x_wconf 87' lang='lat' dir='ltr'>lecior</span> <span class='ocrx_word' id='word_1_282' title='bbox 1640 542 1913 573; x_wconf 77' lang='lat' dir='ltr'>effrenatissimis.”</span> 
     </span>
    </p>

    <p class='ocr_par' dir='ltr' id='par_1_18' title="bbox 1411 592 2165 635">
     <span class='ocr_line' id='line_1_56' title="bbox 1411 592 2165 635; baseline -0.003 -10"><span class='ocrx_word' id='word_1_283' title='bbox 1411 594 1567 625; x_wconf 81' lang='lat' dir='ltr'>Praecedit</span> <span class='ocrx_word' id='word_1_284' title='bbox 1583 594 1692 625; x_wconf 87' lang='lat' dir='ltr'>tabula</span> <span class='ocrx_word' id='word_1_285' title='bbox 1708 593 1916 635; x_wconf 87' lang='lat' dir='ltr'>capitulorum</span> <span class='ocrx_word' id='word_1_286' title='bbox 1932 593 2031 624; x_wconf 90' lang='lat' dir='ltr'>totius</span> <span class='ocrx_word' id='word_1_287' title='bbox 2054 592 2165 634; x_wconf 84' lang='lat' dir='ltr'>operis.</span> 
     </span>
    </p>
   </div>
   <div class='ocr_carea' id='block_1_12' title="bbox 1623 705 1827 739">
    <p class='ocr_par' dir='ltr' id='par_1_19' title="bbox 1623 705 1827 739">
     <span class='ocr_line' id='line_1_57' title="bbox 1623 705 1827 739; baseline -0.005 0"><span class='ocrx_word' id='word_1_288' title='bbox 1623 705 1827 739; x_wconf 88' lang='lat' dir='ltr'>CCLXVI.</span> 
     </span>
    </p>
   </div>
   <div class='ocr_carea' id='block_1_13' title="bbox 1284 767 2168 860">
    <p class='ocr_par' dir='ltr' id='par_1_20' title="bbox 1284 767 2168 860">
     <span class='ocr_line' id='line_1_58' title="bbox 1284 767 2168 807; baseline -0.002 -5"><span class='ocrx_word' id='word_1_289' title='bbox 1284 769 1405 803; x_wconf 80' lang='lat' dir='ltr'>Codex</span> <span class='ocrx_word' id='word_1_290' title='bbox 1421 768 1716 806; x_wconf 83' lang='lat' dir='ltr'>membranaceus,</span> <span class='ocrx_word' id='word_1_291' title='bbox 1732 767 1766 800; x_wconf 91' lang='lat' dir='ltr'>in</span> <span class='ocrx_word' id='word_1_292' title='bbox 1779 769 1852 806; x_wconf 82' lang='lat' dir='ltr'>4to,</span> <span class='ocrx_word' id='word_1_293' title='bbox 1864 767 1897 800; x_wconf 84' lang='lat' dir='ltr'>ff.</span> <span class='ocrx_word' id='word_1_294' title='bbox 1911 770 1992 806; x_wconf 77' lang='lat'><strong>289,</strong></span> <span class='ocrx_word' id='word_1_295' title='bbox 2005 778 2071 801; x_wconf 83' lang='lat' dir='ltr'>sec.</span> <span class='ocrx_word' id='word_1_296' title='bbox 2083 767 2168 807; x_wconf 89' lang='lat' dir='ltr'>xiv.;</span> 
     </span>
     <span class='ocr_line' id='line_1_59' title="bbox 1309 825 1774 860; baseline -0.004 0"><span class='ocrx_word' id='word_1_297' title='bbox 1309 827 1397 860; x_wconf 88' lang='lat' dir='ltr'>binis</span> <span class='ocrx_word' id='word_1_298' title='bbox 1416 825 1585 859; x_wconf 76' lang='lat' dir='ltr'>columnis</span> <span class='ocrx_word' id='word_1_299' title='bbox 1604 830 1774 858; x_wconf 83' lang='lat' dir='ltr'>exaratus.</span> 
     </span>
    </p>
   </div>
   <div class='ocr_carea' id='block_1_14' title="bbox 1308 888 2180 2016">
    <p class='ocr_par' dir='ltr' id='par_1_21' title="bbox 1328 888 2169 982">
     <span class='ocr_line' id='line_1_60' title="bbox 1328 888 2169 920; baseline -0.002 0"><span class='ocrx_word' id='word_1_300' title='bbox 1328 891 1355 920; x_wconf 90' lang='lat'>1.</span> <span class='ocrx_word' id='word_1_301' title='bbox 1374 890 1543 920; x_wconf 79' lang='lat' dir='ltr'>Decretum</span> <span class='ocrx_word' id='word_1_302' title='bbox 1561 888 1708 919; x_wconf 79' lang='lat' dir='ltr'>Gratiani</span> <span class='ocrx_word' id='word_1_303' title='bbox 1725 899 1795 919; x_wconf 87' lang='lat' dir='ltr'>eum</span> <span class='ocrx_word' id='word_1_304' title='bbox 1811 888 1830 919; x_wconf 94' lang='lat' dir='ltr'><strong>J</strong></span> <span class='ocrx_word' id='word_1_305' title='bbox 1834 888 1965 919; x_wconf 89' lang='lat' dir='ltr'>ohannis</span> <span class='ocrx_word' id='word_1_306' title='bbox 1981 888 2019 919; x_wconf 84' lang='lat' dir='ltr'>de</span> <span class='ocrx_word' id='word_1_307' title='bbox 2032 888 2169 919; x_wconf 89' lang='lat' dir='ltr'>Cadomo</span> 
     </span>
     <span class='ocr_line' id='line_1_61' title="bbox 1390 939 1787 982; baseline 0 -12"><span class='ocrx_word' id='word_1_308' title='bbox 1390 940 1494 982; x_wconf 82' lang='lat' dir='ltr'>glossa</span> <span class='ocrx_word' id='word_1_309' title='bbox 1511 939 1667 970; x_wconf 85' lang='lat' dir='ltr'>continua.</span> <span class='ocrx_word' id='word_1_310' title='bbox 1692 940 1743 970; x_wconf 84' lang='lat' dir='ltr'>sol.</span> <span class='ocrx_word' id='word_1_311' title='bbox 1761 951 1787 970; x_wconf 91' lang='lat'>1.</span> 
     </span>
    </p>

    <p class='ocr_par' dir='ltr' id='par_1_22' title="bbox 1409 990 2172 1136">
     <span class='ocr_line' id='line_1_62' title="bbox 1434 990 2172 1032; baseline 0 -11"><span class='ocrx_word' id='word_1_312' title='bbox 1434 990 1532 1032; x_wconf 89' lang='lat' dir='ltr'>Incip.</span> <span class='ocrx_word' id='word_1_313' title='bbox 1549 990 1643 1031; x_wconf 85' lang='lat' dir='ltr'>gloss.</span> <span class='ocrx_word' id='word_1_314' title='bbox 1665 994 1684 1007; x_wconf 90' lang='lat'><strong>“</strong></span> <span class='ocrx_word' id='word_1_315' title='bbox 1700 990 1882 1021; x_wconf 86' lang='lat' dir='ltr'>Humanum</span> <span class='ocrx_word' id='word_1_316' title='bbox 1903 1002 2019 1032; x_wconf 83' lang='lat' dir='ltr'>genus;</span> <span class='ocrx_word' id='word_1_317' title='bbox 2043 990 2172 1021; x_wconf 83' lang='lat' dir='ltr'>Tracta-</span> 
     </span>
     <span class='ocr_line' id='line_1_63' title="bbox 1412 1042 2172 1084; baseline -0.001 -11"><span class='ocrx_word' id='word_1_318' title='bbox 1412 1048 1502 1074; x_wconf 92' lang='lat' dir='ltr'>turus</span> <span class='ocrx_word' id='word_1_319' title='bbox 1519 1043 1691 1073; x_wconf 82' lang='lat' dir='ltr'>Gratianus</span> <span class='ocrx_word' id='word_1_320' title='bbox 1707 1043 1745 1073; x_wconf 92' lang='lat' dir='ltr'>dc</span> <span class='ocrx_word' id='word_1_321' title='bbox 1755 1042 1827 1084; x_wconf 86' lang='lat' dir='ltr'>jure</span> <span class='ocrx_word' id='word_1_322' title='bbox 1840 1042 1987 1073; x_wconf 89' lang='lat' dir='ltr'>canonico</span> <span class='ocrx_word' id='word_1_323' title='bbox 2003 1054 2022 1073; x_wconf 87' lang='lat' dir='ltr'>a</span> <span class='ocrx_word' id='word_1_324' title='bbox 2037 1042 2172 1073; x_wconf 88' lang='lat' dir='ltr'>naturali</span> 
     </span>
     <span class='ocr_line' id='line_1_64' title="bbox 1409 1094 1762 1136; baseline -0.003 -11"><span class='ocrx_word' id='word_1_325' title='bbox 1409 1095 1480 1136; x_wconf 84' lang='lat' dir='ltr'>jure</span> <span class='ocrx_word' id='word_1_326' title='bbox 1496 1105 1558 1125; x_wconf 90' lang='lat' dir='ltr'>non</span> <span class='ocrx_word' id='word_1_327' title='bbox 1574 1094 1762 1124; x_wconf 80' lang='lat' dir='ltr'>discordat.”</span> 
     </span>
    </p>

    <p class='ocr_par' dir='ltr' id='par_1_23' title="bbox 1413 1144 2175 1291">
     <span class='ocr_line' id='line_1_65' title="bbox 1436 1144 2174 1186; baseline -0.003 -10"><span class='ocrx_word' id='word_1_328' title='bbox 1436 1146 1474 1176; x_wconf 89' lang='lat' dir='ltr'>In</span> <span class='ocrx_word' id='word_1_329' title='bbox 1492 1146 1586 1181; x_wconf 82' lang='lat' dir='ltr'>calce,</span> <span class='ocrx_word' id='word_1_330' title='bbox 1604 1150 1624 1163; x_wconf 87' lang='lat'><strong>“</strong></span> <span class='ocrx_word' id='word_1_331' title='bbox 1639 1145 1776 1186; x_wconf 88' lang='lat' dir='ltr'>Explicit</span> <span class='ocrx_word' id='word_1_332' title='bbox 1799 1148 1956 1176; x_wconf 86' lang='lat' dir='ltr'>tractatus</span> <span class='ocrx_word' id='word_1_333' title='bbox 1978 1144 2174 1175; x_wconf 83' lang='lat' dir='ltr'>decretorum</span> 
     </span>
     <span class='ocr_line' id='line_1_66' title="bbox 1414 1196 2175 1239; baseline -0.001 -12"><span class='ocrx_word' id='word_1_334' title='bbox 1414 1209 1469 1239; x_wconf 78' lang='lat' dir='ltr'>per</span> <span class='ocrx_word' id='word_1_335' title='bbox 1488 1197 1673 1238; x_wconf 76' lang='lat' dir='ltr'>magistrum</span> <span class='ocrx_word' id='word_1_336' title='bbox 1690 1196 1711 1226; x_wconf 89' lang='lat' dir='ltr'><strong>J</strong></span> <span class='ocrx_word' id='word_1_337' title='bbox 1714 1196 1869 1227; x_wconf 87' lang='lat' dir='ltr'>ohannem</span> <span class='ocrx_word' id='word_1_338' title='bbox 1885 1196 1923 1226; x_wconf 88' lang='lat' dir='ltr'>de</span> <span class='ocrx_word' id='word_1_339' title='bbox 1940 1196 2078 1227; x_wconf 87' lang='lat' dir='ltr'>Cadomo</span> <span class='ocrx_word' id='word_1_340' title='bbox 2094 1206 2175 1226; x_wconf 89' lang='lat' dir='ltr'>com-</span> 
     </span>
     <span class='ocr_line' id='line_1_67' title="bbox 1413 1249 1558 1291; baseline 0.014 -13"><span class='ocrx_word' id='word_1_341' title='bbox 1413 1249 1558 1291; x_wconf 55' lang='lat' dir='ltr'>pilatusf&#39;</span> 
     </span>
    </p>

    <p class='ocr_par' dir='ltr' id='par_1_24' title="bbox 1416 1299 2176 1496">
     <span class='ocr_line' id='line_1_68' title="bbox 1437 1299 2176 1342; baseline -0.001 -11"><span class='ocrx_word' id='word_1_342' title='bbox 1437 1301 1585 1342; x_wconf 84' lang='lat' dir='ltr'>Sequitur</span> <span class='ocrx_word' id='word_1_343' title='bbox 1601 1300 1810 1340; x_wconf 81' lang='lat' dir='ltr'>fragmentum</span> <span class='ocrx_word' id='word_1_344' title='bbox 1835 1299 2042 1330; x_wconf 88' lang='lat' dir='ltr'>Decretorum</span> <span class='ocrx_word' id='word_1_345' title='bbox 2059 1299 2120 1330; x_wconf 88' lang='lat' dir='ltr'>Tit.</span> <span class='ocrx_word' id='word_1_346' title='bbox 2138 1300 2176 1330; x_wconf 88' lang='lat' dir='ltr'>de</span> 
     </span>
     <span class='ocr_line' id='line_1_69' title="bbox 1416 1351 2175 1392; baseline -0.003 -9"><span class='ocrx_word' id='word_1_347' title='bbox 1416 1351 1669 1388; x_wconf 78' lang='lat' dir='ltr'>Consecratione‚</span> <span class='ocrx_word' id='word_1_348' title='bbox 1681 1357 1713 1382; x_wconf 90' lang='lat' dir='ltr'>et</span> <span class='ocrx_word' id='word_1_349' title='bbox 1730 1351 1860 1392; x_wconf 89' lang='lat' dir='ltr'>posthac</span> <span class='ocrx_word' id='word_1_350' title='bbox 1872 1362 1965 1381; x_wconf 85' lang='lat' dir='ltr'>manu</span> <span class='ocrx_word' id='word_1_351' title='bbox 1978 1351 2078 1381; x_wconf 81' lang='lat' dir='ltr'>altera</span> <span class='ocrx_word' id='word_1_352' title='bbox 2094 1362 2175 1381; x_wconf 89' lang='lat' dir='ltr'>sum-</span> 
     </span>
     <span class='ocr_line' id='line_1_70' title="bbox 1418 1402 2174 1444; baseline 0 -11"><span class='ocrx_word' id='word_1_353' title='bbox 1418 1414 1538 1434; x_wconf 88' lang='lat' dir='ltr'>marum</span> <span class='ocrx_word' id='word_1_354' title='bbox 1553 1403 1778 1434; x_wconf 85' lang='lat' dir='ltr'>sententiarum</span> <span class='ocrx_word' id='word_1_355' title='bbox 1794 1402 1890 1439; x_wconf 73' lang='lat' dir='ltr'>lib.1.‚</span> <span class='ocrx_word' id='word_1_356' title='bbox 1902 1402 2018 1444; x_wconf 83' lang='lat' dir='ltr'>partim</span> <span class='ocrx_word' id='word_1_357' title='bbox 2033 1403 2174 1439; x_wconf 86' lang='lat' dir='ltr'>metrice,</span> 
     </span>
     <span class='ocr_line' id='line_1_71' title="bbox 1418 1455 1509 1496; baseline -0.011 -11"><span class='ocrx_word' id='word_1_358' title='bbox 1418 1455 1509 1496; x_wconf 87' lang='lat' dir='ltr'>incip.</span> 
     </span>
    </p>

    <p class='ocr_par' dir='ltr' id='par_1_25' title="bbox 1348 1505 2177 1547">
     <span class='ocr_line' id='line_1_72' title="bbox 1348 1505 2177 1547; baseline -0.001 -10"><span class='ocrx_word' id='word_1_359' title='bbox 1348 1511 1365 1524; x_wconf 74' lang='lat'>‘⁴</span> <span class='ocrx_word' id='word_1_360' title='bbox 1380 1507 1419 1537; x_wconf 92' lang='lat' dir='ltr'>A.</span> <span class='ocrx_word' id='word_1_361' title='bbox 1436 1518 1485 1537; x_wconf 87' lang='lat' dir='ltr'>res</span> <span class='ocrx_word' id='word_1_362' title='bbox 1501 1511 1533 1537; x_wconf 86' lang='lat' dir='ltr'>et</span> <span class='ocrx_word' id='word_1_363' title='bbox 1549 1506 1671 1547; x_wconf 81' lang='lat' dir='ltr'>signum</span> <span class='ocrx_word' id='word_1_364' title='bbox 1687 1510 1759 1536; x_wconf 87' lang='lat' dir='ltr'>sunt</span> <span class='ocrx_word' id='word_1_365' title='bbox 1776 1505 1917 1536; x_wconf 86' lang='lat' dir='ltr'>doctrine</span> <span class='ocrx_word' id='word_1_366' title='bbox 1933 1506 1994 1536; x_wconf 87' lang='lat' dir='ltr'>(luo</span> <span class='ocrx_word' id='word_1_367' title='bbox 2010 1505 2177 1536; x_wconf 77' lang='lat' dir='ltr'>membra.”</span> 
     </span>
    </p>

    <p class='ocr_par' dir='ltr' id='par_1_26' title="bbox 1333 1564 2178 1707">
     <span class='ocr_line' id='line_1_73' title="bbox 1333 1564 2178 1606; baseline 0 -11"><span class='ocrx_word' id='word_1_368' title='bbox 1333 1567 1362 1596; x_wconf 71' lang='grc' dir='ltr'>Ω.</span> <span class='ocrx_word' id='word_1_369' title='bbox 1380 1564 1591 1595; x_wconf 74' lang='lat' dir='ltr'>De&#39;cretalium</span> <span class='ocrx_word' id='word_1_370' title='bbox 1605 1564 1746 1605; x_wconf 81' lang='lat' dir='ltr'>Gregorii</span> <span class='ocrx_word' id='word_1_371' title='bbox 1760 1576 1848 1606; x_wconf 82' lang='lat' dir='ltr'>papae</span> <span class='ocrx_word' id='word_1_372' title='bbox 1862 1564 1927 1595; x_wconf 85' lang='lat' dir='ltr'>IX.</span> <span class='ocrx_word' id='word_1_373' title='bbox 1942 1564 2057 1595; x_wconf 84' lang='lat' dir='ltr'>tabulae</span> <span class='ocrx_word' id='word_1_374' title='bbox 2073 1565 2178 1606; x_wconf 78' lang='lat' dir='ltr'>alpha-</span> 
     </span>
     <span class='ocr_line' id='line_1_74' title="bbox 1397 1615 2178 1656; baseline -0.001 -10"><span class='ocrx_word' id='word_1_375' title='bbox 1397 1616 1517 1653; x_wconf 74' lang='lat' dir='ltr'>beticae,</span> <span class='ocrx_word' id='word_1_376' title='bbox 1534 1615 1689 1646; x_wconf 85' lang='lat' dir='ltr'>indicibus</span> <span class='ocrx_word' id='word_1_377' title='bbox 1710 1615 1904 1646; x_wconf 89' lang='lat' dir='ltr'>rubricarum</span> <span class='ocrx_word' id='word_1_378' title='bbox 1919 1619 1952 1645; x_wconf 88' lang='lat' dir='ltr'>et</span> <span class='ocrx_word' id='word_1_379' title='bbox 1968 1625 2076 1645; x_wconf 87' lang='lat' dir='ltr'>vocum</span> <span class='ocrx_word' id='word_1_380' title='bbox 2095 1618 2178 1656; x_wconf 90' lang='lat' dir='ltr'>post-</span> 
     </span>
     <span class='ocr_line' id='line_1_75' title="bbox 1398 1666 1686 1707; baseline -0.003 -10"><span class='ocrx_word' id='word_1_381' title='bbox 1398 1667 1525 1698; x_wconf 86' lang='lat' dir='ltr'>habitis.</span> <span class='ocrx_word' id='word_1_382' title='bbox 1549 1666 1600 1697; x_wconf 83' lang='lat' dir='ltr'>fol.</span> <span class='ocrx_word' id='word_1_383' title='bbox 1619 1676 1686 1707; x_wconf 77' lang='lat'>13¹·</span> 
     </span>
    </p>

    <p class='ocr_par' dir='ltr' id='par_1_27' title="bbox 1421 1717 2179 1810">
     <span class='ocr_line' id='line_1_76' title="bbox 1444 1717 2179 1759; baseline -0.001 -11"><span class='ocrx_word' id='word_1_384' title='bbox 1444 1717 1543 1759; x_wconf 87' lang='lat' dir='ltr'>Incip.</span> <span class='ocrx_word' id='word_1_385' title='bbox 1560 1722 1580 1735; x_wconf 77' lang='lat'>‘⁶</span> <span class='ocrx_word' id='word_1_386' title='bbox 1595 1718 1739 1748; x_wconf 86' lang='lat' dir='ltr'>Abbatcs</span> <span class='ocrx_word' id='word_1_387' title='bbox 1755 1728 1816 1747; x_wconf 87' lang='lat' dir='ltr'>non</span> <span class='ocrx_word' id='word_1_388' title='bbox 1832 1721 2009 1754; x_wconf 76' lang='lat' dir='ltr'>exerceant,</span> <span class='ocrx_word' id='word_1_389' title='bbox 2027 1728 2086 1758; x_wconf 87' lang='lat' dir='ltr'>que</span> <span class='ocrx_word' id='word_1_390' title='bbox 2109 1722 2179 1748; x_wconf 88' lang='lat' dir='ltr'>sunt</span> 
     </span>
     <span class='ocr_line' id='line_1_77' title="bbox 1421 1767 2061 1810; baseline -0.002 -11"><span class='ocrx_word' id='word_1_391' title='bbox 1421 1769 1604 1810; x_wconf 86' lang='lat' dir='ltr'>episcopalis</span> <span class='ocrx_word' id='word_1_392' title='bbox 1620 1769 1783 1810; x_wconf 76' lang='lat' dir='ltr'>dignitatis</span> <span class='ocrx_word' id='word_1_393' title='bbox 1800 1780 1826 1799; x_wconf 90' lang='lat' dir='ltr'>v.</span> <span class='ocrx_word' id='word_1_394' title='bbox 1842 1768 1926 1798; x_wconf 87' lang='lat' dir='ltr'>xxxi.</span> <span class='ocrx_word' id='word_1_395' title='bbox 1943 1768 1993 1798; x_wconf 78' lang='lat' dir='ltr'>xii.</span> <span class='ocrx_word' id='word_1_396' title='bbox 2008 1767 2061 1799; x_wconf 76' lang='lat' dir='ltr'>C.”</span> 
     </span>
    </p>

    <p class='ocr_par' dir='ltr' id='par_1_28' title="bbox 1444 1819 2179 1861">
     <span class='ocr_line' id='line_1_78' title="bbox 1444 1819 2179 1861; baseline -0.003 -10"><span class='ocrx_word' id='word_1_397' title='bbox 1444 1820 1480 1850; x_wconf 91' lang='lat' dir='ltr'>In</span> <span class='ocrx_word' id='word_1_398' title='bbox 1495 1820 1587 1857; x_wconf 77' lang='lat' dir='ltr'>calce,</span> <span class='ocrx_word' id='word_1_399' title='bbox 1605 1826 1623 1836; x_wconf 70' lang='lat'>⁴·</span> <span class='ocrx_word' id='word_1_400' title='bbox 1637 1820 1818 1861; x_wconf 87' lang='lat' dir='ltr'>Expliciunt</span> <span class='ocrx_word' id='word_1_401' title='bbox 1830 1820 1936 1850; x_wconf 85' lang='lat' dir='ltr'>tabule</span> <span class='ocrx_word' id='word_1_402' title='bbox 1949 1819 2179 1850; x_wconf 70' lang='lat' dir='ltr'>(lecretalium.”</span> 
     </span>
    </p>

    <p class='ocr_par' dir='ltr' id='par_1_29' title="bbox 1422 1870 2179 1964">
     <span class='ocr_line' id='line_1_79' title="bbox 1443 1870 2179 1912; baseline -0.001 -11"><span class='ocrx_word' id='word_1_403' title='bbox 1443 1871 1623 1912; x_wconf 81' lang='lat' dir='ltr'>Sequuntur</span> <span class='ocrx_word' id='word_1_404' title='bbox 1630 1882 1723 1902; x_wconf 84' lang='lat' dir='ltr'>manu</span> <span class='ocrx_word' id='word_1_405' title='bbox 1730 1871 1830 1902; x_wconf 84' lang='lat' dir='ltr'>altera</span> <span class='ocrx_word' id='word_1_406' title='bbox 1838 1882 1943 1902; x_wconf 87' lang='lat' dir='ltr'>versus</span> <span class='ocrx_word' id='word_1_407' title='bbox 1953 1871 2065 1902; x_wconf 88' lang='lat' dir='ltr'>leonini</span> <span class='ocrx_word' id='word_1_408' title='bbox 2077 1870 2179 1912; x_wconf 76' lang='lat' dir='ltr'>plures</span> 
     </span>
     <span class='ocr_line' id='line_1_80' title="bbox 1422 1923 1723 1964; baseline -0.003 -10"><span class='ocrx_word' id='word_1_409' title='bbox 1422 1923 1615 1960; x_wconf 83' lang='lat' dir='ltr'>sententiosi‚</span> <span class='ocrx_word' id='word_1_410' title='bbox 1632 1923 1723 1964; x_wconf 89' lang='lat' dir='ltr'>incip.</span> 
     </span>
    </p>

    <p class='ocr_par' dir='ltr' id='par_1_30' title="bbox 1308 1973 2180 2016">
     <span class='ocr_line' id='line_1_81' title="bbox 1308 1973 2180 2016; baseline -0.002 -11"><span class='ocrx_word' id='word_1_411' title='bbox 1308 1980 1325 1992; x_wconf 85' lang='lat'>“</span> <span class='ocrx_word' id='word_1_412' title='bbox 1339 1974 1508 2005; x_wconf 82' lang='lat' dir='ltr'>Consentis</span> <span class='ocrx_word' id='word_1_413' title='bbox 1520 1986 1652 2016; x_wconf 83' lang='lat' dir='ltr'>operans</span> <span class='ocrx_word' id='word_1_414' title='bbox 1664 1974 1832 2005; x_wconf 88' lang='lat' dir='ltr'>defendens</span> <span class='ocrx_word' id='word_1_415' title='bbox 1844 1984 1906 2004; x_wconf 86' lang='lat' dir='ltr'>non</span> <span class='ocrx_word' id='word_1_416' title='bbox 1922 1973 2180 2015; x_wconf 78' lang='lat' dir='ltr'>reprehendens.”</span> 
     </span>
    </p>
   </div>
   <div class='ocr_carea' id='block_1_15' title="bbox 1336 2033 2180 2532">
    <p class='ocr_par' dir='ltr' id='par_1_31' title="bbox 1336 2033 2035 2075">
     <span class='ocr_line' id='line_1_82' title="bbox 1336 2033 2035 2075; baseline -0.004 -11"><span class='ocrx_word' id='word_1_417' title='bbox 1336 2035 1364 2064; x_wconf 79' lang='lat'>3.</span> <span class='ocrx_word' id='word_1_418' title='bbox 1382 2033 1511 2064; x_wconf 85' lang='lat' dir='ltr'>Decrcti</span> <span class='ocrx_word' id='word_1_419' title='bbox 1528 2034 1642 2065; x_wconf 57' lang='lat' dir='ltr'>tabulae</span> <span class='ocrx_word' id='word_1_420' title='bbox 1658 2033 1874 2075; x_wconf 85' lang='lat' dir='ltr'>alphabeticae.</span> <span class='ocrx_word' id='word_1_421' title='bbox 1898 2033 1949 2063; x_wconf 86' lang='lat' dir='ltr'>fol.</span> <span class='ocrx_word' id='word_1_422' title='bbox 1966 2033 2035 2072; x_wconf 79' lang='lat'>184.</span> 
     </span>
    </p>

    <p class='ocr_par' dir='ltr' id='par_1_32' title="bbox 1423 2083 2180 2218">
     <span class='ocr_line' id='line_1_83' title="bbox 1445 2083 2180 2126; baseline -0.003 -11"><span class='ocrx_word' id='word_1_423' title='bbox 1445 2085 1542 2126; x_wconf 84' lang='lat' dir='ltr'>Incip.</span> <span class='ocrx_word' id='word_1_424' title='bbox 1560 2089 1580 2102; x_wconf 86' lang='lat'><strong>“</strong></span> <span class='ocrx_word' id='word_1_425' title='bbox 1596 2085 1739 2116; x_wconf 85' lang='lat' dir='ltr'>Abbates</span> <span class='ocrx_word' id='word_1_426' title='bbox 1755 2090 1787 2115; x_wconf 86' lang='lat' dir='ltr'>et</span> <span class='ocrx_word' id='word_1_427' title='bbox 1802 2084 1863 2115; x_wconf 87' lang='lat' dir='ltr'>alia</span> <span class='ocrx_word' id='word_1_428' title='bbox 1879 2084 1978 2115; x_wconf 85' lang='lat' dir='ltr'>officia</span> <span class='ocrx_word' id='word_1_429' title='bbox 1994 2095 2049 2125; x_wconf 90' lang='lat' dir='ltr'>per</span> <span class='ocrx_word' id='word_1_430' title='bbox 2064 2083 2180 2125; x_wconf 84' lang='lat' dir='ltr'>episco-</span> 
     </span>
     <span class='ocr_line' id='line_1_84' title="bbox 1423 2135 2179 2178; baseline -0.001 -12"><span class='ocrx_word' id='word_1_431' title='bbox 1423 2148 1480 2178; x_wconf 90' lang='lat' dir='ltr'>pos</span> <span class='ocrx_word' id='word_1_432' title='bbox 1503 2137 1618 2168; x_wconf 84' lang='lat' dir='ltr'>debent</span> <span class='ocrx_word' id='word_1_433' title='bbox 1641 2136 1772 2173; x_wconf 82' lang='lat' dir='ltr'>institui,</span> <span class='ocrx_word' id='word_1_434' title='bbox 1795 2148 1820 2166; x_wconf 92' lang='lat' dir='ltr'>c.</span> <span class='ocrx_word' id='word_1_435' title='bbox 1838 2136 1921 2166; x_wconf 85' lang='lat' dir='ltr'>xviii.</span> <span class='ocrx_word' id='word_1_436' title='bbox 1938 2147 1967 2176; x_wconf 88' lang='lat' dir='ltr'>q.</span> <span class='ocrx_word' id='word_1_437' title='bbox 1980 2135 1999 2166; x_wconf 91' lang='lat' dir='ltr'>i.</span> <span class='ocrx_word' id='word_1_438' title='bbox 2024 2140 2031 2152; x_wconf 74' lang='lat'><strong>⁴</strong></span> <span class='ocrx_word' id='word_1_439' title='bbox 2045 2135 2179 2166; x_wconf 81' lang='lat' dir='ltr'>Beatum</span> 
     </span>
     <span class='ocr_line' id='line_1_85' title="bbox 1423 2188 1529 2218; baseline 0 0"><span class='ocrx_word' id='word_1_440' title='bbox 1423 2188 1502 2218; x_wconf 65' lang='lat' dir='ltr'>sibi.³</span> <span class='ocrx_word' id='word_1_441' title='bbox 1512 2189 1529 2199; x_wconf 64' lang='lat'>&#39;⁵</span> 
     </span>
    </p>

    <p class='ocr_par' dir='ltr' id='par_1_33' title="bbox 1338 2243 2178 2337">
     <span class='ocr_line' id='line_1_86' title="bbox 1338 2243 2178 2275; baseline -0.002 0"><span class='ocrx_word' id='word_1_442' title='bbox 1338 2247 1366 2275; x_wconf 71' lang='lat'>4.</span> <span class='ocrx_word' id='word_1_443' title='bbox 1384 2245 1612 2275; x_wconf 87' lang='lat' dir='ltr'>Distinctiones</span> <span class='ocrx_word' id='word_1_444' title='bbox 1639 2244 1845 2275; x_wconf 87' lang='lat' dir='ltr'>Decrctorum</span> <span class='ocrx_word' id='word_1_445' title='bbox 1872 2243 2011 2274; x_wconf 84' lang='lat' dir='ltr'>versibus</span> <span class='ocrx_word' id='word_1_446' title='bbox 2033 2243 2178 2274; x_wconf 85' lang='lat' dir='ltr'>hexame-</span> 
     </span>
     <span class='ocr_line' id='line_1_87' title="bbox 1401 2294 1875 2337; baseline -0.004 -11"><span class='ocrx_word' id='word_1_447' title='bbox 1401 2297 1457 2326; x_wconf 86' lang='lat' dir='ltr'>tris</span> <span class='ocrx_word' id='word_1_448' title='bbox 1474 2296 1711 2337; x_wconf 68' lang='lat' dir='ltr'>comprehensw.</span> <span class='ocrx_word' id='word_1_449' title='bbox 1736 2294 1787 2325; x_wconf 85' lang='lat' dir='ltr'>fol.</span> <span class='ocrx_word' id='word_1_450' title='bbox 1804 2304 1875 2334; x_wconf 79' lang='lat'>224.</span> 
     </span>
    </p>

    <p class='ocr_par' dir='ltr' id='par_1_34' title="bbox 1446 2347 1544 2388">
     <span class='ocr_line' id='line_1_88' title="bbox 1446 2347 1544 2388; baseline 0.01 -11"><span class='ocrx_word' id='word_1_451' title='bbox 1446 2347 1544 2388; x_wconf 81' lang='lat' dir='ltr'>Incip.</span> 
     </span>
    </p>

    <p class='ocr_par' dir='ltr' id='par_1_35' title="bbox 1359 2396 2138 2438">
     <span class='ocr_line' id='line_1_89' title="bbox 1359 2396 2138 2438; baseline -0.004 -9"><span class='ocrx_word' id='word_1_452' title='bbox 1359 2403 1377 2417; x_wconf 83' lang='lat'>“</span> <span class='ocrx_word' id='word_1_453' title='bbox 1392 2399 1512 2429; x_wconf 87' lang='lat' dir='ltr'>Dividit</span> <span class='ocrx_word' id='word_1_454' title='bbox 1528 2397 1649 2429; x_wconf 88' lang='lat' dir='ltr'>reducit</span> <span class='ocrx_word' id='word_1_455' title='bbox 1666 2397 1747 2438; x_wconf 89' lang='lat' dir='ltr'>quod</span> <span class='ocrx_word' id='word_1_456' title='bbox 1761 2397 1812 2437; x_wconf 86' lang='lat' dir='ltr'>jus</span> <span class='ocrx_word' id='word_1_457' title='bbox 1828 2396 1988 2427; x_wconf 89' lang='lat' dir='ltr'>distinctio</span> <span class='ocrx_word' id='word_1_458' title='bbox 2006 2396 2138 2437; x_wconf 86' lang='lat' dir='ltr'>prima.”</span> 
     </span>
    </p>

    <p class='ocr_par' dir='ltr' id='par_1_36' title="bbox 1423 2448 2180 2532">
     <span class='ocr_line' id='line_1_90' title="bbox 1445 2448 2180 2490; baseline -0.003 -10"><span class='ocrx_word' id='word_1_459' title='bbox 1445 2450 1483 2480; x_wconf 89' lang='lat' dir='ltr'>In</span> <span class='ocrx_word' id='word_1_460' title='bbox 1499 2450 1593 2486; x_wconf 84' lang='lat' dir='ltr'>calce,</span> <span class='ocrx_word' id='word_1_461' title='bbox 1611 2454 1630 2467; x_wconf 89' lang='grc'><strong>“</strong></span> <span class='ocrx_word' id='word_1_462' title='bbox 1644 2449 1783 2490; x_wconf 83' lang='lat' dir='ltr'>Explicit</span> <span class='ocrx_word' id='word_1_463' title='bbox 1799 2449 1837 2479; x_wconf 90' lang='lat' dir='ltr'>dc</span> <span class='ocrx_word' id='word_1_464' title='bbox 1857 2448 2106 2479; x_wconf 86' lang='lat' dir='ltr'>distinctionibus</span> <span class='ocrx_word' id='word_1_465' title='bbox 2130 2449 2180 2479; x_wconf 91' lang='lat' dir='ltr'>de-</span> 
     </span>
     <span class='ocr_line' id='line_1_91' title="bbox 1423 2501 1609 2532; baseline 0 0"><span class='ocrx_word' id='word_1_466' title='bbox 1423 2501 1609 2532; x_wconf 79' lang='lat' dir='ltr'>cretorum.”</span> 
     </span>
    </p>
   </div>
   <div class='ocr_carea' id='block_1_16' title="bbox 1338 2559 2181 2805">
    <p class='ocr_par' dir='ltr' id='par_1_37' title="bbox 1338 2559 2181 2704">
     <span class='ocr_line' id='line_1_92' title="bbox 1338 2559 2181 2591; baseline -0.002 -1"><span class='ocrx_word' id='word_1_467' title='bbox 1338 2563 1366 2591; x_wconf 86' lang='lat'>5.</span> <span class='ocrx_word' id='word_1_468' title='bbox 1384 2561 1614 2591; x_wconf 80' lang='lat' dir='ltr'>Distinctiones</span> <span class='ocrx_word' id='word_1_469' title='bbox 1640 2559 1769 2590; x_wconf 86' lang='lat' dir='ltr'>Decreti</span> <span class='ocrx_word' id='word_1_470' title='bbox 1793 2559 1964 2590; x_wconf 87' lang='lat' dir='ltr'>Causarum</span> <span class='ocrx_word' id='word_1_471' title='bbox 1987 2559 2090 2589; x_wconf 80' lang='lat' dir='ltr'>xxxvi.</span> <span class='ocrx_word' id='word_1_472' title='bbox 2116 2570 2181 2589; x_wconf 85' lang='lat' dir='ltr'>ver-</span> 
     </span>
     <span class='ocr_line' id='line_1_93' title="bbox 1402 2609 2180 2648; baseline -0.003 -6"><span class='ocrx_word' id='word_1_473' title='bbox 1402 2612 1487 2642; x_wconf 89' lang='lat' dir='ltr'>sibus</span> <span class='ocrx_word' id='word_1_474' title='bbox 1521 2611 1664 2648; x_wconf 86' lang='lat' dir='ltr'>heroicis,</span> <span class='ocrx_word' id='word_1_475' title='bbox 1692 2610 1809 2641; x_wconf 85' lang='lat' dir='ltr'>eisdem</span> <span class='ocrx_word' id='word_1_476' title='bbox 1835 2609 2105 2647; x_wconf 86' lang='lat' dir='ltr'>acrostichidibus,</span> <span class='ocrx_word' id='word_1_477' title='bbox 2130 2621 2180 2640; x_wconf 81' lang='lat' dir='ltr'>ex-</span> 
     </span>
     <span class='ocr_line' id='line_1_94' title="bbox 1403 2662 1726 2704; baseline -0.006 -10"><span class='ocrx_word' id='word_1_478' title='bbox 1403 2674 1528 2704; x_wconf 73' lang='lat' dir='ltr'>pressae.</span> <span class='ocrx_word' id='word_1_479' title='bbox 1551 2663 1604 2693; x_wconf 88' lang='lat' dir='ltr'>fol.</span> <span class='ocrx_word' id='word_1_480' title='bbox 1621 2671 1682 2701; x_wconf 78' lang='lat'>224</span> <span class='ocrx_word' id='word_1_481' title='bbox 1697 2662 1726 2692; x_wconf 91' lang='lat' dir='ltr'>b.</span> 
     </span>
    </p>

    <p class='ocr_par' dir='ltr' id='par_1_38' title="bbox 1383 2714 2160 2805">
     <span class='ocr_line' id='line_1_95' title="bbox 1448 2714 1545 2755; baseline 0.01 -11"><span class='ocrx_word' id='word_1_482' title='bbox 1448 2714 1545 2755; x_wconf 88' lang='lat' dir='ltr'>Incip.</span> 
     </span>
     <span class='ocr_line' id='line_1_96' title="bbox 1383 2763 2160 2805; baseline -0.004 -9"><span class='ocrx_word' id='word_1_483' title='bbox 1383 2769 1402 2783; x_wconf 80' lang='lat'>‘⁴</span> <span class='ocrx_word' id='word_1_484' title='bbox 1419 2765 1478 2796; x_wconf 77' lang='lat' dir='ltr'>Est</span> <span class='ocrx_word' id='word_1_485' title='bbox 1491 2766 1687 2796; x_wconf 81' lang='lat' dir='ltr'>decretorum</span> <span class='ocrx_word' id='word_1_486' title='bbox 1703 2763 1874 2805; x_wconf 81' lang='lat' dir='ltr'>complexio</span> <span class='ocrx_word' id='word_1_487' title='bbox 1890 2773 1983 2794; x_wconf 80' lang='lat' dir='ltr'>causa</span> <span class='ocrx_word' id='word_1_488' title='bbox 1999 2763 2160 2794; x_wconf 82' lang='lat' dir='ltr'>duorun1.”</span> 
     </span>
    </p>
   </div>
  </div>
 </body>
</html>
