2254 3117
637 133 878 170 COLLEGII
905 135 1285 174 BALLIOLENSIS.
1823 149 1866 183 29

92 234 120 264 3.
138 232 288 274 Simplicii
314 231 557 263 commentarius
583 242 676 274 super
699 233 880 265 Aristotelis
903 234 936 264 li-

155 284 228 314 bros
250 283 289 314 de
310 283 389 314 coelo
407 287 439 314 et
455 283 580 320 mundo,
598 283 629 313 in
649 288 756 325 partes
776 285 854 316 duas
877 285 936 316 dis-

156 334 284 371 tinctus,
317 334 489 375 interprete
520 334 673 365 Gulielmo
704 335 742 366 de
772 335 934 367 Morbeka.

155 386 206 417 fol.
225 386 293 426 183.

198 437 297 478 Incip.
311 447 384 478 pars
399 435 418 466 i.
437 440 455 452 “
466 435 680 467 Intencionem
693 440 850 468 tractatus
866 437 936 468 Ari-

177 487 298 519 stotelis
314 488 352 518 de
367 487 432 518 celo
450 487 630 518 Alexander
644 488 690 519 ait
706 489 745 519 de
760 489 903 519 mundos*

198 538 296 580 Incip.
313 549 386 580 pars
402 538 430 568 ii.
449 550 518 579 quae
534 543 582 570 est
600 550 693 581 super
708 540 759 570 lib.
773 540 801 570 ii.
820 544 852 571 et
868 540 936 571 reli-

177 602 257 632 qua;
284 590 469 630 “Quoniam
491 591 615 632 quidem
638 591 734 633 igitur
754 603 853 633 neque
876 593 936 623 fac-

174 647 243 673 tum
259 646 307 673 est
323 653 414 672 omne
430 642 528 673 celum
545 653 644 684 neque
660 643 844 685 contingit.''

197 693 306 724 Desin.
328 703 345 710 ··
358 705 450 734 quam
472 693 569 724 habes
591 694 633 724 ad
653 694 757 725 omnia
776 706 795 725 a
816 699 847 725 te
871 706 936 736 per-

177 745 290 780 ducta;
318 744 390 775 Huc
407 756 504 786 usque
521 745 724 787 Siinplicius.”

198 796 236 826 In
259 796 351 832 calce,
376 801 396 813 “
412 796 480 836 Ego
503 802 609 827 autem
632 796 729 827 frater
752 797 937 838 Guylernius

177 848 215 878 de
236 847 393 878 Morbelia
413 848 451 878 de
475 847 584 878 ordine
607 848 740 878 fratrum
764 848 937 890 predicat-o-

129 940 131 943 ,
176 910 256 935 rum,
276 898 392 929 domini
415 910 495 940 pape
518 899 760 940 penitenciarius
783 903 813 930 et
837 899 937 941 capel-

176 950 276 986 lanus,
299 950 357 981 hoe
380 961 450 981 cum
473 962 586 992 magno
610 951 749 992 corporis
771 951 877 982 labore
901 962 937 982 ac

175 1002 274 1032 multo
286 1001 400 1032 mentis
416 1002 501 1032 tedio
514 1002 684 1033 Latinitati
701 1002 806 1039 offero,
822 1006 938 1042 putans

176 1053 207 1083 in
222 1053 281 1084 hoc
297 1053 514 1084 translacionis
529 1065 622 1095 opere
639 1065 687 1084 me
703 1054 793 1095 plura
810 1054 937 1085 Latino-

176 1115 245 1135 rum
260 1104 373 1135 studiis
390 1105 557 1136 addidisse.
604 1105 741 1147 Expleta
757 1110 863 1136 autem
878 1106 937 1136 fuit

175 1157 232 1187 hec
254 1156 424 1187 translacio
441 1157 576 1188 Viterbii
598 1168 680 1188 anno
700 1157 827 1188 Domini
847 1168 935 1199 1271,v

180 1217 214 1246 17
238 1207 298 1238 kal.
323 1207 397 1238 Julii
425 1212 496 1249 post
524 1214 656 1240 mortem
684 1209 764 1240 bone
790 1210 937 1240 memorie

176 1258 293 1289 domini
316 1258 487 1290 Clementis
518 1271 598 1301 pape
624 1261 740 1301 quarti,
766 1261 938 1302 apostolica

176 1309 248 1339 sede
264 1309 424 1340 vacante.”

472 1387 511 1421 C.

53 1451 171 1485 Codex
188 1450 484 1490 membranaceus,
499 1451 537 1485 in
555 1450 638 1484 folio
657 1451 788 1496 majori.
806 1450 840 1484 ff.
855 1453 936 1490 284,

77 1521 142 1543 sec.
167 1509 247 1548 xiV.,
273 1509 364 1542 binis
394 1508 565 1543 columnis
596 1510 728 1554 optime
754 1514 937 1549 exaratus3

77 1579 121 1601 ex
139 1567 228 1601 dono
244 1566 419 1601 willelmi
437 1567 541 1613 Gray.

95 1628 120 1657 l.
138 1626 262 1657 Alberti
274 1626 385 1668 Magni
401 1630 612 1659 commentum
627 1638 720 1669 super
732 1627 937 1668 Physicorum

155 1678 251 1708 libros
266 1682 346 1708 octo.
371 1677 422 1708 fol.
439 1688 467 1708 2.

198 1728 296 1769 Incip.
317 1732 337 1745 “
351 1728 552 1759 —animal
572 1729 631 1759 erit
652 1729 753 1760 altera
775 1733 808 1760 et
831 1739 936 1759 secun-

177 1780 251 1809 dum
266 1790 333 1810 esse
349 1779 513 1821 cujuslibet
533 1780 731 1821 particularis
751 1780 811 1811 erit
826 1779 936 1811 altera.

178 1831 265 1862 Sicut
281 1831 395 1873 ergo?⁹
417 1836 453 1862 ut
468 1831 500 1862 in
516 1832 590 1863 edit.
608 1835 683 1863 tom.
699 1832 730 1862 ii.
747 1843 776 1873 p.
791 1842 821 1873 3,
836 1832 891 1862 col.
910 1841 936 1861 1.

199 1881 238 1912 In
257 1882 349 1919 calce,
366 1886 385 1899 “
401 1881 528 1912 Finitur
548 1886 726 1913 comentum
747 1882 862 1913 domini
883 1881 937 1912 Al-

176 1933 257 1964 berti
277 1933 399 1974 Magni,
420 1933 554 1975 episcopi
574 1934 823 1975 Ratisponensis,
845 1944 938 1974 super

177 1989 248 2016 octo
281 1985 368 2016 libris
403 1985 598 2016 Phisicorum
629 1986 812 2017 Aristotilis.
870 1986 937 2017 Deo

177 2036 328 2077 gratias.”

94 2093 122 2121 2.
140 2092 288 2133 Ejusdem
318 2098 525 2124 commentum
557 2104 650 2134 super
679 2093 774 2123 libros
806 2097 869 2123 tres
900 2093 937 2122 de

156 2143 270 2174 anima.
293 2143 344 2174 fol.
362 2152 429 2185 195.

199 2195 297 2237 Incip.
313 2200 332 2213 ‘⁶
346 2196 509 2232 Omnibus,
522 2206 582 2236 que
597 2196 636 2226 de
651 2205 780 2236 corpore
796 2194 900 2225 mobili
912 2195 937 2231 3³¹

178 2251 212 2277 ut
229 2247 302 2277 ibid.
320 2251 394 2278 toni.
412 2247 452 2277 iii.
470 2252 552 2288 part.
568 2246 586 2276 i.

201 2297 237 2327 In
253 2298 347 2334 ealce,
366 2303 383 2315 “
398 2298 535 2339 Explicit
554 2302 732 2328 eomentum
751 2297 867 2327 domini
885 2297 938 2327 Al-

179 2350 258 2380 berti
286 2350 396 2392 Magni
426 2361 520 2391 supra
550 2350 645 2380 libros
671 2350 710 2380 de
736 2349 840 2380 anima
866 2349 938 2379 Ari-

179 2401 324 2432 stotilis.''

463 2469 523 2503 CI.

56 2527 355 2571 Membranacws,
380 2532 415 2564 in
441 2533 514 2570 4to,
539 2530 572 2564 ff.
592 2533 675 2570 202,
699 2541 766 2564 sec.
786 2542 842 2564 xv.
866 2531 940 2564 ine-

78 2588 188 2627 untis;
212 2600 256 2622 ex
275 2588 391 2635 legato
407 2588 506 2622 Will.
520 2588 664 2628 Saxton,
680 2589 752 2623 sive
767 2588 938 2628 Shaxton‚

77 2646 251 2688 quondam
269 2647 362 2680 socii.

96 2704 219 2736 Alberti
240 2707 349 2748 Magni
371 2707 409 2738 de
431 2706 655 2748 vegetabilibus
678 2710 709 2737 et
730 2706 844 2747 plantis
867 2706 938 2737 libri

119 2760 246 2797 septem.

1096 237 1157 269 Tit.
1184 243 1203 256 “
1221 239 1371 270 Albertus
1400 240 1438 270 (18
1469 241 1698 281 vegetabilibus.

1072 289 1189 329 primus
1205 295 1311 321 noster
1327 290 1403 321 liber
1419 291 1456 321 (18
1473 292 1725 331 vegetabilibus?

1095 339 1191 381 Incip.
1216 345 1235 358 “
1250 340 1484 372 Universalibus
1512 343 1667 384 principiis
1680 345 1706 380 ;”
1733 351 1764 375 ut
1790 346 1869 375 inter

1074 401 1178 431 opera,
1194 392 1267 423 edit.
1283 393 1421 434 Jammy,
1438 398 1511 424 tom.
1525 406 1550 424 v.
1569 406 1598 435 p.
1610 405 1681 435 342.

1097 441 1134 471 In
1150 442 1239 472 litera
1261 443 1369 474 initiali
1390 445 1473 485 picta
1491 449 1538 475 cst
1555 446 1691 477 auctoris
1707 447 1821 488 effigies
1838 448 1867 477 in

1074 492 1165 523 horto
1182 493 1321 534 legentis.

1099 543 1135 573 In
1151 543 1243 580 calce,
1260 549 1276 560 ''-
1288 545 1423 585 Explicit
1439 546 1514 576 liber
1530 547 1679 587 septimus
1695 552 1727 579 ot
1742 549 1867 579 ultimus

1075 594 1293 635 vegetabilium
1314 602 1345 626 et
1366 596 1541 636 plantarum
1563 599 1728 629 secundnm
1745 610 1868 630 venera-

1076 645 1167 676 bilem
1200 646 1359 676 doctorem
1392 653 1423 678 et
1461 649 1615 689 egregium
1653 650 1866 691 philosophum

1076 696 1252 732 Albertum,
1270 697 1446 738 episcopum
1463 699 1747 740 Ratispmienseiu.''

1393 775 1470 809 CII.

991 837 1112 871 Codex
1138 837 1431 877 membranaceus,
1462 838 1496 871 in
1526 839 1616 874 folio.
1644 840 1675 873 ff.
1695 844 1774 881 224,
1801 854 1866 875 sec.

1017 896 1084 928 xiv.
1100 895 1261 932 ineuntis,
1278 895 1367 928 binis
1385 895 1552 929 columnis
1570 897 1659 931 haud
1679 910 1747 932 una
1764 911 1867 932 mann

1015 957 1198 992 exaratus;
1225 963 1268 985 ex
1288 953 1378 986 dono
1396 952 1443 985 W
1447 953 1566 987 illelmi
1585 954 1687 1000 Gray.

1756 243 1867 284 Incipit

1034 1015 1061 1043 1.
1079 1013 1204 1043 Alberti
1224 1012 1334 1054 Magni
1358 1024 1450 1054 super
1468 1014 1647 1046 Aristotelis
1669 1016 1867 1058 Physicoruni

1098 1065 1192 1095 libros
1209 1069 1280 1095 octo
1297 1065 1544 1095 commentarius.
1570 1066 1619 1096 fol.
1632 1076 1660 1106 3.

1140 1116 1201 1146 Tit.
1220 1120 1237 1133 ‘³
1250 1115 1364 1157 Incipit
1376 1116 1453 1146 liber
1466 1116 1658 1147 Phisicornm
1674 1118 1734 1148 sive
1746 1119 1869 1149 auditus

1119 1165 1227 1206 phisici
1243 1170 1400 1196 tractatus
1416 1166 1532 1206 primus
1544 1167 1582 1197 (18
1599 1167 1784 1208 prclibandis
1799 1176 1870 1199 ante

1118 1217 1279 1247 scientiam
1292 1217 1321 1252 3³⁵
1343 1221 1402 1248 ete.

1141 1269 1240 1310 Incip.
1261 1273 1278 1286 ⁴⁴
1291 1269 1433 1300 Inteneio
1455 1273 1563 1300 nostra-
1586 1270 1616 1300 in
1637 1270 1764 1301 scientia
1785 1277 1871 1302 natu-

1119 1321 1216 1357 rali;”
1237 1325 1272 1352 ut
1288 1321 1319 1351 in
1335 1321 1410 1352 edit.
1427 1321 1477 1352 cit.
1497 1325 1571 1352 toni.
1589 1322 1618 1351 ii.
1637 1326 1717 1362 part.
1733 1322 1752 1352 i.

1140 1371 1179 1402 In
1200 1372 1293 1409 calce,
1314 1376 1331 1388 “
1345 1371 1432 1403 Finis
1455 1372 1555 1409 adest,
1578 1372 1646 1402 finis
1669 1373 1811 1413 scriptori
1833 1374 1869 1404 sit

1119 1423 1185 1454 sine
1200 1423 1324 1454 ruinis.”

1033 1527 1062 1555 Ω.
1080 1524 1230 1566 Ejusdem
1245 1524 1276 1555 in
1291 1524 1387 1555 libros
1401 1525 1440 1556 de
1456 1525 1534 1556 coelo
1546 1529 1578 1555 et
1593 1525 1708 1556 mundo
1724 1536 1871 1557 commen-

1098 1575 1207 1607 tarius.
1230 1575 1283 1606 fol.
1299 1584 1367 1616 150.

1139 1626 1201 1657 Tit.
1215 1630 1234 1643 ‘⁶
1243 1626 1358 1668 Incipit
1370 1627 1447 1657 liber
1459 1627 1576 1668 primus
1588 1627 1626 1656 (18
1639 1627 1704 1657 8810
1716 1631 1747 1658 et
1759 1628 1872 1658 mundo

1117 1681 1274 1708 tractatus
1304 1678 1434 1719 primus,
1459 1679 1542 1720 quod
1569 1678 1700 1709 mundus
1729 1684 1777 1709 est
1806 1690 1871 1720 per-

1116 1729 1244 1759 fectus?

1139 1781 1237 1822 Incip.
1257 1785 1275 1798 ‘³
1287 1781 1336 1811 De
1351 1781 1416 1812 celo
1432 1785 1465 1812 et
1480 1781 1595 1811 mundo
1611 1781 1642 1811 in
1661 1780 1719 1811 hoc
1739 1782 1871 1811 secundo

1117 1831 1196 1862 libro
1206 1832 1233 1868 ;”
1256 1836 1291 1863 ut
1306 1832 1381 1862 ibid.
1397 1836 1473 1863 tom.
1489 1832 1520 1862 ii.
1537 1837 1617 1873 part.
1636 1832 1665 1862 ii.

1139 1882 1177 1913 In
1190 1883 1282 1919 calce.
1295 1888 1313 1900 ‘⁶
1322 1883 1459 1924 Explicit
1470 1883 1546 1913 liber
1558 1884 1596 1914 de
1610 1884 1674 1913 celo
1690 1887 1721 1914 et
1737 1883 1849 1913 mundo
1861 1896 1868 1914 :

1118 1933 1186 1964 Deo
1201 1934 1324 1975 gracias
1338 1938 1369 1965 et
1385 1935 1475 1964 beato
1488 1934 1596 1974 virgini
1614 1938 1644 1965 et
1660 1933 1870 1975 Magdalene.‘'‘

992 2073 1292 2112 Membranaceus,
1311 2073 1346 2106 in
1365 2072 1456 2111 folio,
1476 2072 1509 2105 ff.
1525 2074 1606 2111 293,
1625 2083 1690 2105 sec.
1705 2072 1774 2105 xiii.
1792 2082 1870 2104 exe-

1016 2133 1118 2171 untis,
1138 2132 1227 2165 binis
1250 2130 1420 2164 columnis
1439 2130 1527 2163 bene
1545 2135 1724 2169 exaratus3
1750 2141 1793 2162 ex
1812 2129 1869 2161 do-

1016 2191 1156 2223 natione
1172 2189 1224 2222 M.
1234 2188 1406 2222 Willelmi
1422 2188 1565 2227 Saxton,
1584 2187 1660 2220 coll.
1676 2186 1762 2220 Ball.
1778 2186 1867 2219 socii.

1034 2250 1157 2281 Alberti
1174 2250 1282 2291 Magni
1299 2249 1337 2279 de
1352 2248 1536 2279 animalibus
1552 2247 1619 2278 libri
1637 2258 1689 2277 sex
1705 2251 1735 2276 et
1751 2245 1866 2286 xiginti.
1907 2268 1913 2275 .

1098 2301 1160 2331 Tit.
1186 2305 1204 2318 ‘⁴
1220 2301 1313 2331 Liber
1336 2299 1514 2330 animalium
1540 2299 1666 2340 primus,
1689 2297 1739 2338 qui
1762 2301 1808 2327 est
1831 2296 1868 2326 de

1077 2352 1231 2382 communi
1247 2352 1428 2382 diversitate
1443 2350 1651 2380 ani1naliun1.”

1100 2403 1195 2444 Incip.
1217 2408 1234 2420 ⁴⁴
1248 2402 1417 2433 Seientiam
1440 2402 1477 2431 (18
1500 2400 1681 2431 animalibus
1703 2397 1867 2428 secundnm

1077 2464 1145 2484 eam
1157 2453 1182 2487 ;”
1205 2457 1239 2483 ut
1256 2453 1337 2483 inter
1353 2462 1456 2492 opera,
1475 2456 1547 2481 tom.
1561 2450 1598 2479 vi.
1614 2460 1643 2489 p.
1659 2449 1677 2478 i.

1101 2504 1137 2534 In
1153 2503 1246 2540 calce,
1264 2508 1281 2520 “
1295 2502 1430 2543 Explicit
1446 2501 1523 2531 liber
1538 2501 1575 2530 (18
1591 2498 1802 2530 animalibus.’'

994 2635 1294 2674 Membranaceus,
1313 2634 1349 2666 in
1366 2632 1455 2666 folio.
1475 2630 1507 2663 ff.
1523 2632 1602 2667 200,
1621 2639 1705 2661 socc.
1720 2628 1791 2660 xiii.
1809 2638 1868 2660 ex-

1017 2693 1131 2727 euntis
1159 2698 1196 2726 et
1221 2692 1310 2731 xiv.;
1341 2689 1451 2734 quoad
1483 2692 1613 2731 partem
1645 2685 1867 2730 posteriorem

1017 2751 1106 2785 binis
1119 2749 1288 2784 columnis
1302 2751 1461 2781 exaratus
1473 2756 1480 2784 ;
1499 2756 1542 2778 ex
1558 2744 1647 2777 dono
1659 2741 1868 2786 Wi11.Gray.
