2254 3117
345 151 391 186 94

476 247 513 276 In
538 245 631 282 calce,
661 248 678 260 ‘⁶
695 241 833 284 Explicit
862 241 940 272 liber
966 241 1026 272 iste
1056 241 1094 271 de
1124 239 1233 271 morali

455 296 612 328 scientia.”

369 352 396 380 52.
417 347 598 380 Aristotelis
621 346 698 376 liber
721 345 759 375 de
786 344 935 385 regimine
962 343 1146 385 principum,
1173 343 1236 373 sive

434 401 595 431 secretum
610 397 816 433 Secretorum,
830 395 946 437 praevia
958 395 1089 436 epistola
1101 393 1236 435 Philippi

434 449 542 482 Clerici
570 449 611 480 ad
635 447 809 479 Guidonem
833 447 871 477 de
892 446 1051 483 Valentia,
1075 451 1107 476 et
1130 445 1238 476 tabula

434 502 581 543 capitum.
605 500 656 530 fol.
673 509 709 539 15
725 499 754 529 b.

475 553 540 583 Tit.
569 556 586 568 “
604 551 666 582 Η10
697 550 806 590 incipit
832 549 970 590 regimen
997 548 1180 590 principum,
1207 551 1237 577 et

456 614 563 644 regum
582 602 628 632 vel
651 600 857 636 dominorum,
875 599 957 640 quod
978 598 1076 629 edidit
1098 598 1239 638 princeps

456 652 711 695 philosophorum
738 650 926 681 Aristoteles
952 649 1032 680 filius
1057 647 1239 679 Nicomachi

456 706 494 735 de
512 703 729 735 Macedoniaf'

478 755 516 786 In
535 755 627 791 calce,
646 759 663 772 ‘⁴
678 753 815 795 Explicit
835 753 912 783 liber
928 753 966 783 (10
983 751 1117 783 Secrctis
1135 751 1239 781 Secre-

457 807 594 838 torum.”

372 860 400 888 ³3.
420 857 513 888 Liber
537 857 575 887 (10
598 856 766 887 virtutibus
789 855 935 896 lapidum.
960 858 1156 894 nuncupatus
1182 852 1240 882 La·
1270 850 1271 860 ¹

437 908 586 950 pidarius,
598 918 689 948 quem
702 907 874 938 Marbodus
888 905 1070 946 composuit,
1082 905 1112 934 in
1125 915 1157 934 sc
1170 915 1240 934 con·
1270 908 1272 927 ἰ

436 961 539 991 tineus
552 959 716 1001 sexaginta
728 958 876 1000 capitula,
889 968 957 988 011111
970 956 1079 997 glossis
1091 969 1098 991 ;
1117 956 1239 986 tuebare.

439 1012 489 1042 fol.
507 1021 557 1052 34.

480 1062 579 1104 Incip.
598 1066 615 1078 “
629 1061 679 1092 De
695 1061 873 1092 adamante.

387 1125 403 1131 ··
418 1114 506 1145 Evax
522 1125 577 1144 rex
594 1113 736 1144 Arabum
752 1111 866 1153 legitur
882 1110 1039 1152 scripsisse
1058 1109 1203 1140 Neronis*

481 1165 526 1196 Cf.
545 1165 592 1196 ed.
610 1164 780 1205 Gottingae,
799 1172 887 1204 1799.

487 1216 521 1246 ln
538 1215 631 1251 calce,

388 1274 405 1285 ι’·
422 1269 489 1299 Hcc
505 1279 543 1298 ex
559 1267 727 1298 innumeris
743 1269 888 1296 extracta
905 1264 1053 1295 vocabula
1068 1263 1208 1305 geminis,

419 1319 559 1350 Sufficiat
574 1322 683 1349 nostro
699 1317 829 1348 collecta
844 1316 950 1347 labore
967 1316 1077 1351 teneri,

420 1371 496 1409 Qua}
513 1369 615 1400 decies
631 1368 712 1399 senis
728 1367 877 1398 distincta.
893 1371 1003 1408 patent
1019 1365 1198 1407 capitellis.”

379 1424 407 1452 4.
427 1422 536 1451 Sermo
552 1421 590 1451 (10
606 1420 658 1450 xii.
675 1419 838 1460 lapidibus.
864 1418 914 1448 fol.
928 1419 968 1458 38
982 1418 1010 1448 b.

487 1472 582 1513 Incip.
595 1476 612 1488 ⁴*
621 1471 669 1501 De
681 1469 822 1511 Jaspide.
844 1470 951 1510 Jaspis
964 1469 1080 1510 primus
1093 1467 1247 1510 ponitui·.”

486 1524 667 1564 Sequuntur
679 1522 823 1563 quaedam
835 1521 873 1551 do
885 1521 996 1556 divetis,
1010 1520 1100 1561 incip.
1114 1520 1246 1551 “Omnis
1276 1554 1277 1561 ἵ

465 1574 621 1616 sapiencia
637 1577 668 1604 ct
685 1572 784 1603 omnis
801 1572 960 1602 sciencia.”

380 1630 407 1658 5.
427 1627 474 1657 De
490 1637 582 1656 carne
599 1625 793 1666 quorundam
809 1623 998 1654 animalium.
1023 1623 1051 1653 ff.
1065 1633 1118 1661 41,
1135 1624 1174 1653 66
1189 1623 1217 1652 b.

489 1677 585 1718 Incip.
604 1682 621 1693 “
635 1676 682 1706 Dc
698 1675 780 1717 lupe.
821 1676 901 1706 Caro
918 1675 983 1715 ejus
999 1674 1140 1714 frigida.”

381 1734 409 1764 6.
427 1734 596 1764 Tractatus
609 1731 802 1773 quadrantis,
816 1736 936 1772 quartae
953 1730 1052 1771 partis
1065 1729 1247 1761 Astrolabii.

445 1786 494 1816 fol.
511 1794 562 1824 42.

491 1837 585 1877 Incip.
603 1841 620 1852 ⁴·
635 1835 721 1866 Scire
738 1835 840 1871 debes,
858 1834 941 1875 quod
957 1828 1088 1864 circulus
1105 1833 1204 1864 solis.”

384 1895 411 1925 7.
431 1893 477 1923 Dc
494 1891 629 1923 efficacia
642 1890 873 1925 medicinarum,
887 1889 1042 1930 quomodo
1057 1889 1097 1919 ad
1113 1888 1249 1919 humana

448 1953 577 1984 corpora
602 1942 770 1972 secundum
798 1940 970 1982 potentiam
998 1940 1194 1981 planetarum
1218 1944 1249 1970 ct

448 1995 606 2035 signorum
622 1993 775 2023 effectum.
800 1991 850 2021 sol.
867 2001 907 2029 42
920 1991 949 2021 b.

496 2045 590 2086 Incip.
607 2049 625 2061 ⁴⁵
641 2044 728 2074 inter
743 2043 916 2083 astrologos
932 2048 980 2073 est
996 2042 1122 2073 ardua?

900 139 1203 176 CATALOGUS
1229 139 1467 175 CODICUM
1495 121 1605 174 iuss

1305 239 1335 272 9.
1352 238 1500 280 Magistri
1516 237 1643 269 Ricardi
1659 237 1784 279 Anglici
1801 237 2002 279 Micrologus.
2025 237 2075 268 sol.
2092 247 2142 278 47.

1414 289 1512 330 Incip.
1530 293 1548 306 ‘⁶
1561 289 1736 320 Acutarum
1752 289 1814 320 alia
1830 292 1877 320 est
1892 289 2063 320 ‘tercianas'

1416 341 1453 370 In
1482 340 1574 377 calce,
1606 345 1624 357 “
1642 340 1779 381 Explicit
1809 340 2002 381 Micrologus
2034 340 2174 382 magistri

1395 391 1551 422 Ricar(li.”

1291 447 1339 477 10.
1358 447 1404 477 De
1420 447 1516 476 urinis
1532 457 1677 476 sanorum
1693 450 1725 476 et
1742 457 1904 487 aegrorum.
1928 446 1979 476 fol.
1994 447 2045 487 63.

1420 497 1515 538 Incip.
1533 502 1551 513 “
1565 497 1710 527 Omnium
1727 497 2020 538 significacionum.''

1419 549 1605 580 Praeeedunt
1621 560 1726 579 versus
1742 549 1781 580 de
1797 549 1923 586 eisdem,
1940 549 2031 591 incip.

1345 605 1362 617 ‘⁵
1377 601 1435 640 Qui
1452 601 1535 642 cupit
1551 600 1656 631 urinas
1672 611 1741 631 mea
1756 612 1812 642 per
1829 601 2011 642 compendia
2027 600 2136 631 scire.”

1292 661 1341 691 11.
1359 660 1560 691 Tractatulus
1576 660 1614 691 de
1630 660 1855 695 chiromantia;
1883 660 2007 691 Gallice.
2031 659 2084 690 fol.
2099 660 2150 700 67.

1420 710 1518 751 Incip.
1536 714 1553 727 ‘⁴
1567 710 1685 751 Troyes
1701 714 1774 741 sunt
1789 710 1887 751 lignes
1902 710 2100 741 naturelles.''

1293 767 1341 795 12.
1360 765 1474 796 Rhasis
1500 765 1757 807 aggregationum
1784 765 1862 796 liber
1888 766 1928 796 ad
1953 765 2182 802 Almansorem,

1377 816 1520 858 partibus
1536 817 1642 847 decem
1665 816 1914 858 comprehensus,
1933 816 2063 858 [Latine
2078 827 2184 847 versus

1378 879 1433 908 per
1443 868 1618 898 Gerardum
1629 869 1868 898 Cremonensem
1880 867 1903 909 3]
1919 879 1989 898 cum
2001 867 2183 909 praefatione

1378 928 1410 950 et
1426 920 1543 950 tabula.
1569 920 1621 949 fol.
1637 921 1688 959 69.

1422 970 1519 1012 Incip.
1537 970 1612 1012 prol.
1633 975 1651 987 ‘⁶
1666 970 1702 1000 In
1720 970 1777 1000 hoc
1795 970 1874 1000 libro
1889 970 2096 1011 aggregabo.”

1422 1022 1519 1063 incip.
1543 1033 1615 1063 pars
1639 1022 1658 1052 i.
1685 1025 1703 1038 “
1719 1021 1767 1051 Ι)0
1790 1021 1890 1062 figura
1912 1026 1944 1052 et
1968 1021 2068 1052 forma
2090 1032 2185 1052 mem-

1400 1074 1539 1104 brorum.
1583 1073 1715 1103 Creator
1730 1072 1868 1102 omnium
1884 1072 1970 1102 Deus
1991 1083 2062 1103 ossa
2082 1072 2186 1103 condi-

1402 1126 1448 1156 dit
1459 1125 1485 1161 ;”
1508 1128 1544 1155 ut
1560 1124 1591 1155 in
1607 1124 1681 1155 edit.
1699 1123 1813 1154 Venet.
1832 1124 1921 1165 1508.

1424 1176 1611 1206 Praecedunt
1628 1186 1745 1212 versus,
1762 1175 1854 1216 incip.

1326 1233 1342 1244 ‘⁴
1356 1227 1384 1258 N
1387 1239 1403 1258 0
1418 1227 1475 1258 tibi
1488 1227 1651 1268 displiceat
1664 1227 1746 1268 quod
1762 1226 1805 1257 sic
1821 1237 1889 1257 sum
1901 1237 2029 1268 corpore
2044 1225 2187 1267 parvus.”

1274 1290 1275 1304 ³
1299 1288 1347 1318 13.
1364 1287 1513 1328 Ejusdem
1528 1287 1566 1317 de
1579 1285 1780 1317 divisionibus
1794 1285 2016 1327 aegritudinum
2030 1285 2099 1316 libri
2112 1289 2186 1322 tres,

1382 1338 1491 1369 eodem
1507 1337 1688 1378 interprete.
1713 1337 1765 1367 sol.
1783 1345 1840 1375 142
1857 1336 1887 1366 b.

1427 1389 1489 1420 Tit.
1507 1393 1525 1406 ‘⁴
1538 1389 1630 1420 Rasis
1650 1389 1808 1419 Abubecri
1826 1387 2000 1429 Magmacti
2019 1387 2072 1417 filii
2088 1388 2186 1418 Zaca-

1404 1441 1448 1471 rie
1473 1440 1568 1471 Arazi
1591 1440 1630 1471 de
1653 1439 1853 1470 divisionibus
1878 1438 2089 1480 egritudinum
2110 1439 2189 1469 liber

1276 1512 1278 1527 i
1406 1491 1544 1532 incipit.'“

1428 1544 1524 1584 Incip.
1543 1548 1560 1560 ‘²
1575 1542 1740 1574 Ventilata
1761 1542 1819 1573 suit
1838 1542 1869 1572 in
1889 1541 2089 1583 presentia;”
2113 1540 2187 1570 ibid.

1405 1594 1455 1625 fol.
1469 1605 1510 1635 59
1523 1594 1552 1624 b.

1302 1656 1349 1685 14.
1366 1653 1475 1685 Verba
1491 1653 1650 1684 Abubecri
1673 1653 1712 1683 fil.
1728 1651 1878 1683 Zaccarie
1894 1650 2000 1687 Arazi,
2020 1649 2082 1680 sive
2098 1648 2191 1679 Anti-

1384 1706 1540 1737 dotarium
1557 1705 1680 1735 Rahsis.
1704 1704 1756 1735 sol.
1775 1712 1843 1744 177.

1427 1756 1526 1796 Incip.
1542 1760 1559 1772 ‘⁶
1570 1755 1643 1785 Dixi
1662 1755 1692 1785 in
1706 1755 1764 1785 hoc
1777 1754 1856 1784 libro
1869 1764 1938 1784 meo
1948 1753 1975 1789 3⁵¹
1992 1752 2068 1782 ibid.
2080 1751 2131 1782 fol.
2141 1750 2191 1790 78.

1301 1817 1350 1846 15.
1368 1815 1595 1857 Experimento.
1610 1814 1723 1845 Rliasis
1738 1814 1777 1844 de
1791 1813 1950 1844 doloribus
1963 1812 2191 1853 juncturarum.

1386 1867 1436 1898 fol.
1456 1868 1523 1907 189.

1431 1918 1527 1959 Incip.
1547 1922 1563 1934 ‘⁸
1576 1917 1665 1948 Dixit
1682 1916 1755 1947 Rasi
1773 1916 1842 1946 volo
1858 1915 1888 1945 in
1905 1915 1963 1945 hoc
1979 1914 2142 1956 capitulo.”

1429 1969 1467 2000 In
1482 1969 1576 2005 calce,
1587 1973 1606 1986 ‘³
1619 1967 1757 2008 Explicit
1771 1970 1927 1998 tractatus
1941 1966 2016 1996 Rasi
2033 1966 2071 1996 de
2087 1964 2193 1995 dolore

1404 2021 1632 2061 juncturarum,
1657 2023 1688 2049 et
1713 2019 1751 2049 de
1774 2017 2003 2060 egritudinibus
2025 2026 2193 2058 puerorum

386 2104 414 2132 S.
436 2100 666 2131 Kalendarium.
680 2110 770 2135 anno,
782 2103 817 2128 ut
828 2098 960 2135 videtur,
974 2108 985 2127 1
994 2107 1062 2139 239.
1077 2101 1248 2128 exaratum.
1281 2108 1282 2126 3

451 2152 502 2182 fol.
519 2161 558 2192 43
572 2151 601 2180 b.

495 2202 674 2243 Sequuntur
690 2211 783 2230 manu
799 2200 897 2242 altera
913 2200 1040 2236 inserta,

409 2267 436 2285 a.
457 2254 650 2294 Quaestiones
667 2252 819 2282 nonnullae
835 2252 1042 2283 medicinales.
1069 2252 1118 2282 fol.
1135 2262 1176 2290 44
1188 2252 1216 2282 b.

499 2305 593 2346 Incip.
611 2308 628 2320 “
642 2303 790 2342 Qucritur
806 2306 910 2332 utrum
925 2301 1137 2343 compositio.”

412 2358 441 2387 b.
458 2357 555 2388 Carta
573 2354 771 2396 obligationis
789 2353 914 2384 Milonis
930 2353 1044 2394 Doget,
1062 2353 1252 2394 aliorumque

474 2408 516 2438 ad
532 2407 663 2437 Petrum
679 2406 716 2435 de
732 2405 799 2441 Clif.
817 2412 969 2435 rectorem
985 2403 1058 2434 eccl.
1075 2405 1113 2434 de
1130 2404 1254 2444 Nerny3

477 2459 541 2489 dat.
558 2457 686 2488 Dublin.
705 2458 793 2495 1289.
817 2456 868 2485 fol.
884 2465 934 2496 45.

413 2524 438 2541 c.
455 2512 551 2542 Carta
564 2507 724 2548 F[ulconis
740 2507 778 2537 de
795 2506 960 2545 Saunford]
978 2506 1114 2547 archiep.
1128 2505 1254 2536 Dublin.

477 2562 518 2592 ad
538 2561 668 2591 Petrum
689 2559 727 2589 de
746 2558 815 2595 Clif,
834 2558 872 2588 de
895 2557 1023 2588 ecclesia
1044 2557 1082 2587 de
1101 2556 1236 2587 Clunard
1248 2568 1255 2592 3

479 2613 543 2643 dat.
560 2611 730 2647 Su'werdes‚
748 2609 807 2639 xvi.
824 2609 884 2639 kal.
900 2608 965 2638 Jul.
984 2617 1073 2649 1259.
1096 2608 1149 2638 fol.
1165 2609 1215 2647 46.

417 2665 445 2694 11.
464 2662 657 2704 inspeximus
677 2661 814 2703 ejusdcm
831 2663 926 2691 cartae
945 2670 1000 2700 per
1015 2659 1053 2690 R.
1070 2660 1108 2690 de
1125 2660 1156 2689 S.
1171 2659 1257 2689 Mar-

480 2715 556 2750 tino,
573 2715 734 2749 decanum,
755 2716 787 2743 et
810 2711 979 2753 capitulum
1000 2710 1072 2741 eccl.
1089 2710 1121 2740 S.
1139 2709 1257 2740 Patric.

482 2766 608 2796 Dublin.
622 2766 687 2796 dat.
698 2764 826 2795 Dublin.
838 2763 890 2794 xii.
900 2762 962 2793 kal.
972 2761 1037 2793 Jul.
1048 2772 1059 2792 1
1067 2771 1137 2802 259.
1155 2762 1174 2791 f.
1181 2762 1221 2800 46
1227 2761 1256 2792 b.

1408 2071 1440 2100 in
1456 2070 1557 2111 prima
1573 2074 1658 2100 etate
1668 2083 1676 2107 3
1701 2069 1769 2099 Deo
1784 2068 1934 2109 gracias.”

1281 2131 1283 2171 ξ
1304 2129 1352 2161 16.
1371 2129 1464 2160 Liber
1481 2129 1593 2160 Galeni
1617 2129 1655 2159 de
1675 2128 1835 2159 medicinis
1857 2125 2123 2168 experimentatis‚
2141 2124 2193 2166 qui

1282 2187 1283 2220 l
1388 2180 1570 2211 intitulatur
1592 2178 1853 2221 experimentatio
1877 2177 2078 2213 medicinalis,
2102 2186 2194 2217 quem

1282 2221 1283 2227 ¹
1388 2231 1551 2262 transtulit
1566 2231 1588 2261 ‚J
1592 2231 1729 2261 ohannes
1750 2230 1788 2260 de
1809 2229 1909 2260 Greeo
1932 2229 1963 2258 in
1986 2227 2144 2263 Latinum,
2163 2230 2194 2256 et

1388 2283 1538 2324 magister
1561 2282 1733 2314 Farachius
1757 2282 1795 2312 de
1819 2280 1956 2311 Arabico
1980 2279 2011 2310 in
2035 2278 2193 2309 Latinum.

1390 2335 1443 2364 fol.
1460 2335 1528 2374 198.

1284 2400 1287 2450 1
1436 2386 1532 2427 Incip.
1548 2390 1565 2402 ⁴²
1577 2385 1667 2416 Dixit
1681 2385 1835 2422 Galenus3
1851 2383 1931 2425 ignis
1944 2383 1995 2424 qui
2009 2377 2195 2413 descendit*

1306 2448 1355 2479 17.
1374 2446 1468 2476 Liber
1479 2445 1681 2486 pra‘scientiae
1696 2442 1911 2485 Hippocratis,
1922 2442 1974 2483 qui
1989 2441 2132 2472 inventus
2148 2443 2196 2471 est

1391 2497 1422 2527 in
1438 2496 1600 2537 sepulchro
1616 2495 1682 2536 ejus
1698 2495 1729 2524 in
1745 2493 1850 2535 pixide
1866 2493 2011 2524 eburnea.
2033 2492 2086 2522 fol.
2102 2500 2174 2532 207.

1435 2547 1534 2588 Incip.
1553 2551 1572 2564 ‘⁶
1588 2546 1735 2577 Pervenit
1750 2545 1790 2576 ad
1807 2545 1894 2575 nos.”

1309 2607 1357 2637 18.
1377 2606 1471 2636 Liber
1500 2617 1614 2647 parvus
1643 2604 1797 2647 Ipocratis
1824 2604 1862 2634 de
1892 2606 1993 2634 morte
2023 2601 2196 2632 subitanea.

1393 2657 1445 2688 fol.
1460 2658 1518 2687 208
1533 2657 1562 2687 b.

1438 2708 1535 2749 Incip.
1550 2711 1569 2725 “
1583 2707 1672 2737 Dixit
1688 2707 1874 2747 Ypocrates,
1891 2715 1961 2735 cum
1976 2703 2007 2734 in
2023 2702 2187 2744 sompnis.”

1439 2759 1477 2790 In
1494 2759 1586 2797 calce,
1603 2762 1623 2776 “
1639 2757 1821 2799 Expliciunt
1840 2755 2054 2798 experimenta
2074 2753 2147 2784 Rasi
2167 2758 2197 2784 et

2249 245 2253 270 ÷

2250 281 2254 326 l

2250 329 2253 380 !

2251 383 2254 450 l

2252 453 2254 491 Ι

2252 494 2254 550 ἱ
