2254 3117
648 155 885 190 COLLEGII
913 156 1232 192 REGINENSIS.
1799 166 1831 200 7:

56 257 84 286 4.
102 255 233 286 Croniea
249 255 287 285 dc
303 254 418 296 Anglia
434 259 466 285 et
487 254 578 284 robus
599 254 629 284 in
654 266 691 285 ca
705 254 801 295 gostis
823 257 854 284 ct
876 253 913 283 dc

116 306 238 347 regibus
253 305 318 346 ejus
334 305 516 336 abbreviata
531 305 571 334 ad
587 315 637 334 an.
657 306 743 344 1346.
763 303 813 333 fol.
833 314 896 344 103.

161 357 258 397 Incip.
275 361 294 373 “
312 356 475 387 Britannia
498 366 556 396 que
580 354 664 396 prius
685 354 800 384 Albion
824 366 912 384 voca-

137 408 238 442 batur,
266 408 433 438 secundum
462 406 581 437 Bedam
607 406 645 436 dc
675 405 771 446 gestis
796 406 911 446 Anglo-
936 428 937 431 ,

136 459 232 489 rum.”

53 513 82 541 5.
99 509 261 551 Speculum
277 508 489 539 Cronicorum.
513 508 564 538 fol.
584 518 650 547 119.

158 561 255 601 Incip.
273 565 290 577 ‘⁵'
304 560 381 591 Cum
397 560 506 590 civitas
528 559 579 589 illa
599 559 733 599 egregia,
749 559 802 589 viz.
819 559 911 589 Jeru-

136 613 240 647 salem.
254 611 346 652 juxta
362 621 467 641 vocem
485 610 685 641 salvatoris*

157 663 262 694 Desin.
287 666 305 679 ⁴⁶
320 662 482 692 Johannes
505 661 652 702 Baptista
677 661 716 692 sit
744 666 912 702 conceptus

137 716 153 745 8
170 713 229 744 kal.
248 713 360 744 Octob.
377 712 401 742 si
419 712 474 743 hec
490 712 565 742 data
584 712 624 742 sit
647 712 820 742 neccssaria
831 712 863 753 [¹]
880 716 911 742 et

135 766 242 808 utiquc
258 764 426 801 verissima,
444 768 491 794 est
507 775 580 804 ergo
596 764 679 795 aliud
695 769 743 794 est
758 764 897 794 falsums’

373 856 575 891 CCCXIII.

30 924 148 958 Codex
175 921 468 960 membranaceus,
496 921 531 953 in
560 920 652 959 folio,
680 920 714 953 ff.
736 920 814 955 146.
844 932 909 955 sec.

56 981 135 1021 xiii„
153 980 242 1014 bene
258 985 418 1013 exaratus
437 983 472 1011 et
491 984 655 1012 servatus.

73 1046 101 1075 1.
118 1045 217 1075 Actus
244 1043 479 1085 Apostolorum,
506 1043 610 1085 glossa
635 1043 792 1074 ordinaria
816 1048 911 1085 atque

134 1095 323 1127 interlineari
338 1094 492 1131 instructi,
507 1106 577 1125 cum
592 1094 827 1136 prolegomenis.
846 1095 866 1125 f.
883 1106 908 1125 1.

175 1145 272 1186 Incip.
292 1150 309 1161 ²⁴
323 1145 424 1176 Lucas
440 1144 576 1175 medicus
594 1145 820 1176 Antioceiisis.”

70 1199 98 1228 2.
116 1196 265 1239 Epistolae
281 1200 401 1237 septem
418 1196 582 1233 canonicae,
601 1207 669 1226 cum
683 1197 794 1238 glossis
812 1197 910 1238 prolo-

131 1247 339 1288 gomenisque.
363 1246 414 1276 fol.
431 1255 480 1286 72.

176 1297 272 1339 Incip.
291 1302 308 1314 ‘⁴
321 1297 395 1328 Non
411 1297 458 1328 ita
474 1302 521 1328 est
538 1299 614 1328 ordo
631 1298 863 1339 efflstolarum?

69 1351 98 1380 3.
114 1349 145 1381 S.
157 1349 179 1380 J
182 1349 312 1380 ohannis
329 1349 545 1391 Apocalypsis,
562 1361 631 1380 cum
647 1350 755 1391 glossis
770 1351 909 1392 prolego-

133 1400 299 1441 menisque.

174 1452 271 1493 Incip.
291 1456 308 1468 “
322 1451 437 1482 Omnes
453 1452 503 1493 qui
520 1452 569 1493 pie
585 1453 691 1483 volunt
708 1453 838 1483 viverc.”

367 1547 568 1582 CCCXIV.

30 1609 247 1650 Chartaceus
272 1611 307 1644 in
325 1610 419 1651 folio,
438 1610 470 1644 ff.
487 1610 568 1650 261,
588 1622 655 1644 see.
671 1622 737 1650 XV..
757 1623 800 1645 ex
820 1612 910 1645 dono

52 1668 194 1703 Joannis
214 1669 335 1709 Luidi;
366 1669 465 1702 initio
484 1669 597 1702 mutii.

73 1734 99 1764 1.
117 1733 181 1764 Silii
197 1733 299 1764 Italici
316 1733 506 1764 Punicorum
526 1733 595 1764 libri
612 1735 683 1764 xvii.
701 1734 836 1764 camnine
859 1734 910 1764 he-
934 1746 935 1754 ¹

132 1785 215 1815 roico
230 1785 379 1826 expressi.
402 1785 453 1815 fol.
474 1796 497 1815 1.

174 1836 212 1866 In
235 1836 328 1873 calce,
354 1841 371 1853 ‘⁴
389 1836 476 1867 Finis
499 1837 629 1867 dicimus
658 1837 808 1877 septimus
834 1836 911 1867 liber

154 1887 341 1918 Punicorum
359 1887 424 1918 Silii
442 1887 574 1918 Italicisq

71 1939 100 1968 2.
116 1939 362 1980 Argonauticon,
375 1939 438 1969 sive
453 1939 738 1980 Argonauticorum
755 1939 823 1970 libri
837 1951 911 1980 qua-
934 1951 935 1976 g

132 1994 218 2025 tuom
237 1993 363 2020 auctore
376 1990 410 2021 G.
421 1990 549 2021 Valerio
560 1991 672 2021 Flacco
684 1991 792 2022 Balbo.
811 1991 829 2021 f.
839 1993 909 2021 216.

175 2040 237 2071 Tit.
266 2045 283 2057 ⁴⁶
299 2041 379 2083 Gragi
407 2041 526 2072 Valerii
554 2042 656 2072 Flacci
684 2042 773 2072 Balbi
802 2042 910 2072 Extini
933 2070 934 2084 ἶ

152 2093 387 2133 Argonauticon
402 2093 481 2124 liber
496 2094 614 2134 primus
629 2093 769 2134 incipit.'’

176 2143 276 2183 Incip.

33 2198 50 2211 ‘⁵
58 2194 160 2226 Prima
172 2195 272 2226 Deum
285 2195 406 2237 magnis
417 2196 556 2226 canimus
568 2196 649 2226 freta
661 2195 766 2236 pervia
778 2195 911 2225 nautis.”

177 2246 214 2277 In
237 2247 329 2285 calce,
348 2252 365 2264 ⁴⁵
383 2247 470 2278 Finit
493 2252 622 2288 quartus
646 2247 723 2277 liber
748 2246 910 2287 Argonau-
933 2247 934 2263 ³

155 2297 268 2328 ticon.”

379 2380 559 2415 CCCXV.

34 2439 328 2482 Membmnaceus,
346 2443 382 2476 in
400 2443 492 2481 folio,
512 2443 547 2476 ff.
564 2445 645 2481 210,
665 2454 731 2476 sec.
750 2442 822 2475 xiii.

73 2505 221 2544 Anselmi,
238 2507 470 2539 Cantuariensis
493 2507 729 2548 archiepiscopi,
749 2518 844 2547 opera
860 2517 910 2537 va-

93 2556 156 2592 ria3
181 2557 306 2595 scilicet,

52 2608 80 2638 1.
96 2607 143 2638 De
159 2609 288 2640 veritate
304 2609 454 2651 dialogus.
481 2609 532 2639 fol.
551 2619 576 2638 1.

154 2659 270 2691 Exstat
285 2661 367 2691 inter
382 2671 486 2702 opera,
503 2659 671 2699 ed.2Pa1·is.
690 2668 780 2698 1721,
796 2670 824 2700 p.
842 2669 908 2699 109.

51 2711 78 2740 2.
95 2710 144 2741 De
159 2711 255 2742 libero
270 2712 411 2751 arbitrio,
427 2711 548 2753 praeviis
564 2710 718 2752 capitulis,
735 2710 787 2741 fol.
804 2720 850 2741 10.

155 2762 234 2794 Ibid.
252 2774 283 2804 p.
301 2772 368 2803 117.

1829 166 1843 196 bv(

988 257 1017 285 55.
1036 256 1082 286 Dc
1098 268 1169 287 casu
1187 257 1309 293 diaboli,
1327 269 1395 288 cum
1412 258 1563 299 capitulis.
1588 259 1637 289 sol.
1657 262 1702 289 18.

1097 307 1173 338 111111.
1191 319 1219 348 p.
1237 310 1286 339 (52.

988 359 1015 387 4.
1036 358 1082 388 Ile
1098 366 1249 400 conceptu
1266 360 1405 401 virginali
1429 365 1461 391 et
1483 362 1521 391 de
1542 361 1683 402 originali
1709 367 1846 403 peccato.

1051 409 1102 439 fol.
1119 420 1168 450 35.

1094 460 1174 490 Ibid.
1194 473 1221 502 p.
1236 471 1285 501 97.

987 530 992 537 .
1011 534 1015 538 .
1033 510 1190 541 CurDeus
1207 512 1320 547 Homo,
1333 524 1400 542 cum
1415 514 1541 554 prologo
1553 519 1584 544 et
1597 514 1748 555 capitulis.
1766 515 1784 545 f.
1795 526 1844 556 51.

935 565 936 579 ¹
1093 561 1171 591 Ibid.
1193 573 1221 602 p.
1237 571 1286 600 74.

987 610 1015 641 6.
1035 612 1081 642 De
1098 612 1310 643 incarnatione
1326 614 1433 644 Verbi.
1458 615 1507 644 sol.
1524 616 1572 645 88.

1095 662 1175 693 Ibid.
1193 674 1221 703 p.
1234 674 1285 701 41.

988 714 1016 744 7.
1036 713 1226 754 l’roslogion.
1251 714 1301 743 fol.
1320 725 1386 744 101.

1094 764 1173 794 Ibid.
1191 776 1218 805 p.
1235 775 1284 803 29.

987 817 1015 845 8.
1033 815 1080 845 De
1096 816 1290 856 processione
1308 816 1442 857 Spiritus
1459 817 1573 848 Sancti.
1599 818 1648 848 fol.
1669 829 1733 849 110.

1093 865 1172 896 Ibid.
1191 877 1218 906 p.
1232 876 1282 905 49.

986 917 1014 949 9.
1033 917 1080 947 De
1096 917 1246 947 sacrificio
1261 918 1359 958 azymi
1377 922 1409 948 ct
1425 918 1611 949 fermentati.
1636 919 1686 950 fol.
1705 930 1755 960 131
1779 921 1806 951 b.

1094 967 1174 998 Ibid.
1191 979 1219 1009 p.
1237 978 1305 1008 135·

966 1019 1014 1048 10.
1033 1019 1080 1049 De
1097 1019 1299 1050 sacramentis
1315 1019 1459 1050 ecclesiae.
1484 1020 1534 1050 fol.
1555 1031 1619 1061 1⁴35.

1093 1070 1190 1111 Incip.
1205 1082 1234 1111 p.
1252 1081 1319 1111 139.

967 1122 1014 1151 11.
1033 1121 1081 1152 De
1104 1122 1306 1162 praescientiae
1330 1126 1361 1152 ct
1386 1123 1667 1163 praedestinationis
1683 1125 1845 1155 concordia

1049 1184 1118 1203 cum
1135 1173 1232 1204 libero
1247 1173 1387 1204 arbitrio.
1412 1174 1462 1204 fol.
1481 1176 1538 1215 136
1551 1175 1579 1205 b.

1091 1224 1170 1254 Ibid.
1188 1236 1216 1265 p.
1234 1235 1302 1267 123.

965 1276 1013 1305 12.
1031 1275 1243 1317 Monologion.
1268 1276 1318 1307 fol.
1337 1286 1391 1317 153
1410 1277 1439 1307 b.

1092 1327 1171 1358 Ibid.
1189 1339 1217 1369 p.
1234 1338 1264 1369 3.

1092 1378 1130 1408 In
1147 1379 1238 1415 calce,
1257 1384 1274 1396 “
1289 1379 1468 1420 Expliciunt
1484 1379 1576 1410 libelli
1594 1380 1762 1409 Anselmi.”

965 1430 1014 1460 18.
1034 1430 1088 1471 [A.
1106 1430 1154 1460 M.
1171 1430 1202 1460 S.
1220 1430 1345 1461 Boethii
1361 1430 1432 1461 fidei
1449 1430 1624 1472 confessio]
1648 1430 1698 1460 fol.
1718 1432 1785 1470 187.

1092 1480 1188 1522 Incip.
1218 1481 1497 1512 “Christianorum
1525 1481 1616 1511 fidem
1645 1481 1716 1511 novi
1738 1493 1774 1512 ac
1800 1493 1846 1512 ve-

1070 1532 1145 1563 teris
1162 1533 1354 1563 Testamenti
1380 1533 1488 1573 pandit
1508 1533 1719 1567 auctoritas?q
1743 1537 1778 1563 ut
1802 1533 1846 1563 in-

1071 1588 1118 1615 ter
1134 1585 1281 1626 opuscula
1298 1584 1359 1616 alia
1375 1584 1509 1622 Boethii,
1525 1585 1571 1615 ed.
1586 1584 1733 1620 Vallinio,
1756 1586 1844 1624 1656,

1069 1647 1099 1676 p.
1117 1644 1185 1674 172.

934 1686 935 1690 ’
966 1688 1013 1716 Η.
1032 1686 1179 1727 Ejusdem
1204 1687 1327 1717 Boethii
1355 1687 1392 1717 de.
1419 1687 1603 1718 scholarium
1631 1687 1789 1727 disciplina
1814 1687 1846 1717 li-

1049 1738 1157 1768 bellus.
1183 1738 1234 1768 fol.
1250 1748 1317 1777 190.

1091 1788 1188 1829 Incip.
1208 1793 1224 1805 ⁴‘
1240 1788 1357 1819 Vestra
1373 1789 1458 1819 novit
1474 1788 1635 1819 intentio.u

934 1850 935 1879 g
967 1841 1013 1871 15.
1033 1839 1197 1881 [Ejusdem
1223 1841 1291 1871 libri
1317 1841 1355 1871 dc
1380 1840 1589 1871 consolatione
1616 1839 1842 1881 philosophi-ae]

934 1884 935 1891 ¹
1050 1892 1175 1933 Imperf.

1093 1944 1188 1984 Incip.
1206 1955 1282 1974 vers.

1008 2002 1024 2012 ⁸*
1037 1995 1182 2026 Carmina
1195 1996 1246 2036 qui
1263 1995 1418 2036 quondam
1435 1994 1538 2025 studio
1553 1994 1681 2024 florente
1697 1993 1829 2034 peregi.''

1091 2047 1217 2080 Exstat,
1235 2047 1282 2077 ed.
1301 2046 1447 2082 vallium,
1465 2057 1494 2087 p.
1511 2056 1535 2075 1.

1091 2097 1186 2129 Defic.
1205 2098 1235 2128 in
1251 2098 1362 2133 verbis,
1379 2104 1396 2114 ⁴·
1413 2097 1490 2128 Cum
1512 2100 1601 2127 tanto
1615 2095 1774 2136 splendore
1797 2105 1843 2124 sc-

1069 2149 1184 2179 ciorum
1202 2160 1270 2179 cum
1286 2149 1425 2189 conjugis
1441 2149 1568 2189 pudore,
1585 2157 1652 2177 cuin
1753 2148 1759 2155 “

990 512 1005 539 »51

1307 2242 1501 2276 CCCXVI.

963 2305 1083 2339 Codex
1115 2306 1407 2340 membranaceus.
1434 2305 1468 2337 in
1493 2303 1585 2341 folio.
1614 2301 1646 2334 ff.
1669 2300 1747 2338 106,
1777 2313 1841 2334 sec.

987 2365 1046 2397 xii.
1078 2364 1258 2403 exeuntis;
1297 2363 1377 2396 olim
1407 2371 1414 2380 ”
1433 2362 1544 2395 fratris
1572 2359 1742 2392 Willelmi
1774 2359 1843 2391 Do-

988 2427 1152 2467 nyngton,
1189 2433 1292 2466 quem
1332 2422 1417 2454 emit
1451 2432 1471 2453 a
1507 2420 1686 2463 Deggurry
1722 2417 1842 2461 Hcyns

987 2492 1076 2514 anno
1091 2479 1207 2519 147l‚'
1224 2484 1345 2524 postea
1364 2484 1372 2497 ⁶
1384 2478 1527 2512 Roberti
1544 2476 1691 2519 Otuwey
1704 2476 1745 2518 (ἕ)
1771 2487 1843 2508 rec-

988 2539 1070 2572 toris
1102 2539 1145 2571 de
1180 2537 1345 2582 Dalbury,
1376 2547 1478 2580 quem
1513 2535 1597 2567 emit
1633 2534 1675 2567 de
1709 2533 1842 2567 Thoma

989 2595 1143 2635 GosnelL
1163 2601 1246 2629 tunc
1267 2600 1400 2629 rectore
1420 2594 1462 2626 de
1481 2591 1647 2636 G1·usley.'

1007 2659 1245 2690 Deuteronomii
1268 2659 1345 2689 liber
1368 2657 1478 2698 glossis
1502 2655 1724 2696 marginalibus
1749 2655 1841 2686 inter—

1026 2711 1256 2752 linearibusque
1271 2719 1420 2751 perquam
1437 2707 1618 2737 illustratus.

1070 2762 1167 2803 Incip.
1186 2766 1203 2779 ‘⁶
1221 2761 1289 2792 Hec
1313 2764 1384 2791 sunt
1408 2759 1520 2794 verba;
1550 2762 1608 2789 etc.

1111 2825 1130 2848 L
1150 2817 1170 2848 2

1655 2757 1725 2788 Hoc
1750 2758 1788 2789 de
1812 2769 1843 2788 se
