2254 3117
367 176 436 208 123

366 274 415 304 11.
432 272 564 304 Estatut
579 271 617 301 de
629 271 659 301 la
675 269 808 303 Monam
835 269 918 300 Gall.
941 269 993 300 fol.
1009 270 1078 308 167.

368 329 417 357 12.
434 327 543 357 Statut
558 326 596 355 de
611 324 762 364 Trespas;
783 323 867 354 Gall.
891 323 942 354 fol.
960 325 1015 362 167
1033 324 1064 354 b.

370 382 415 411 13.
433 380 610 421 Registrum
632 378 790 415 Brevium,
807 388 877 408 cum
901 378 1024 409 casibus
1042 378 1135 410 variis
1146 391 1154 415 3
1178 380 1246 410 Lat.

450 435 482 462 et
500 431 579 461 Gall.
602 430 654 460 sol.
672 430 740 459 168.

494 482 590 523 Incip.
609 486 627 498 “
640 481 749 512 Nullus
767 484 873 521 potest
894 481 1031 523 obligare
1051 482 1248 524 assingnatos

469 533 510 563 ad
526 531 747 573 warantyam.”

694 615 915 651 CCCXXII.

366 679 486 712 Codex
500 678 796 717 membranaceus,
811 678 845 711 in
860 677 953 717 folio,
968 677 1002 710 ff.
1015 680 1071 714 24,
1087 689 1154 711 sec.
1167 678 1247 717 xiv„

389 735 477 768 binis
505 734 675 768 columnis
697 740 879 774 exaratus;
910 746 954 768 cx
983 735 1073 768 dono
1103 734 1247 768 Roberti

389 793 496 838 King,
515 792 592 826 coll.
612 792 714 837 hujus
732 792 900 836 capellani
921 791 1025 829 1678.

409 857 567 888 Francisci
600 857 653 897 [de
682 856 921 897 Mayronibusi]
957 868 1049 897 super
1080 857 1247 887 secundum

428 909 541 938 librum
566 908 789 939 sententiarum
817 908 1075 945 commentarius3
1110 908 1141 937 iu
1166 907 1247 938 calce

429 959 528 990 mutil.

474 1010 572 1051 Incip.
590 1014 610 1026 “
625 1009 715 1040 Circa
738 1009 922 1051 principium
945 1010 1071 1040 secundi
1091 1010 1159 1040 libri
1181 1020 1248 1039 sen—

450 1061 622 1091 tenciarum
639 1071 734 1101 quero
750 1071 843 1090 unam
859 1060 1079 1101 questionem.''

473 1112 570 1142 Defic.
586 1111 617 1141 in
633 1111 745 1147 verbis,
763 1116 780 1127 ‘⁵
793 1115 865 1141 sunt
882 1111 933 1141 uni
950 1111 980 1141 in
997 1111 1145 1142 rationes*

473 1163 691 1198 Praemittitur,
718 1168 736 1179 ⁴⁴
754 1163 938 1193 Franciscus
965 1174 1056 1204 super
1082 1163 1248 1193 secundum

453 1214 697 1250 Sentenoiarum,
715 1213 850 1254 precium
868 1214 911 1254 iij.
928 1226 950 1244 s.
967 1214 1020 1254 iiij.
1037 1214 1087 1244 ‹l.”

687 1303 928 1337 CCCXXIII.

369 1365 589 1405 chartaceus,
609 1366 643 1398 iu
670 1365 762 1399 folio.
787 1366 822 1399 ff.
838 1368 895 1404 53,
915 1377 980 1399 sec.
996 1365 1088 1403 xvi.;
1115 1369 1135 1383 “
1150 1364 1248 1398 bibli-

393 1423 524 1456 othecae
538 1422 646 1456 Mert.
660 1423 801 1456 donavit
814 1423 972 1456 dominus
985 1422 1138 1456 Thomas
1150 1421 1249 1467 Clay-

392 1486 464 1515 tou.
484 1492 589 1525 eques
607 1485 756 1519 auratus,
775 1486 811 1514 et
839 1481 973 1526 collegii
1002 1481 1103 1525 hujus
1125 1486 1249 1517 custos,

394 1538 484 1572 Mar.
501 1541 533 1578 2,
555 1537 682 1572 1680.'’

413 1595 516 1625 Hoclli
533 1595 606 1625 Dha
622 1594 730 1636 Leges,
748 1606 816 1626 cum
833 1595 1023 1636 praefatione.

456 1645 552 1686 Incip.
565 1646 652 1686 praef.
664 1650 682 1662 ⁴·
693 1646 822 1683 Hoelus,
831 1652 1037 1686 cognomento
1049 1646 1161 1683 Bonus,
1171 1646 1251 1677 filius

434 1697 562 1734 Cadelli,
578 1697 635 1728 Dei
651 1698 754 1739 gratia
770 1709 824 1728 rex
840 1698 1012 1728 Cainbrie.“'

455 1748 493 1778 In
505 1748 643 1788 margine
654 1749 776 1789 scripsit
788 1749 897 1790 aliquis
910 1749 1119 1789 pcdegradum
1132 1749 1153 1779 J
1157 1749 1251 1780 ohan-

434 1799 481 1829 nis
498 1799 574 1835 Dee,
589 1810 608 1829 a
624 1799 708 1830 dicto
725 1799 837 1829 Hoello
853 1800 1058 1841 incipientem.

456 1850 495 1880 In
510 1850 592 1880 calce
608 1850 732 1887 codicis,
749 1857 766 1867 ⁸*
781 1850 958 1891 Expliciunt
975 1851 1057 1891 leges
1073 1850 1223 1881 How-elif*

695 1944 929 1979 CCCXXIV.

372 2007 592 2046 Chartaceus,
611 2007 647 2040 in
664 2006 757 2047 folio,
776 2006 810 2040 ff.
827 2010 909 2047 234,
924 2019 989 2041 sec.
1003 2018 1070 2043 xv„
1090 2008 1171 2042 olim
1191 2008 1252 2043 Jo-

396 2065 517 2098 hannis
536 2064 703 2104 Hatfield‚
730 2069 850 2109 postea
867 2065 942 2099 coll.
966 2065 1071 2099 Mert.
1099 2078 1142 2100 ex
1162 2067 1252 2101 dono

397 2120 511 2154 Caroli
526 2120 632 2166 King,
651 2121 743 2154 socii.

416 2182 443 2211 1.
462 2180 632 2211 Sententia:
660 2181 867 2222 proverbiales
894 2193 930 2212 ex
955 2183 1082 2220 Galeno,
1109 2184 1252 2221 Platone,

479 2237 538 2262 etc.
563 2232 613 2262 fol.
630 2243 654 2262 1.

521 2283 617 2325 Incip.
636 2288 655 2302 ‘⁴
666 2283 826 2315 Sobrietas
842 2285 1021 2316 memoriam
1038 2287 1169 2318 sei‘vat.”
1214 2291 1219 2297 '

415 2340 443 2368 2.
461 2338 509 2369 De
526 2339 713 2379 ponderibus
729 2345 760 2370 et
776 2340 936 2370 mensuris.
959 2340 1010 2371 sol.
1025 2351 1036 2371 1
1053 2341 1082 2371 b.

522 2390 616 2430 Incip.
635 2398 652 2406 ⁸·
666 2390 764 2421 Siclus
780 2395 811 2421 et
828 2395 927 2421 stater
942 2396 974 2421 et
990 2392 1155 2422 te11a1·ius.”

416 2446 444 2475 3.
463 2444 598 2485 Asclepii
611 2456 697 2485 opus.
710 2446 791 2486 quod
808 2446 921 2476 dicitur
938 2446 1102 2486 Speculum
1119 2447 1252 2478 medico-

480 2506 559 2531 rum,
582 2507 651 2526 cum
674 2496 801 2537 prologo
827 2501 857 2527 et
881 2496 992 2531 titulis,
1017 2508 1144 2528 numero
1162 2509 1252 2538 1019,

480 2546 611 2587 praeviis.
637 2547 688 2577 fol.
703 2557 734 2587 3.
915 2550 919 2553 ⁴

525 2597 620 2639 Incip.
639 2598 714 2639 prol.
731 2597 859 2628 metrice
874 2601 910 2628 ut·
923 2598 1070 2638 sequitur„

420 2656 436 2665 ⁸*
450 2648 496 2679 Ne
506 2648 563 2679 tibi
578 2649 739 2690 displiceat
752 2648 834 2690 quod
849 2648 891 2678 sic
908 2659 975 2678 sum
988 2659 1116 2688 corpore
1132 2660 1253 2690 parvus.

449 2700 578 2731 Ortulus
594 2700 653 2731 istc
668 2700 767 2731 brevis
784 2700 874 2730 micia
890 2711 980 2741 poma
995 2700 1103 2741 gei-its*

524 2750 620 2792 Incip.
637 2751 687 2782 lib.
714 2757 732 2768 ‘⁸
745 2751 824 2791 Quia
846 2751 884 2782 de
907 2751 1132 2792 egritudinibus
1154 2752 1255 2793 singu-

502 2802 600 2833 larum
617 2803 755 2843 parcium
771 2802 909 2844 corporis
924 2803 1090 2833 tractaturi
1107 2804 1241 2834 suiuus.”

931 169 1231 205 CATALOGUS
1257 171 1491 206 CODICUM
1518 170 1626 206 MSS.

1320 271 1346 299 4.
1364 269 1503 300 Trotulae
1524 269 1601 299 liber
1617 269 1656 299 de
1671 269 1787 300 morbis
1804 269 1977 309 mulierum,
1993 273 2115 313 praeviis
2130 284 2180 305 ca-

1382 320 1497 361 pitulis.
1520 320 1571 350 fol.
1587 330 1628 360 94
1644 320 1673 350 b.

1426 372 1486 402 Tit.
1505 371 1694 412 “Incipiunt
1711 370 1847 411 capitula
1866 371 1899 401 in
1921 371 2033 404 librum
2053 373 2181 405 Trotule

1404 423 1443 453 de
1458 421 1685 464 egritudinibus
1701 421 1893 453 mulie1·um.”

1320 479 1349 507 5.
1367 476 1540 508 Alexandri
1558 476 1678 507 libellus
1699 476 1738 507 de
1758 476 1851 514 coitu,
1868 488 1938 508 cum
1953 478 2106 520 capitulis.
2129 479 2180 510 fol.

1387 538 1397 558 1
1411 538 1419 557 1
1426 537 1443 568 3
1455 528 1485 557 b.

1428 579 1489 609 Tit.
1515 577 1661 619 “Incipit
1684 578 1762 609 liber
1785 578 1957 610 Alexandri
1981 580 2020 611 de
2043 580 2126 612 coitu
2149 585 2180 612 et

1405 630 1471 670 ejus
1487 629 1625 660 effectu.qq

1428 681 1523 722 Incip.
1542 685 1559 697 “
1570 681 1701 712 Creator
1717 681 1821 712 volens
1837 693 1928 713 omne
1942 693 2040 724 genus
2052 683 2182 715 firmiter

1404 744 1440 763 ac
1457 733 1639 763 stabiliter?

1320 783 1347 814 6.
1367 784 1501 814 Libellus
1517 784 1555 814 de
1570 783 1761 819 flebotomia,
1779 795 1848 814 cum
1869 784 2020 826 capitulis.
2045 785 2095 817 fol.
2112 787 2179 816 118.

1427 834 1523 875 Incip.
1543 838 1560 851 “
1573 834 1706 876 Sanguis
1721 835 1799 865 alius
1814 838 1863 866 est
1878 836 2057 868 naturalis.”

1321 891 1348 921 7.
1368 889 1503 920 NValteri
1515 889 1654 931 Agulini,
1665 890 1726 919 sive
1733 889 1881 930 Aquifini,
1893 890 1931 921 de
1940 890 2037 922 urinis
2048 890 2182 929 libellus,

1384 953 1451 972 cum
1469 941 1576 972 tabula
1592 941 1807 982 capitulorum.
1833 940 1884 971 fol.
1902 950 1970 972 121.

1428 993 1488 1024 Tit.
1507 993 1695 1034 “Incipiunt
1717 992 1855 1034 capitula
1878 993 2019 1034 magistri
2045 993 2181 1025 walteri

1407 1044 1532 1085 Agulini
1550 1044 1588 1074 dc
1604 1044 1730 1074 urinis.''

1429 1095 1524 1136 Incip.
1544 1099 1561 1111 ⁴⁴
1574 1095 1674 1125 Urina
1687 1094 1787 1125 calida
1800 1095 1831 1125 in
1844 1098 1929 1126 terra
1944 1095 2028 1126 color
2043 1096 2182 1127 rubeus.”

1322 1156 1350 1181 8.
1368 1151 1493 1182 Ricardi
1511 1151 1698 1182 Salernitani
1719 1151 1840 1181 libellus
1863 1151 1901 1181 de
1923 1151 2019 1182 urinis
2040 1156 2072 1182 et
2092 1152 2181 1183 febri-

1385 1203 1453 1238 bus,
1469 1214 1537 1233 011111
1554 1202 1707 1242 capitulis.
1731 1202 1782 1232 sol.
1800 1211 1854 1243 123
1868 1202 1897 1232 b.

1428 1253 1491 1284 Tit.
1510 1259 1527 1269 ⁸·
1542 1253 1655 1294 Incipit
1670 1253 1748 1283 liber
1766 1252 1811 1282 M.
1825 1251 1951 1283 Ricardi
1968 1252 2107 1284 Salernie
2121 1264 2182 1284 me-

1407 1305 1466 1336 dici
1492 1305 1530 1335 de
1554 1305 1687 1346 hiisque
1709 1309 1782 1335 sunt
1803 1304 2026 1335 consideranda
2041 1305 2073 1335 in
2087 1306 2181 1336 omni-

1407 1356 1463 1386 bus
1480 1356 1610 1387 urinis.”

1433 1407 1530 1448 Incip.
1548 1414 1565 1424 ‘⁵
1578 1407 1637 1446 Qui
1653 1407 1738 1448 cupit
1754 1408 1892 1445 urinas,”
1908 1411 1968 1439 etc.
2007 1412 2025 1424 “
2041 1408 2182 1449 Quinque

1406 1460 1613 1490 attenduntur
1627 1459 1785 1500 generalia
1800 1464 1832 1490 et
1847 1459 2063 1500 principalia.”

1322 1514 1351 1546 9.
1371 1512 1465 1543 Liber
1482 1512 1684 1553 Hippocratis
1702 1518 1719 1529 ⁴·
1732 1513 1770 1543 de
1786 1513 2061 1554 complexionibus,
2076 1514 2182 1550 urinis,

1385 1564 1512 1600 morbis,
1539 1571 1570 1595 ct
1593 1564 1764 1597 medicinis,
1780 1569 1812 1595 et
1838 1565 1876 1595 de
1903 1564 2038 1595 sanitate
2064 1576 2182 1596 conser-

1387 1616 1498 1651 vanda,
1513 1615 1576 1656 regi
1595 1615 1754 1646 Meccnati
1770 1615 1912 1646 missus.''
1934 1615 1984 1646 fol.
2001 1625 2057 1657 129
2068 1616 2099 1647 b.

1431 1667 1529 1707 Incip.
1547 1672 1564 1683 ‘⁴
1579 1667 1730 1697 Libellum
1747 1678 1837 1708 quem
1853 1667 1999 1708 rogastis*

1303 1723 1351 1751 10.
1371 1721 1464 1752 Liber
1479 1722 1516 1751 (le
1532 1721 1671 1762 pulsibus
1687 1722 1727 1752 ad
1742 1721 1930 1752 Johannem.
1953 1721 2004 1752 fol.
2020 1731 2087 1762 134.

1430 1772 1528 1813 Incip.
1553 1778 1571 1788 ‘⁴
1585 1773 1653 1812 Qua
1677 1778 1707 1803 te
1729 1772 1894 1802 devocione
1914 1776 2049 1808 teneam,
2064 1771 2105 1802 mi
2127 1771 2181 1801 Jo-

1408 1824 1553 1854 liannes.”

1303 1877 1351 1906 11.
1370 1875 1594 1916 Experimento.
1609 1875 1765 1917 Cophonis
1781 1875 1819 1906 de
1834 1874 1980 1906 febribus.
2003 1874 2053 1905 fol.
2072 1876 2138 1916 136.

1430 1926 1526 1967 Incip.
1544 1932 1561 1943 ‘⁵
1575 1926 1728 1965 Quoniam
1743 1926 1910 1956 humanum
1928 1925 2068 1966 corpus.''

1304 1983 1351 2012 12.
1371 1982 1594 2023 Experimento,
1617 1981 1728 2011 Parisii
1751 1980 1876 2012 abbatis
1899 1980 1937 2011 de
1960 1979 2104 2010 febribus.
2131 1979 2180 2010 fol.

1390 2041 1445 2073 137
1460 2033 1490 2063 b.

1431 2083 1528 2125 Incip.
1546 2088 1564 2100 ⁴⁶
1577 2082 1742 2114 Sciendum
1758 2087 1805 2113 est
1821 2083 1903 2124 quod
1921 2093 1959 2113 ex
1974 2082 2098 2113 nimia.”

1303 2140 1352 2169 13.
1370 2138 1616 2169 Sccretissimum
1639 2137 1720 2178 regis
1743 2137 1853 2168 Cateni
1877 2137 2044 2168 Persarum
2063 2137 2101 2167 de
2123 2136 2179 2167 vir-

1387 2194 1455 2221 tute
1470 2189 1591 2230 aquilae.
1616 2188 1667 2219 fol.
1684 2198 1751 2227 142.

1430 2242 1527 2282 Incip.
1540 2246 1558 2258 ‘⁴
1569 2241 1628 2272 Est
1638 2241 1719 2271 enim
1729 2240 1831 2281 aquila
1840 2251 1896 2270 rex
1906 2239 2042 2271 omnium
2052 2239 2181 2271 avium.''

1430 2293 1468 2323 In
1481 2293 1572 2327 calce,
1587 2298 1605 2309 ‘⁶
1617 2292 1753 2333 Explicit
1765 2292 1823 2323 iste
1836 2296 1991 2323 tractatus
2003 2303 2022 2322 a
2033 2291 2180 2333 magistro

1409 2343 1568 2373 willelmo
1584 2342 1715 2384 Anglico
1736 2342 1774 2373 de
1796 2342 1901 2384 lingua
1918 2342 2055 2373 Arabica
2077 2341 2108 2372 in
2124 2341 2181 2371 La·

1410 2393 1510 2423 tinum
1525 2393 1724 2424 translatus?

1305 2445 1352 2474 14.
1372 2444 1465 2475 Liber
1486 2445 1525 2475 de
1548 2444 1715 2475 virtutibus
1738 2444 1908 2475 bestiarum
1933 2446 1964 2474 et
1989 2443 2100 2474 avium.
2129 2441 2180 2472 fol,

1392 2505 1448 2535 142
1466 2495 1495 2526 b.

1432 2546 1528 2587 Incip.
1557 2550 1576 2564 ‘⁶
1593 2545 1670 2587 Regi
1695 2545 1893 2586 Egipciorum
1919 2544 2092 2576 Octoniano
2117 2543 2179 2573 Au-

1409 2602 1513 2639 gustO,
1528 2597 1668 2628 salutem.
1715 2596 1861 2627 Pluribus
1876 2595 2025 2637 exemplis
2040 2595 2156 2625 tuam.”

1296 2652 1354 2685 15.
1372 2652 1565 2691 Quaestiones
1588 2651 1746 2682 naturales
1762 2655 1779 2667 ‘⁴
1791 2650 1853 2681 arti
1876 2650 1990 2691 phisice
2006 2653 2178 2690 competen-

1389 2701 1470 2732 tes.”
1495 2702 1546 2732 fol.
1563 2711 1630 2740 144.

1433 2752 1528 2793 Incip.
1547 2757 1564 2769 “
1577 2751 1689 2783 Omnia
1704 2762 1834 2792 corpora
1849 2762 1886 2782 ex
1902 2755 2036 2793 quatuor
2051 2750 2178 2781 elemen-

1409 2803 1482 2834 tis.”
