2254 3117
351 158 372 188 8
902 150 1201 186 CATALOGUS
1227 150 1462 186 CODICUM
1490 152 1600 187 MSS.

435 265 461 282 α.
479 251 691 292 Gnomologia‚
704 249 896 280 tetrastichis
908 249 1138 290 comprehensa.
1152 248 1171 278 f.
1181 249 1229 287 78.

540 302 676 332 Exstant
692 301 723 331 in
739 301 812 331 edit.
829 300 920 336 Billii,
937 304 1012 330 tom.
1025 299 1055 330 ii.
1074 310 1102 340 p.
1120 300 1187 340 156.

432 363 463 396 β.
482 357 650 399 Epitaphia
665 356 826 387 duodecim
843 356 873 386 in
893 357 924 387 S.
938 355 1097 386 Basilium.
1122 355 1173 385 fol.
1190 356 1224 385 81

496 409 523 439 b.
542 409 591 448 83.

539 458 619 489 Ibid.
636 462 709 489 tom.
727 459 757 488 ii.
776 470 804 499 p.
822 468 887 499 152.

432 528 458 554 γ.
476 513 676 544 Monosticha
700 513 841 549 iambica,
868 513 975 543 ordine
998 512 1166 554 alphabeti.
1199 513 1228 543 ff.

494 566 532 595 82
549 565 578 595 b.
595 566 645 595 81.

538 615 615 646 Ibid.
632 619 707 646 tom.
724 615 754 646 ii.
770 627 799 657 p.
817 616 885 645 186.

368 674 395 701 4.
411 671 566 702 Johannis
591 672 766 702 Geometrae
790 671 968 708 Paradisus,
991 670 1053 701 sive
1077 670 1228 711 epigram-

430 726 516 753 mata
537 723 733 759 tetrasticha,
760 722 802 753 sic
823 723 982 762 inscripta,
1009 722 1156 761 κεφάλαια
1179 735 1227 760 με-

429 774 614 812 ταβληθέντα
639 775 669 804 ἐκ
694 776 743 812 τῆς
766 775 877 812 βίβλου
907 777 964 804 τῶν
994 773 1229 812 ἀποφθεγμάτων

430 826 476 855 καὶ
505 825 637 863 πράξεων
667 829 722 856 τῶν
753 826 842 856 ὁσίων
872 825 1004 864 πατέρων
1033 825 1112 863 ἡμῶν
1143 825 1182 854 ὧν
1212 825 1228 862 ἡ

429 877 569 914 ἐπονυμία
598 877 790 916 παράδεισοςζ
829 877 941 907 Νείλου
974 878 1112 915 μοναχοῦ,
1141 877 1167 905 οἷ
1197 877 1225 905 δὲ

428 927 564 958 Ἰωάννου
580 928 753 967 γεωμέτρου
777 929 965 967 ἡρωελεγεῖα.
982 927 1032 957 fol.
1044 927 1082 963 84
1096 927 1126 957 b.
1147 936 1229 956 101-

431 980 488 1009 106
506 979 536 1015 b,
554 989 620 1019 115.

472 1030 616 1070 Impress.
633 1034 760 1061 exstant
777 1030 875 1060 Paris.
894 1039 982 1071 1595.

366 1086 394 1115 5.
411 1084 566 1115 Johannis
582 1085 685 1116 Arclae
705 1097 837 1116 canones
858 1086 909 1116 alii
926 1086 996 1118 duo,
1014 1096 1068 1126 per
1089 1085 1227 1121 iambos;

428 1136 459 1166 in
475 1136 558 1166 calce
576 1137 674 1167 mutil.
698 1137 748 1167 fol.
767 1147 815 1177 91.

471 1192 532 1223 Tit.
557 1194 653 1231 ἔτερος
677 1194 771 1223 κανὼν
796 1194 842 1223 διὰ
865 1193 956 1232 ςίχων
981 1192 1104 1230 ἰάμβων,
1121 1193 1227 1229 ποίημα

449 1243 587 1274 Ἰωάννου
607 1247 738 1284 μοναχοῦ
754 1247 803 1273 τοῦ
818 1243 928 1282 Ἀρκλῖι
950 1245 1026 1282 ἔχων
1042 1243 1126 1280 τήνδε
1144 1244 1226 1281 ἀκρο-

451 1296 565 1334 στιχίὸα
582 1297 627 1325 διὸ,
643 1296 752 1335 στίχων
768 1296 974 1334 ἡρωελεγείων.
998 1294 1048 1324 fol.
1062 1304 1111 1334 9¹·

472 1345 567 1386 Incip.
585 1346 748 1376 acrostich.
766 1346 784 1375 i.
803 1347 951 1385 Θεογενὲς
966 1347 1048 1384 λόγε.

471 1396 568 1438 Incip.
586 1408 652 1428 can.
669 1397 688 1427 i.
706 1398 771 1438 θείῳ
788 1397 955 1435 καλυφθείς.

472 1449 568 1489 Incip.
584 1449 748 1479 acrostich.
765 1448 796 1478 ii.
813 1448 941 1487 σήμερον
956 1448 1120 1488 ἀχράντοιο.

471 1499 567 1540 Incip.
585 1511 649 1530 can.
667 1500 697 1530 ii.
714 1500 825 1537 στείβει
842 1499 1004 1537 θαλάσσης.

366 1554 395 1586 6.
413 1555 564 1586 Carminis
594 1555 706 1585 heroici
738 1555 862 1585 moralis
893 1555 1120 1595 fragmentum;
1157 1566 1225 1585 cuin

427 1606 536 1647 glossis
552 1606 810 1637 iuterlinearilms.
836 1606 886 1636 fol.
904 1616 969 1646 107.

464 1661 559 1702 Incip.
577 1662 608 1691 in
624 1673 721 1694 versu.

427 1712 463 1750 ἦν
478 1725 504 1742 τι
520 1713 631 1745 δικαίως
646 1713 770 1753 πάσχεις
786 1712 936 1754 νερτερικῷ
953 1713 1024 1751 φέρε
1041 1715 1128 1753 θυμῷ.

469 1763 574 1794 Desin.

428 1817 511 1844 τοῦτο
528 1817 558 1845 δὲ
574 1817 671 1855 βραχὺ
687 1817 734 1853 τῆς
750 1818 801 1855 δρᾷ
819 1816 872 1846 σὺν
888 1817 937 1846 δύο
953 1819 1041 1846 ταῦτα
1057 1819 1179 1846 τιθεῖσα.

470 1871 626 1911 Sequitur,
643 1873 749 1910 ποίημα
770 1871 917 1902 Νικολάου
941 1874 1092 1902 Χωνιανοῦ
1114 1873 1154 1903 εἷς
1174 1871 1225 1909 τὴν

449 1923 535 1961 ἁγίαν
551 1923 638 1953 αὐτοῦ
652 1925 840 1961 μητρόπολιν,
856 1923 946 1964 incip.
963 1924 1019 1961 ὁρῶ
1035 1936 1070 1953 σε
1087 1924 1175 1961 καρτί.

365 1979 392 2008 7.
409 1976 457 2008 De
472 1977 597 2008 vocibus
612 1977 790 2008 animalium
806 1978 977 2019 aviumque.
1002 1976 1052 2008 fol.
1071 1988 1081 2007 1
1092 1988 1138 2007 11.

470 2032 568 2073 Incip.
587 2034 683 2072 φωναὶ
699 2034 788 2071 ζώων,
805 2036 896 2064 κυνῶν
912 2034 974 2071 μὲν,
992 2033 1093 2071 ὑλακή.

363 2089 391 2117 8.
409 2087 528 2118 Tabula
545 2092 707 2129 poetarum
724 2089 914 2119 Graecorum.
936 2088 987 2118 fol.
1005 2099 1013 2119 1
1028 2099 1061 2120 12
1078 2089 1107 2119 b.

363 2144 392 2175 9.
408 2143 430 2173 ,J
433 2143 563 2174 ohannis
593 2144 777 2174 Damasceni
810 2155 908 2174 canon
940 2144 1089 2174 iambicus
1102 2157 1110 2180 3
1155 2155 1224 2174 cum

425 2194 573 2235 glossulis.
598 2196 627 2225 ff.
647 2205 714 2236 113,
734 2206 790 2234 ¹¹4
804 2195 833 2231 b,
851 2205 900 2234 90.

469 2250 530 2281 Tit.
549 2251 642 2281 κανὼν
655 2250 788 2288 ἰαμβικὸς
800 2251 907 2288 ποίημα
922 2252 971 2280 τοῦ
987 2251 1071 2289 ἁγίου
1086 2250 1223 2280 Ἰωάννου

446 2303 495 2330 τοῦ
520 2303 726 2338 Δαμασκηνοῦ,
747 2301 845 2339 φέρων
872 2301 955 2338 τήνδε
980 2302 1168 2341 ἀκροστιχίδα
1191 2302 1223 2330 τὸ

446 2351 538 2390 πάρον
555 2352 631 2382 τουτὶ
646 2352 809 2391 τροπάριον,
827 2366 851 2382 κ.
865 2356 893 2382 λ.

468 2402 564 2443 Incip.
581 2403 744 2433 acrostich.
763 2403 876 2441 εὐεπίης
890 2403 1038 2441 μελέεσιν.

468 2453 563 2494 Incip.
581 2465 646 2484 can.
665 2455 760 2484 ἔσωσε
776 2455 858 2484 λαόν.

342 2507 391 2536 10.
409 2506 456 2537 De
485 2507 587 2538 valore
617 2509 815 2548 pecuniarum
846 2508 1035 2539 diversorum
1063 2519 1220 2549 generum.

426 2558 474 2588 fol.
494 2569 559 2589 121.

468 2609 565 2651 Incip.
591 2611 750 2649 κωὸράντης
774 2611 806 2640 τὸ
829 2614 898 2647 πῶς,
921 2610 938 2648 ἢ
958 2612 991 2641 τὸ
1012 2611 1149 2650 τέταρτον
1174 2612 1223 2647 τῆς

447 2663 570 2699 φώλευς.

344 2716 391 2745 ll.
410 2715 527 2747 Νίσαια)
555 2717 771 2758 interpretatio
798 2717 829 2747 in
857 2718 887 2747 S.
905 2717 1047 2757 Gregorii
1074 2717 1222 2758 Theologi

426 2767 650 2808 epigrammata
666 2768 696 2799 in
713 2769 744 2799 S.
763 2768 919 2799 Basilium.
944 2768 973 2799 ff.
991 2778 1059 2806 122,
1077 2771 1143 2799 118.

1282 250 1331 280 12.
1350 250 1507 287 Matthaei,
1530 251 1664 292 archiep.
1690 250 1787 282 CP01.
1804 251 1936 293 epistola
1952 253 2108 285 canonica.
2131 254 2162 285 ff.

1369 312 1379 331 1
1391 311 1404 330 2
1408 312 1438 342 3,
1454 303 1510 343 158
1528 302 1557 332 b.

1409 353 1471 383 Tit.
1487 355 1625 391 ματθαῖος
1646 353 1720 384 ἐλέω
1742 356 1821 384 Θεοῦ
1844 355 2070 394 ἆρχιεπίσκοπος
2087 359 2165 387 Κων-

1388 416 1488 434 σταντ.
1511 404 1578 436 νέας
1596 403 1706 442 Ῥώμης
1722 405 1767 435 καὶ
1783 406 1977 443 οἷκουμενικὸς
1991 407 2164 448 πατριάρχα.

1409 454 1506 496 Incip.
1524 456 1622 493 ἐπειδὴ
1638 457 1686 493 τῆς
1701 456 1780 494 ἡμῶν
1795 457 1989 495 μετριότητος.

1280 509 1331 539 13.
1348 509 1502 540 Narratio
1517 510 1555 540 de
1571 514 1677 541 monte
1693 511 1780 541 Atho
1797 514 1829 541 et
1851 511 1888 541 (le
1909 511 2041 553 imagine
2062 511 2099 543 B.
2117 513 2162 544 M.

1365 560 1505 601 Virginis
1521 561 1646 592 ibidem.
1670 561 1720 591 fol.
1739 571 1806 598 124.

1407 611 1469 642 Tit.
1486 613 1638 651 ὑπόμνημα
1658 613 1723 651 περὶ
1742 615 1792 642 τοῦ
1814 614 1898 652 ἁγίου
1920 614 2004 652 ὅρους
2021 617 2071 644 τοῦ
2083 613 2162 646 Ἀθω

1387 664 1433 693 καὶ
1447 664 1511 702 περὶ
1527 666 1584 693 τῶν
1604 665 1762 702 τοτητίγων
1784 665 1832 701 τῆς
1853 665 2020 702 σεβασμίας
2041 666 2087 696 καὶ
2108 669 2163 703 βα-

1385 715 1498 751 σιλικῆς
1520 716 1608 752 μονῆς
1632 717 1688 744 τῶν
1711 714 1844 753 Ἰβήρων,
1863 715 1909 745 καὶ
1932 716 1997 754 περὶ
2015 717 2065 753 τῆς
2080 717 2164 756 ἁγίας

1386 765 1432 794 καὶ
1454 765 1653 803 προσκυνήτου
1675 766 1786 797 εἰκόνος
1809 767 1857 803 τῆς
1882 767 2017 797 θεοτόκου
2032 768 2082 805 τῆς
2096 780 2163 807 πορ-

1387 815 1522 853 ταιτήσης
1538 817 1585 846 καὶ
1601 817 1669 846 ὅθεν
1686 818 1732 846 καὶ
1747 817 1824 848 ὅπως
1837 817 1883 847 καὶ
1899 818 1970 847 κατὰ
1981 819 2046 848 τινὰ
2058 818 2164 856 τρόπον

1386 868 1524 904 εἴσηλθεν
1539 868 1572 897 ἐν
1587 867 1657 908 αὐτῇ
1674 869 1708 909 τῇ
1726 870 1800 909 μονῇ
1825 868 1869 898 καὶ
1890 869 1990 907 μερικὴ
2013 868 2164 907 θαυμάτων

1385 918 1526 956 διήγησις.

1408 968 1504 1009 Incip.
1523 970 1555 999 ἐν
1579 972 1638 1001 τοῖς
1660 970 1776 1009 χρόνοις
1800 973 1849 1000 τοῦ
1875 970 2091 1008 εὐσεβεστάτου
2119 972 2164 1002 καὶ

1386 1020 1516 1058 ἀοιδίμου
1532 1021 1681 1058 βασιλέως
1699 1022 1921 1052 Κωνσταντίνου
1937 1024 1987 1051 τοῦ
2002 1022 2142 1062 μεγάλου.

1410 1071 1444 1100 ln
1461 1071 1554 1109 calce,
1571 1073 1724 1110 ἐτελειώθη
1741 1073 1773 1102 ἐν
1790 1075 2098 1104 Κωνσταντινουπόλει
2118 1076 2163 1106 διὰ

1384 1122 1481 1161 χειρὸς
1498 1123 1620 1162 Μιχαὴλ
1636 1122 1796 1161 Ἀὃρηστοῦ
1813 1124 1844 1153 ἐν
1860 1124 1917 1154 ἔτει
1933 1123 2048 1165 Ιαφζθ’
2066 1127 2162 1163 Νοεβ-

1384 1174 1446 1210 ριόυ
1463 1175 1516 1204 κθ’.

1279 1225 1328 1253 14.
1347 1223 1522 1261 Hieremia,
1551 1225 1684 1266 archiep.
1711 1225 1815 1261 OPol.‚
1842 1226 1974 1267 epistola
2003 1227 2159 1259 canoniea.

1363 1275 1414 1305 fol.
1432 1286 1442 1305 1
1452 1278 1500 1306 26.

1405 1326 1466 1357 Tit.
1483 1326 1623 1366 Ἰερεμίας
1645 1327 1719 1368 ἐλέῳ
1736 1330 1816 1359 Θεοῦ
1839 1329 2068 1368 ἀρχιεπίσκοπος
2084 1333 2163 1361 Κων-

1384 1380 1652 1410 σταντινουπόλεως
1679 1379 1747 1410 νέας
1768 1378 1877 1417 Ῥώμης
1902 1380 1948 1410 καὶ
1969 1381 2162 1419 οἶκουμενικὸς

1383 1429 1556 1469 πατριάρχα.

1406 1480 1503 1521 Incip.
1521 1482 1570 1518 τῆς
1585 1481 1664 1519 ἡμῶν
1679 1482 1862 1519 μετριότητος
1878 1484 2038 1520 σ-υνοὸικῆς.

1279 1536 1327 1566 15.
1345 1536 1505 1576 Euthymii
1519 1537 1678 1577 Zygabeni
1701 1537 1891 1568 introductio
1907 1538 1938 1568 in
1952 1538 2158 1575 Psalterium3

1370 1587 1504 1627 ·i¹nperf.
1528 1588 1579 1618 fol.
1598 1598 1663 1629 130.

1404 1638 1466 1669 Tit.
1487 1642 1537 1669 τοῖ’·
1561 1639 1719 1670 ὁσιωτάτου
1743 1640 1826 1678 ἁγίου
1848 1641 1933 1678 κυροῦ
1954 1640 2097 1678 Εὐθυμίου
2112 1643 2161 1671 τοῦ

1384 1693 1552 1729 Ζηγαβινοῦ
1570 1690 1706 1729 ἐξήγησις
1727 1690 1922 1729 ἀκριβεστάτη
1944 1692 2085 1729 σύντομος
2105 1695 2161 1723 τῶν

1381 1741 1424 1778 pv'
1440 1744 1569 1779 ψαλμῶν
1585 1744 1635 1771 τοῦ
1651 1741 1801 1780 προφήτου
1818 1742 1920 1777 Δαυὶὸ,
1935 1742 1981 1772 καὶ
1997 1745 2053 1773 τῶν
2070 1743 2160 1780 ὠδῶν,

1384 1792 1473 1830 ἤγουν
1488 1792 1520 1821 τὸ
1538 1792 1704 1831 ψαλτήριον
1720 1793 1948 1831 ἡρμηνεύμενον.

1407 1843 1500 1873 Defic.
1518 1843 1547 1873 in
1564 1843 1673 1880 verbis,
1691 1844 1738 1873 καὶ
1760 1843 1792 1873 τὸ
1811 1843 1902 1882 μέλος
1921 1843 2018 1880 αὐτοῦ,
2034 1847 2158 1883 ψαλμω-

1383 1904 1432 1926 ους
1447 1905 1477 1924 οε

1277 1944 1325 1975 16.
1343 1945 1566 1986 Thcophylacti
1581 1946 1759 1977 Simocattae
1772 1946 1908 1987 epistolae
1921 1946 2053 1977 morales
2065 1947 2157 1984 xxix„

1360 1997 1483 2027 rustieae
1500 1997 1617 2033 xxviii„
1633 2001 1665 2028 et
1680 1997 1840 2028 amatoriae
1857 1997 1999 2028 totidem.
2023 1998 2043 2028 s.
2061 1999 2128 2039 138.

1403 2047 1465 2078 Tit.
1483 2047 1697 2087 Θεοφυλάκτον
1718 2051 1920 2088 σχολαστικοῦ
1935 2051 1985 2079 τοῦ
2002 2049 2158 2087 σιμοκάτου

1382 2100 1535 2129 ἐπιστολαὶ
1547 2100 1652 2137 ἠθικαί.

1403 2150 1541 2181 Exstant
1557 2151 1695 2192 impress.
1713 2151 1786 2181 Ald.
1807 2161 1896 2189 1499,
1913 2155 1945 2181 et
1960 2151 2042 2182 alibi.

1404 2201 1440 2232 In
1456 2202 1547 2239 calce.
1560 2202 1645 2234 τέλος
1661 2205 1717 2232 τῶν
1732 2203 1903 2232 ἐπιστολῶν.

1276 2254 1324 2285 17.
1343 2253 1601 2293 Philosophorum
1617 2253 1851 2294 epigrammata.
1875 2253 1925 2283 fol.
1945 2263 1999 2294 151
2019 2254 2047 2284 b.

1403 2304 1465 2335 Tit.
1482 2304 1682 2344 ἐπιγράμματα
1697 2305 1846 2335 πλείστων
1861 2306 2046 2344 φιλοσόφων.

1363 2348 1370 2354 “
1403 2355 1501 2396 Incip.
1518 2356 1670 2394 ἐρωτηθεὶς
1681 2356 1722 2387 τὶς
1734 2357 1902 2394 φιλόσοφος
1915 2357 1962 2386 διὰ
1978 2357 2055 2389 τίνος
2067 2358 2156 2389 αἰτίας

1381 2409 1408 2437 οἱ
1423 2408 1570 2446 ἄνθρωποι
1584 2406 1660 2437 πάνυ
1675 2409 1842 2437 λυποῦνται.

1253 2455 1255 2460 ’
1276 2463 1324 2492 18.
1344 2462 1568 2503 Fragmentum
1594 2463 1632 2492 de
1658 2461 1850 2503 expositione
1876 2462 2016 2499 odarum,
2033 2474 2070 2493 ex
2094 2462 2155 2492 Eu-

1359 2513 1488 2554 thymio.
1512 2513 1563 2543 fol.
1580 2523 1647 2553 154.

1403 2565 1473 2594 Des.
1498 2565 1563 2597 τοὺς
1586 2566 1691 2603 ὕμνους
1717 2563 1837 2602 ἐκτάξας
1864 2567 1919 2596 τοῖς
1942 2563 2155 2603 Χοροὸιδασκά-

1379 2620 1452 2647 λοις.

1276 2667 1324 2699 19.
1345 2666 1508 2707 Expositio
1529 2666 1697 2696 dictionum
1715 2666 1895 2697 Graecarum
1914 2665 2154 2708 Latinarumque

1359 2718 1388 2747 in
1418 2717 1573 2758 Liturgiis‚
1599 2721 1633 2748 ut
1659 2717 1792 2754 videtur,
1818 2717 2014 2753 liabitarun13
2048 2717 2153 2748 ordine

1358 2768 1562 2809 alphabetico.
1587 2768 1637 2799 fol.
1657 2778 1721 2809 155.
