<?xml version="1.0" encoding="UTF-8"?>
<!DOCTYPE html PUBLIC "-//W3C//DTD XHTML 1.0 Transitional//EN"
    "http://www.w3.org/TR/xhtml1/DTD/xhtml1-transitional.dtd">
<html xmlns="http://www.w3.org/1999/xhtml" xml:lang="en" lang="en">
 <head>
  <title>
</title>
<meta http-equiv="Content-Type" content="text/html;charset=utf-8" />
  <meta name='ocr-system' content='tesseract 3.04.00' />
  <meta name='ocr-capabilities' content='ocr_page ocr_carea ocr_par ocr_line ocrx_word'/>
</head>
<body>
  <div class='ocr_page' id='page_1' title='image "./cataloguscodicum01coxeuoft_0244.png"; bbox 0 0 2254 3117; ppageno 0'>
   <div class='ocr_carea' id='block_1_1' title="bbox 350 153 396 184">
    <p class='ocr_par' dir='ltr' id='par_1_1' title="bbox 350 153 396 184">
     <span class='ocr_line' id='line_1_1' title="bbox 350 153 396 184; baseline 0 0"><span class='ocrx_word' id='word_1_1' title='bbox 350 153 396 184; x_wconf 71' lang='lat'>44</span> 
     </span>
    </p>
   </div>
   <div class='ocr_carea' id='block_1_2' title="bbox 436 243 1235 391">
    <p class='ocr_par' dir='ltr' id='par_1_2' title="bbox 436 243 1235 391">
     <span class='ocr_line' id='line_1_2' title="bbox 436 243 1233 286; baseline -0.009 -6"><span class='ocrx_word' id='word_1_2' title='bbox 436 252 505 280; x_wconf 86' lang='lat' dir='ltr'>tute</span> <span class='ocrx_word' id='word_1_3' title='bbox 516 247 576 279; x_wconf 86' lang='lat' dir='ltr'>Dei</span> <span class='ocrx_word' id='word_1_4' title='bbox 590 257 681 278; x_wconf 80' lang='lat' dir='ltr'>cause</span> <span class='ocrx_word' id='word_1_5' title='bbox 692 256 856 277; x_wconf 82' lang='lat' dir='ltr'>causarum</span> <span class='ocrx_word' id='word_1_6' title='bbox 871 244 1079 286; x_wconf 84' lang='lat' dir='ltr'>perscriptum</span> <span class='ocrx_word' id='word_1_7' title='bbox 1093 243 1233 274; x_wconf 85' lang='lat' dir='ltr'>London.</span> 
     </span>
     <span class='ocr_line' id='line_1_3' title="bbox 436 295 1235 337; baseline -0.006 -7"><span class='ocrx_word' id='word_1_8' title='bbox 436 310 519 330; x_wconf 81' lang='lat' dir='ltr'>anno</span> <span class='ocrx_word' id='word_1_9' title='bbox 555 297 706 329; x_wconf 84' lang='lat' dir='ltr'>milesimo</span> <span class='ocrx_word' id='word_1_10' title='bbox 740 296 959 328; x_wconf 78' lang='lat' dir='ltr'>trecentesimo</span> <span class='ocrx_word' id='word_1_11' title='bbox 997 295 1235 337; x_wconf 80' lang='lat' dir='ltr'>quadragesimo</span> 
     </span>
     <span class='ocr_line' id='line_1_4' title="bbox 437 347 968 391; baseline -0.006 -10"><span class='ocrx_word' id='word_1_12' title='bbox 437 354 550 391; x_wconf 86' lang='lat' dir='ltr'>quarto</span> <span class='ocrx_word' id='word_1_13' title='bbox 567 349 692 380; x_wconf 85' lang='lat' dir='ltr'>Domini</span> <span class='ocrx_word' id='word_1_14' title='bbox 708 348 728 379; x_wconf 84' lang='lat' dir='ltr'>J</span> <span class='ocrx_word' id='word_1_15' title='bbox 731 349 806 379; x_wconf 87' lang='lat' dir='ltr'>hesu</span> <span class='ocrx_word' id='word_1_16' title='bbox 823 347 968 379; x_wconf 79' lang='lat' dir='ltr'>Clu·isti.”</span> 
     </span>
    </p>
   </div>
   <div class='ocr_carea' id='block_1_3' title="bbox 352 449 1236 610">
    <p class='ocr_par' dir='ltr' id='par_1_3' title="bbox 352 449 1236 610">
     <span class='ocr_line' id='line_1_5' title="bbox 715 449 877 483; baseline -0.006 0"><span class='ocrx_word' id='word_1_17' title='bbox 715 449 877 483; x_wconf 85' lang='lat' dir='ltr'>LXXII.</span> 
     </span>
     <span class='ocr_line' id='line_1_6' title="bbox 352 509 1236 551; baseline -0.003 -4"><span class='ocrx_word' id='word_1_18' title='bbox 352 513 472 547; x_wconf 87' lang='lat' dir='ltr'>Codex</span> <span class='ocrx_word' id='word_1_19' title='bbox 503 511 798 550; x_wconf 81' lang='lat' dir='ltr'>membranaceus,</span> <span class='ocrx_word' id='word_1_20' title='bbox 828 511 860 544; x_wconf 89' lang='lat' dir='ltr'>in</span> <span class='ocrx_word' id='word_1_21' title='bbox 890 511 982 551; x_wconf 90' lang='lat' dir='ltr'>folio,</span> <span class='ocrx_word' id='word_1_22' title='bbox 1009 509 1140 550; x_wconf 76' lang='lat' dir='ltr'><strong>ff.261‚</strong></span> <span class='ocrx_word' id='word_1_23' title='bbox 1168 521 1236 544; x_wconf 83' lang='lat' dir='ltr'>sec.</span> 
     </span>
     <span class='ocr_line' id='line_1_7' title="bbox 376 569 948 610; baseline -0.002 -6"><span class='ocrx_word' id='word_1_24' title='bbox 376 571 457 610; x_wconf 65' lang='lat' dir='ltr'>xiv„</span> <span class='ocrx_word' id='word_1_25' title='bbox 476 570 565 604; x_wconf 85' lang='lat' dir='ltr'>binis</span> <span class='ocrx_word' id='word_1_26' title='bbox 584 569 755 603; x_wconf 81' lang='lat' dir='ltr'>columnis</span> <span class='ocrx_word' id='word_1_27' title='bbox 774 575 948 603; x_wconf 79' lang='lat' dir='ltr'>exaratus.</span> 
     </span>
    </p>
   </div>
   <div class='ocr_carea' id='block_1_4' title="bbox 395 628 1272 825">
    <p class='ocr_par' dir='ltr' id='par_1_4' title="bbox 395 628 1272 825">
     <span class='ocr_line' id='line_1_8' title="bbox 395 628 1236 671; baseline -0.004 -11"><span class='ocrx_word' id='word_1_28' title='bbox 395 630 520 661; x_wconf 79' lang='lat' dir='ltr'>Thomae</span> <span class='ocrx_word' id='word_1_29' title='bbox 529 629 840 671; x_wconf 86' lang='lat' dir='ltr'>AquinatisSummae</span> <span class='ocrx_word' id='word_1_30' title='bbox 850 629 1031 670; x_wconf 74' lang='lat' dir='ltr'>theologicae</span> <span class='ocrx_word' id='word_1_31' title='bbox 1043 640 1116 670; x_wconf 86' lang='lat' dir='ltr'>pars</span> <span class='ocrx_word' id='word_1_32' title='bbox 1127 628 1236 669; x_wconf 86' lang='lat' dir='ltr'>prima.</span> 
     </span>
     <span class='ocr_line' id='line_1_9' title="bbox 460 668 1272 722; baseline -0.002 -10"><span class='ocrx_word' id='word_1_33' title='bbox 460 681 498 711; x_wconf 92' lang='lat' dir='ltr'>In</span> <span class='ocrx_word' id='word_1_34' title='bbox 511 681 605 719; x_wconf 82' lang='lat' dir='ltr'>calce,</span> <span class='ocrx_word' id='word_1_35' title='bbox 617 686 635 698; x_wconf 71' lang='lat'>‘⁶</span> <span class='ocrx_word' id='word_1_36' title='bbox 646 681 784 722; x_wconf 76' lang='lat' dir='ltr'>Explicit</span> <span class='ocrx_word' id='word_1_37' title='bbox 800 680 900 722; x_wconf 88' lang='lat' dir='ltr'>prima</span> <span class='ocrx_word' id='word_1_38' title='bbox 916 691 988 721; x_wconf 84' lang='lat' dir='ltr'>pars</span> <span class='ocrx_word' id='word_1_39' title='bbox 1004 691 1122 710; x_wconf 86' lang='lat' dir='ltr'>summe</span> <span class='ocrx_word' id='word_1_40' title='bbox 1133 679 1240 709; x_wconf 84' lang='lat' dir='ltr'>fratris</span> <span class='ocrx_word' id='word_1_41' title='bbox 1270 668 1272 710; x_wconf 62' lang='lat' dir='ltr'>i</span> 
     </span>
     <span class='ocr_line' id='line_1_10' title="bbox 438 722 1272 773; baseline -0.004 -11"><span class='ocrx_word' id='word_1_42' title='bbox 438 732 558 763; x_wconf 88' lang='lat' dir='ltr'>Thome</span> <span class='ocrx_word' id='word_1_43' title='bbox 577 733 615 762; x_wconf 88' lang='lat' dir='ltr'>de</span> <span class='ocrx_word' id='word_1_44' title='bbox 632 732 769 773; x_wconf 85' lang='lat' dir='ltr'><strong>Aquino,</strong></span> <span class='ocrx_word' id='word_1_45' title='bbox 788 732 827 762; x_wconf 86' lang='lat' dir='ltr'>de</span> <span class='ocrx_word' id='word_1_46' title='bbox 848 731 956 762; x_wconf 82' lang='lat' dir='ltr'>ordine</span> <span class='ocrx_word' id='word_1_47' title='bbox 973 729 1239 762; x_wconf 53' lang='lat' dir='ltr'>predicatorum*</span> <span class='ocrx_word' id='word_1_48' title='bbox 1271 722 1272 726; x_wconf 29' lang='lat'>¹</span> 
     </span>
     <span class='ocr_line' id='line_1_11' title="bbox 461 784 965 825; baseline -0.004 -10"><span class='ocrx_word' id='word_1_49' title='bbox 461 784 610 825; x_wconf 79' lang='lat' dir='ltr'>Sequitur</span> <span class='ocrx_word' id='word_1_50' title='bbox 625 784 733 815; x_wconf 83' lang='lat' dir='ltr'>tabula</span> <span class='ocrx_word' id='word_1_51' title='bbox 749 784 965 825; x_wconf 80' lang='lat' dir='ltr'>quaestionum.</span> 
     </span>
    </p>
   </div>
   <div class='ocr_carea' id='block_1_5' title="bbox 702 885 884 919">
    <p class='ocr_par' dir='ltr' id='par_1_5' title="bbox 702 885 884 919">
     <span class='ocr_line' id='line_1_12' title="bbox 702 885 884 919; baseline 0 0"><span class='ocrx_word' id='word_1_52' title='bbox 702 885 884 919; x_wconf 88' lang='lat' dir='ltr'><strong>LXXIII.</strong></span> 
     </span>
    </p>
   </div>
   <div class='ocr_carea' id='block_1_6' title="bbox 358 945 1245 1508">
    <p class='ocr_par' dir='ltr' id='par_1_6' title="bbox 358 945 1241 1159">
     <span class='ocr_line' id='line_1_13' title="bbox 358 945 1239 988; baseline -0.003 -6"><span class='ocrx_word' id='word_1_53' title='bbox 358 948 661 988; x_wconf 62' lang='lat' dir='ltr'>Membranacem,</span> <span class='ocrx_word' id='word_1_54' title='bbox 696 948 730 981; x_wconf 90' lang='lat' dir='ltr'>in</span> <span class='ocrx_word' id='word_1_55' title='bbox 768 948 862 987; x_wconf 86' lang='lat' dir='ltr'>folio,</span> <span class='ocrx_word' id='word_1_56' title='bbox 895 948 928 980; x_wconf 80' lang='lat' dir='ltr'>ff.</span> <span class='ocrx_word' id='word_1_57' title='bbox 955 945 1037 987; x_wconf 78' lang='lat'>168,</span> <span class='ocrx_word' id='word_1_58' title='bbox 1072 957 1138 979; x_wconf 83' lang='lat' dir='ltr'>sec.</span> <span class='ocrx_word' id='word_1_59' title='bbox 1160 946 1239 979; x_wconf 80' lang='lat' dir='ltr'>xiv..</span> 
     </span>
     <span class='ocr_line' id='line_1_14' title="bbox 381 1007 851 1041; baseline -0.002 -1"><span class='ocrx_word' id='word_1_60' title='bbox 381 1007 471 1041; x_wconf 87' lang='lat' dir='ltr'>binis</span> <span class='ocrx_word' id='word_1_61' title='bbox 490 1007 661 1040; x_wconf 84' lang='lat' dir='ltr'>columnis</span> <span class='ocrx_word' id='word_1_62' title='bbox 679 1011 851 1040; x_wconf 79' lang='lat' dir='ltr'>exaratus.</span> 
     </span>
     <span class='ocr_line' id='line_1_15' title="bbox 399 1064 1241 1107; baseline -0.004 -10"><span class='ocrx_word' id='word_1_63' title='bbox 399 1067 528 1098; x_wconf 80' lang='lat' dir='ltr'>Thomae</span> <span class='ocrx_word' id='word_1_64' title='bbox 544 1066 715 1107; x_wconf 83' lang='lat' dir='ltr'>Aquinatis</span> <span class='ocrx_word' id='word_1_65' title='bbox 732 1065 867 1096; x_wconf 67' lang='lat' dir='ltr'>Summa}</span> <span class='ocrx_word' id='word_1_66' title='bbox 890 1076 963 1107; x_wconf 85' lang='lat' dir='ltr'>pars</span> <span class='ocrx_word' id='word_1_67' title='bbox 984 1065 1084 1106; x_wconf 87' lang='lat' dir='ltr'>prima</span> <span class='ocrx_word' id='word_1_68' title='bbox 1100 1064 1241 1095; x_wconf 62' lang='lat' dir='ltr'>secundae</span> 
     </span>
     <span class='ocr_line' id='line_1_16' title="bbox 423 1116 774 1159; baseline -0.006 -11"><span class='ocrx_word' id='word_1_69' title='bbox 423 1118 544 1159; x_wconf 72' lang='lat' dir='ltr'>partis3</span> <span class='ocrx_word' id='word_1_70' title='bbox 570 1117 660 1147; x_wconf 88' lang='lat' dir='ltr'>initio</span> <span class='ocrx_word' id='word_1_71' title='bbox 675 1116 774 1147; x_wconf 86' lang='lat' dir='ltr'>mutil.</span> 
     </span>
    </p>

    <p class='ocr_par' dir='ltr' id='par_1_7' title="bbox 444 1165 1243 1250">
     <span class='ocr_line' id='line_1_17' title="bbox 466 1165 1243 1208; baseline -0.005 -10"><span class='ocrx_word' id='word_1_72' title='bbox 466 1168 565 1208; x_wconf 87' lang='lat' dir='ltr'>Incip.</span> <span class='ocrx_word' id='word_1_73' title='bbox 582 1167 614 1197; x_wconf 88' lang='lat' dir='ltr'>in</span> <span class='ocrx_word' id='word_1_74' title='bbox 630 1172 739 1208; x_wconf 83' lang='lat' dir='ltr'>quaest.</span> <span class='ocrx_word' id='word_1_75' title='bbox 757 1178 808 1197; x_wconf 82' lang='lat' dir='ltr'>xx.</span> <span class='ocrx_word' id='word_1_76' title='bbox 825 1167 855 1197; x_wconf 90' lang='lat' dir='ltr'>in</span> <span class='ocrx_word' id='word_1_77' title='bbox 872 1166 983 1202; x_wconf 85' lang='lat' dir='ltr'>verbis,</span> <span class='ocrx_word' id='word_1_78' title='bbox 1001 1170 1019 1182; x_wconf 86' lang='lat'>“</span> <span class='ocrx_word' id='word_1_79' title='bbox 1034 1165 1095 1196; x_wconf 84' lang='lat' dir='ltr'>Sed</span> <span class='ocrx_word' id='word_1_80' title='bbox 1116 1165 1177 1195; x_wconf 82' lang='lat' dir='ltr'>alia</span> <span class='ocrx_word' id='word_1_81' title='bbox 1196 1168 1243 1194; x_wconf 83' lang='lat' dir='ltr'>ost</span> 
     </span>
     <span class='ocr_line' id='line_1_18' title="bbox 444 1218 803 1250; baseline -0.006 0"><span class='ocrx_word' id='word_1_82' title='bbox 444 1219 542 1250; x_wconf 88' lang='lat' dir='ltr'>virtus</span> <span class='ocrx_word' id='word_1_83' title='bbox 558 1218 803 1249; x_wconf 82' lang='lat' dir='ltr'>intellectualis.”</span> 
     </span>
    </p>

    <p class='ocr_par' dir='ltr' id='par_1_8' title="bbox 444 1267 1245 1508">
     <span class='ocr_line' id='line_1_19' title="bbox 465 1267 1243 1311; baseline -0.009 -9"><span class='ocrx_word' id='word_1_84' title='bbox 465 1271 503 1302; x_wconf 86' lang='lat' dir='ltr'>In</span> <span class='ocrx_word' id='word_1_85' title='bbox 527 1271 620 1307; x_wconf 81' lang='lat' dir='ltr'>calco,</span> <span class='ocrx_word' id='word_1_86' title='bbox 639 1275 656 1287; x_wconf 63' lang='lat'>‘⁵</span> <span class='ocrx_word' id='word_1_87' title='bbox 669 1270 808 1311; x_wconf 82' lang='lat' dir='ltr'>Explicit</span> <span class='ocrx_word' id='word_1_88' title='bbox 831 1269 976 1310; x_wconf 82' lang='lat' dir='ltr'>expliciat</span> <span class='ocrx_word' id='word_1_89' title='bbox 999 1268 1077 1299; x_wconf 84' lang='lat' dir='ltr'>liber</span> <span class='ocrx_word' id='word_1_90' title='bbox 1089 1269 1114 1303; x_wconf 78' lang='grc'>;”</span> <span class='ocrx_word' id='word_1_91' title='bbox 1138 1272 1170 1298; x_wconf 70' lang='lat' dir='ltr'>et</span> <span class='ocrx_word' id='word_1_92' title='bbox 1194 1267 1243 1297; x_wconf 66' lang='lat' dir='ltr'>tle-</span> 
     </span>
     <span class='ocr_line' id='line_1_20' title="bbox 444 1319 1242 1363; baseline -0.005 -10"><span class='ocrx_word' id='word_1_93' title='bbox 444 1323 516 1353; x_wconf 82' lang='lat' dir='ltr'>inde</span> <span class='ocrx_word' id='word_1_94' title='bbox 540 1322 648 1353; x_wconf 85' lang='lat' dir='ltr'>tabula</span> <span class='ocrx_word' id='word_1_95' title='bbox 675 1321 891 1363; x_wconf 70' lang='lat' dir='ltr'>quzestionum,</span> <span class='ocrx_word' id='word_1_96' title='bbox 908 1324 940 1351; x_wconf 86' lang='lat' dir='ltr'>ot</span> <span class='ocrx_word' id='word_1_97' title='bbox 961 1320 993 1350; x_wconf 89' lang='lat' dir='ltr'>in</span> <span class='ocrx_word' id='word_1_98' title='bbox 1014 1320 1085 1356; x_wconf 80' lang='lat' dir='ltr'>fine,</span> <span class='ocrx_word' id='word_1_99' title='bbox 1104 1329 1120 1336; x_wconf 82' lang='grc'>··</span> <span class='ocrx_word' id='word_1_100' title='bbox 1136 1319 1242 1360; x_wconf 72' lang='lat' dir='ltr'>Expli-</span> 
     </span>
     <span class='ocr_line' id='line_1_21' title="bbox 444 1371 1245 1415; baseline -0.005 -10"><span class='ocrx_word' id='word_1_101' title='bbox 444 1375 531 1405; x_wconf 87' lang='lat' dir='ltr'>ciunt</span> <span class='ocrx_word' id='word_1_102' title='bbox 558 1373 695 1415; x_wconf 87' lang='lat' dir='ltr'>capitula</span> <span class='ocrx_word' id='word_1_103' title='bbox 722 1373 819 1414; x_wconf 85' lang='lat' dir='ltr'>prime</span> <span class='ocrx_word' id='word_1_104' title='bbox 850 1372 950 1414; x_wconf 81' lang='lat' dir='ltr'>partis</span> <span class='ocrx_word' id='word_1_105' title='bbox 981 1372 1114 1402; x_wconf 84' lang='lat' dir='ltr'>secundo</span> <span class='ocrx_word' id='word_1_106' title='bbox 1138 1371 1245 1402; x_wconf 82' lang='lat' dir='ltr'>fratris</span> 
     </span>
     <span class='ocr_line' id='line_1_22' title="bbox 445 1424 1245 1465; baseline -0.003 -10"><span class='ocrx_word' id='word_1_107' title='bbox 445 1425 523 1455; x_wconf 87' lang='lat' dir='ltr'>Tho.</span> <span class='ocrx_word' id='word_1_108' title='bbox 548 1425 586 1455; x_wconf 83' lang='grc'>(10</span> <span class='ocrx_word' id='word_1_109' title='bbox 608 1424 745 1465; x_wconf 82' lang='lat' dir='ltr'>Aquino,</span> <span class='ocrx_word' id='word_1_110' title='bbox 769 1424 886 1455; x_wconf 76' lang='lat' dir='ltr'>ordinis</span> <span class='ocrx_word' id='word_1_111' title='bbox 912 1424 1045 1454; x_wconf 81' lang='lat' dir='ltr'>fratrum</span> <span class='ocrx_word' id='word_1_112' title='bbox 1071 1424 1245 1464; x_wconf 81' lang='lat' dir='ltr'>prodicato-</span> 
     </span>
     <span class='ocr_line' id='line_1_23' title="bbox 444 1477 542 1508; baseline 0 -1"><span class='ocrx_word' id='word_1_113' title='bbox 444 1477 542 1508; x_wconf 76' lang='lat' dir='ltr'>ru1n.”</span> 
     </span>
    </p>
   </div>
   <div class='ocr_carea' id='block_1_7' title="bbox 363 1537 1284 2233">
    <p class='ocr_par' dir='ltr' id='par_1_9' title="bbox 706 1537 886 1571">
     <span class='ocr_line' id='line_1_24' title="bbox 706 1537 886 1571; baseline -0.011 0"><span class='ocrx_word' id='word_1_114' title='bbox 706 1537 886 1571; x_wconf 77' lang='lat' dir='ltr'><strong>LXXIV.</strong></span> 
     </span>
    </p>

    <p class='ocr_par' dir='ltr' id='par_1_10' title="bbox 363 1599 1247 1818">
     <span class='ocr_line' id='line_1_25' title="bbox 363 1599 1246 1639; baseline -0.006 -4"><span class='ocrx_word' id='word_1_115' title='bbox 363 1601 663 1639; x_wconf 77' lang='lat' dir='ltr'>Membranaceus,</span> <span class='ocrx_word' id='word_1_116' title='bbox 677 1600 711 1633; x_wconf 88' lang='lat' dir='ltr'>in</span> <span class='ocrx_word' id='word_1_117' title='bbox 729 1599 820 1639; x_wconf 83' lang='lat' dir='ltr'>folio,</span> <span class='ocrx_word' id='word_1_118' title='bbox 836 1599 869 1632; x_wconf 79' lang='lat' dir='ltr'>ff.</span> <span class='ocrx_word' id='word_1_119' title='bbox 885 1602 966 1639; x_wconf 68' lang='lat'>228,</span> <span class='ocrx_word' id='word_1_120' title='bbox 983 1611 1049 1633; x_wconf 78' lang='lat' dir='ltr'>see.</span> <span class='ocrx_word' id='word_1_121' title='bbox 1063 1600 1142 1635; x_wconf 60' lang='lat' dir='ltr'>xiv„</span> <span class='ocrx_word' id='word_1_122' title='bbox 1158 1599 1246 1632; x_wconf 69' lang='lat' dir='ltr'>binis</span> 
     </span>
     <span class='ocr_line' id='line_1_26' title="bbox 386 1657 1247 1698; baseline -0.001 -6"><span class='ocrx_word' id='word_1_123' title='bbox 386 1659 556 1693; x_wconf 81' lang='lat' dir='ltr'>columnis</span> <span class='ocrx_word' id='word_1_124' title='bbox 591 1663 773 1698; x_wconf 81' lang='lat' dir='ltr'>exaratus3</span> <span class='ocrx_word' id='word_1_125' title='bbox 803 1664 820 1676; x_wconf 66' lang='lat'>‘⁵</span> <span class='ocrx_word' id='word_1_126' title='bbox 836 1658 922 1691; x_wconf 85' lang='lat' dir='ltr'>liber</span> <span class='ocrx_word' id='word_1_127' title='bbox 958 1658 1080 1691; x_wconf 86' lang='lat' dir='ltr'>domus</span> <span class='ocrx_word' id='word_1_128' title='bbox 1115 1657 1247 1692; x_wconf 80' lang='lat' dir='ltr'>schola-</span> 
     </span>
     <span class='ocr_line' id='line_1_27' title="bbox 386 1715 1247 1761; baseline -0.002 -10"><span class='ocrx_word' id='word_1_129' title='bbox 386 1719 475 1751; x_wconf 85' lang='lat' dir='ltr'>rium</span> <span class='ocrx_word' id='word_1_130' title='bbox 495 1718 538 1750; x_wconf 87' lang='grc'>(10</span> <span class='ocrx_word' id='word_1_131' title='bbox 558 1716 701 1750; x_wconf 84' lang='lat' dir='ltr'>Merton</span> <span class='ocrx_word' id='word_1_132' title='bbox 721 1728 765 1749; x_wconf 82' lang='lat' dir='ltr'>ex</span> <span class='ocrx_word' id='word_1_133' title='bbox 784 1716 957 1761; x_wconf 69' lang='lat' dir='ltr'>legatione</span> <span class='ocrx_word' id='word_1_134' title='bbox 976 1716 1027 1749; x_wconf 86' lang='lat' dir='ltr'>M.</span> <span class='ocrx_word' id='word_1_135' title='bbox 1046 1715 1186 1749; x_wconf 69' lang='lat' dir='ltr'>Thomae</span> <span class='ocrx_word' id='word_1_136' title='bbox 1205 1717 1247 1749; x_wconf 89' lang='lat' dir='ltr'>de</span> 
     </span>
     <span class='ocr_line' id='line_1_28' title="bbox 388 1774 904 1818; baseline -0.006 -9"><span class='ocrx_word' id='word_1_137' title='bbox 388 1775 580 1813; x_wconf 81' lang='lat' dir='ltr'>Staundon,</span> <span class='ocrx_word' id='word_1_138' title='bbox 599 1774 771 1818; x_wconf 82' lang='lat' dir='ltr'>quondam</span> <span class='ocrx_word' id='word_1_139' title='bbox 792 1774 904 1807; x_wconf 83' lang='lat' dir='ltr'>socii.&#39;&#39;</span> 
     </span>
    </p>

    <p class='ocr_par' dir='ltr' id='par_1_11' title="bbox 407 1834 1284 2233">
     <span class='ocr_line' id='line_1_29' title="bbox 407 1834 1248 1875; baseline -0.002 -10"><span class='ocrx_word' id='word_1_140' title='bbox 407 1836 536 1866; x_wconf 83' lang='lat' dir='ltr'>Thomae</span> <span class='ocrx_word' id='word_1_141' title='bbox 553 1834 722 1875; x_wconf 84' lang='lat' dir='ltr'>Aquinatis</span> <span class='ocrx_word' id='word_1_142' title='bbox 740 1834 874 1864; x_wconf 69' lang='lat' dir='ltr'>Summae</span> <span class='ocrx_word' id='word_1_143' title='bbox 891 1834 1031 1864; x_wconf 71' lang='lat' dir='ltr'>secundae</span> <span class='ocrx_word' id='word_1_144' title='bbox 1053 1834 1152 1875; x_wconf 82' lang='lat' dir='ltr'>partis</span> <span class='ocrx_word' id='word_1_145' title='bbox 1175 1844 1248 1875; x_wconf 85' lang='lat' dir='ltr'>pars</span> 
     </span>
     <span class='ocr_line' id='line_1_30' title="bbox 428 1887 1282 1929; baseline -0.002 -12"><span class='ocrx_word' id='word_1_146' title='bbox 428 1887 572 1918; x_wconf 80' lang='lat' dir='ltr'>secunda.</span> <span class='ocrx_word' id='word_1_147' title='bbox 1281 1923 1282 1929; x_wconf 14' lang='grc' dir='ltr'>ἵ</span> 
     </span>
     <span class='ocr_line' id='line_1_31' title="bbox 471 1936 1250 1978; baseline -0.003 -10"><span class='ocrx_word' id='word_1_148' title='bbox 471 1938 509 1969; x_wconf 90' lang='lat' dir='ltr'>In</span> <span class='ocrx_word' id='word_1_149' title='bbox 534 1938 626 1973; x_wconf 69' lang='lat' dir='ltr'>calce,</span> <span class='ocrx_word' id='word_1_150' title='bbox 652 1941 669 1953; x_wconf 67' lang='lat'>‘⁶</span> <span class='ocrx_word' id='word_1_151' title='bbox 683 1936 821 1978; x_wconf 78' lang='lat' dir='ltr'>Explicit</span> <span class='ocrx_word' id='word_1_152' title='bbox 852 1937 988 1967; x_wconf 85' lang='lat' dir='ltr'>secunda</span> <span class='ocrx_word' id='word_1_153' title='bbox 1015 1947 1087 1977; x_wconf 82' lang='lat' dir='ltr'>pars</span> <span class='ocrx_word' id='word_1_154' title='bbox 1118 1936 1250 1967; x_wconf 83' lang='lat' dir='ltr'>secunde</span> 
     </span>
     <span class='ocr_line' id='line_1_32' title="bbox 450 1988 1038 2028; baseline -0.003 -9"><span class='ocrx_word' id='word_1_155' title='bbox 450 1989 535 2020; x_wconf 84' lang='lat' dir='ltr'>edita</span> <span class='ocrx_word' id='word_1_156' title='bbox 551 2000 570 2019; x_wconf 93' lang='lat' dir='ltr'>a</span> <span class='ocrx_word' id='word_1_157' title='bbox 585 1989 683 2019; x_wconf 84' lang='lat' dir='ltr'>fratre</span> <span class='ocrx_word' id='word_1_158' title='bbox 699 1988 819 2018; x_wconf 81' lang='lat' dir='ltr'>Thoma</span> <span class='ocrx_word' id='word_1_159' title='bbox 834 1988 872 2018; x_wconf 79' lang='lat' dir='ltr'>dc</span> <span class='ocrx_word' id='word_1_160' title='bbox 889 1988 1038 2028; x_wconf 68' lang='lat' dir='ltr'>Aquin0.”</span> 
     </span>
     <span class='ocr_line' id='line_1_33' title="bbox 473 2038 1284 2086; baseline -0.004 -15"><span class='ocrx_word' id='word_1_161' title='bbox 473 2040 621 2081; x_wconf 73' lang='lat' dir='ltr'>Sequitur</span> <span class='ocrx_word' id='word_1_162' title='bbox 651 2039 758 2071; x_wconf 84' lang='lat' dir='ltr'>tabula</span> <span class='ocrx_word' id='word_1_163' title='bbox 788 2039 1003 2080; x_wconf 64' lang='lat' dir='ltr'>qumstionum,</span> <span class='ocrx_word' id='word_1_164' title='bbox 1033 2043 1065 2070; x_wconf 81' lang='lat' dir='ltr'>et</span> <span class='ocrx_word' id='word_1_165' title='bbox 1095 2039 1127 2069; x_wconf 94' lang='lat' dir='ltr'>in</span> <span class='ocrx_word' id='word_1_166' title='bbox 1158 2038 1251 2073; x_wconf 82' lang='lat' dir='ltr'>calce,</span> <span class='ocrx_word' id='word_1_167' title='bbox 1282 2072 1284 2086; x_wconf 65' lang='lat' dir='ltr'>a</span> 
     </span>
     <span class='ocr_line' id='line_1_34' title="bbox 452 2088 1252 2131; baseline -0.005 -10"><span class='ocrx_word' id='word_1_168' title='bbox 452 2096 469 2108; x_wconf 79' lang='grc'>“</span> <span class='ocrx_word' id='word_1_169' title='bbox 481 2091 618 2131; x_wconf 80' lang='lat' dir='ltr'>Explicit</span> <span class='ocrx_word' id='word_1_170' title='bbox 631 2090 706 2120; x_wconf 90' lang='lat' dir='ltr'>ordo</span> <span class='ocrx_word' id='word_1_171' title='bbox 717 2094 747 2120; x_wconf 84' lang='lat' dir='ltr'>et</span> <span class='ocrx_word' id='word_1_172' title='bbox 761 2089 898 2130; x_wconf 75' lang='lat' dir='ltr'>signaeio</span> <span class='ocrx_word' id='word_1_173' title='bbox 909 2089 1106 2130; x_wconf 76' lang='lat' dir='ltr'>questionum</span> <span class='ocrx_word' id='word_1_174' title='bbox 1119 2088 1252 2118; x_wconf 85' lang='lat' dir='ltr'>secunde</span> 
     </span>
     <span class='ocr_line' id='line_1_35' title="bbox 452 2140 1185 2184; baseline -0.004 -12"><span class='ocrx_word' id='word_1_175' title='bbox 452 2142 551 2184; x_wconf 84' lang='lat' dir='ltr'>partis</span> <span class='ocrx_word' id='word_1_176' title='bbox 567 2142 700 2172; x_wconf 73' lang='lat' dir='ltr'>secunde</span> <span class='ocrx_word' id='word_1_177' title='bbox 716 2141 821 2171; x_wconf 80' lang='lat' dir='ltr'>fratris</span> <span class='ocrx_word' id='word_1_178' title='bbox 838 2140 956 2170; x_wconf 87' lang='lat' dir='ltr'>Thome</span> <span class='ocrx_word' id='word_1_179' title='bbox 973 2140 1011 2170; x_wconf 88' lang='lat' dir='ltr'>de</span> <span class='ocrx_word' id='word_1_180' title='bbox 1029 2140 1185 2180; x_wconf 41' lang='lat' dir='ltr'>Aquino?</span> 
     </span>
     <span class='ocr_line' id='line_1_36' title="bbox 473 2191 1253 2233; baseline -0.004 -10"><span class='ocrx_word' id='word_1_181' title='bbox 473 2193 511 2224; x_wconf 85' lang='lat' dir='ltr'>In</span> <span class='ocrx_word' id='word_1_182' title='bbox 528 2193 578 2223; x_wconf 91' lang='lat' dir='ltr'>fol.</span> <span class='ocrx_word' id='word_1_183' title='bbox 592 2193 646 2223; x_wconf 90' lang='lat' dir='ltr'>ult.</span> <span class='ocrx_word' id='word_1_184' title='bbox 662 2192 778 2233; x_wconf 82' lang='lat' dir='ltr'>scripta</span> <span class='ocrx_word' id='word_1_185' title='bbox 791 2197 836 2222; x_wconf 85' lang='lat' dir='ltr'>est</span> <span class='ocrx_word' id='word_1_186' title='bbox 853 2191 976 2223; x_wconf 85' lang='lat' dir='ltr'>notitia.</span> <span class='ocrx_word' id='word_1_187' title='bbox 992 2191 1124 2222; x_wconf 80' lang='lat' dir='ltr'>“Istum</span> <span class='ocrx_word' id='word_1_188' title='bbox 1140 2191 1253 2221; x_wconf 85' lang='lat' dir='ltr'>librum</span> 
     </span>
    </p>
   </div>
   <div class='ocr_carea' id='block_1_8' title="bbox 453 2242 1252 2336">
    <p class='ocr_par' dir='ltr' id='par_1_12' title="bbox 453 2242 1252 2336">
     <span class='ocr_line' id='line_1_37' title="bbox 453 2242 1252 2285; baseline -0.004 -10"><span class='ocrx_word' id='word_1_189' title='bbox 453 2245 491 2275; x_wconf 89' lang='grc'>(10</span> <span class='ocrx_word' id='word_1_190' title='bbox 515 2255 593 2275; x_wconf 86' lang='lat' dir='ltr'>novo</span> <span class='ocrx_word' id='word_1_191' title='bbox 621 2243 709 2285; x_wconf 78' lang='lat' dir='ltr'>ligari</span> <span class='ocrx_word' id='word_1_192' title='bbox 740 2243 813 2274; x_wconf 84' lang='lat' dir='ltr'>fecit</span> <span class='ocrx_word' id='word_1_193' title='bbox 842 2243 887 2273; x_wconf 84' lang='lat' dir='ltr'>M.</span> <span class='ocrx_word' id='word_1_194' title='bbox 908 2243 1070 2274; x_wconf 78' lang='lat' dir='ltr'>-Johannes</span> <span class='ocrx_word' id='word_1_195' title='bbox 1097 2242 1252 2279; x_wconf 77' lang='lat' dir='ltr'>Burbach7</span> 
     </span>
     <span class='ocr_line' id='line_1_38' title="bbox 453 2295 912 2336; baseline -0.007 -9"><span class='ocrx_word' id='word_1_196' title='bbox 453 2306 540 2327; x_wconf 83' lang='lat' dir='ltr'>sacre</span> <span class='ocrx_word' id='word_1_197' title='bbox 556 2295 712 2336; x_wconf 82' lang='lat' dir='ltr'>theologie</span> <span class='ocrx_word' id='word_1_198' title='bbox 728 2295 912 2336; x_wconf 73' lang='lat' dir='ltr'>professor.”</span> 
     </span>
    </p>
   </div>
   <div class='ocr_carea' id='block_1_9' title="bbox 372 2396 1046 2552">
    <p class='ocr_par' dir='ltr' id='par_1_13' title="bbox 372 2396 1046 2552">
     <span class='ocr_line' id='line_1_39' title="bbox 734 2396 892 2431; baseline -0.006 -1"><span class='ocrx_word' id='word_1_199' title='bbox 734 2396 892 2431; x_wconf 82' lang='lat' dir='ltr'><strong>LXXV.</strong></span> 
     </span>
     <span class='ocr_line' id='line_1_40' title="bbox 372 2459 1046 2498; baseline -0.001 -5"><span class='ocrx_word' id='word_1_200' title='bbox 372 2460 674 2498; x_wconf 80' lang='lat' dir='ltr'>Membranaeeus,</span> <span class='ocrx_word' id='word_1_201' title='bbox 710 2459 743 2492; x_wconf 89' lang='lat' dir='ltr'>in</span> <span class='ocrx_word' id='word_1_202' title='bbox 781 2459 872 2495; x_wconf 78' lang='lat' dir='ltr'>folio.</span> <span class='ocrx_word' id='word_1_203' title='bbox 902 2459 935 2492; x_wconf 79' lang='lat' dir='ltr'>ff.</span> <span class='ocrx_word' id='word_1_204' title='bbox 966 2461 1046 2495; x_wconf 81' lang='lat'>177.</span> 
     </span>
     <span class='ocr_line' id='line_1_41' title="bbox 397 2518 898 2552; baseline -0.004 0"><span class='ocrx_word' id='word_1_205' title='bbox 397 2520 486 2552; x_wconf 79' lang='lat' dir='ltr'>binis</span> <span class='ocrx_word' id='word_1_206' title='bbox 505 2518 674 2552; x_wconf 75' lang='lat' dir='ltr'>columnis</span> <span class='ocrx_word' id='word_1_207' title='bbox 693 2524 865 2551; x_wconf 81' lang='lat' dir='ltr'>exaratus.</span> <span class='ocrx_word' id='word_1_208' title='bbox 894 2533 898 2536; x_wconf 65' lang='lat'>¹</span> 
     </span>
    </p>
   </div>
   <div class='ocr_carea' id='block_1_10' title="bbox 1082 2458 1257 2497">
    <p class='ocr_par' dir='ltr' id='par_1_14' title="bbox 1082 2458 1257 2497">
     <span class='ocr_line' id='line_1_42' title="bbox 1082 2458 1257 2497; baseline -0.011 -6"><span class='ocrx_word' id='word_1_209' title='bbox 1082 2469 1148 2491; x_wconf 78' lang='lat' dir='ltr'>sec.</span> <span class='ocrx_word' id='word_1_210' title='bbox 1176 2458 1257 2497; x_wconf 63' lang='lat' dir='ltr'>xiv„</span> 
     </span>
    </p>
   </div>
   <div class='ocr_carea' id='block_1_11' title="bbox 415 2576 1259 2672">
    <p class='ocr_par' dir='ltr' id='par_1_15' title="bbox 415 2576 1259 2672">
     <span class='ocr_line' id='line_1_43' title="bbox 415 2576 1259 2619; baseline -0.004 -10"><span class='ocrx_word' id='word_1_211' title='bbox 415 2579 543 2610; x_wconf 68' lang='lat' dir='ltr'>Thomae</span> <span class='ocrx_word' id='word_1_212' title='bbox 557 2577 726 2619; x_wconf 86' lang='lat' dir='ltr'>Aquinatis</span> <span class='ocrx_word' id='word_1_213' title='bbox 740 2577 874 2608; x_wconf 75' lang='lat' dir='ltr'>Summae</span> <span class='ocrx_word' id='word_1_214' title='bbox 887 2588 959 2618; x_wconf 87' lang='lat' dir='ltr'>pars</span> <span class='ocrx_word' id='word_1_215' title='bbox 975 2577 1081 2614; x_wconf 85' lang='lat' dir='ltr'>tertia,</span> <span class='ocrx_word' id='word_1_216' title='bbox 1092 2576 1259 2617; x_wconf 85' lang='lat' dir='ltr'>subjuncta</span> 
     </span>
     <span class='ocr_line' id='line_1_44' title="bbox 438 2629 778 2672; baseline -0.009 -10"><span class='ocrx_word' id='word_1_217' title='bbox 438 2630 645 2672; x_wconf 74' lang='lat' dir='ltr'>quaestiomnn</span> <span class='ocrx_word' id='word_1_218' title='bbox 661 2629 778 2660; x_wconf 86' lang='lat' dir='ltr'>tabula.</span> 
     </span>
    </p>
   </div>
   <div class='ocr_carea' id='block_1_12' title="bbox 480 2675 1309 2721">
    <p class='ocr_par' dir='ltr' id='par_1_16' title="bbox 480 2675 1309 2721">
     <span class='ocr_line' id='line_1_45' title="bbox 480 2675 1309 2721; baseline -0.005 -9"><span class='ocrx_word' id='word_1_219' title='bbox 480 2681 518 2712; x_wconf 90' lang='lat' dir='ltr'>In</span> <span class='ocrx_word' id='word_1_220' title='bbox 535 2681 628 2717; x_wconf 75' lang='lat' dir='ltr'>calce,</span> <span class='ocrx_word' id='word_1_221' title='bbox 647 2686 663 2697; x_wconf 72' lang='lat'>²·</span> <span class='ocrx_word' id='word_1_222' title='bbox 678 2680 858 2721; x_wconf 82' lang='lat' dir='ltr'>Expliciunt</span> <span class='ocrx_word' id='word_1_223' title='bbox 880 2680 1018 2721; x_wconf 84' lang='lat' dir='ltr'>capitula</span> <span class='ocrx_word' id='word_1_224' title='bbox 1040 2679 1136 2710; x_wconf 83' lang='lat' dir='ltr'>tercie</span> <span class='ocrx_word' id='word_1_225' title='bbox 1160 2678 1260 2720; x_wconf 84' lang='lat' dir='ltr'>partis</span> <span class='ocrx_word' id='word_1_226' title='bbox 1306 2675 1309 2679; x_wconf 64' lang='grc'><strong>’</strong></span> 
     </span>
    </p>
   </div>
   <div class='ocr_carea' id='block_1_13' title="bbox 459 2730 1261 2771">
    <p class='ocr_par' dir='ltr' id='par_1_17' title="bbox 459 2730 1261 2771">
     <span class='ocr_line' id='line_1_46' title="bbox 459 2730 1261 2771; baseline -0.004 -10"><span class='ocrx_word' id='word_1_227' title='bbox 459 2731 565 2762; x_wconf 82' lang='lat' dir='ltr'>fratris</span> <span class='ocrx_word' id='word_1_228' title='bbox 582 2731 700 2761; x_wconf 73' lang='lat' dir='ltr'>&#39;I&#39;liome</span> <span class='ocrx_word' id='word_1_229' title='bbox 717 2731 754 2762; x_wconf 86' lang='grc'>(10</span> <span class='ocrx_word' id='word_1_230' title='bbox 769 2730 894 2771; x_wconf 77' lang='lat' dir='ltr'>Aquino</span> <span class='ocrx_word' id='word_1_231' title='bbox 911 2730 1028 2761; x_wconf 78' lang='lat' dir='ltr'>ordinis</span> <span class='ocrx_word' id='word_1_232' title='bbox 1044 2730 1176 2761; x_wconf 80' lang='lat' dir='ltr'>fratrum</span> <span class='ocrx_word' id='word_1_233' title='bbox 1194 2740 1261 2770; x_wconf 85' lang='lat' dir='ltr'>prc-</span> 
     </span>
    </p>
   </div>
   <div class='ocr_carea' id='block_1_14' title="bbox 1266 242 1294 2817">
    <p class='ocr_par' dir='ltr' id='par_1_18' title="bbox 1266 242 1294 2817">
     <span class='ocr_line' id='line_1_47' title="bbox 1266 242 1294 2817; baseline 0 0"><span class='ocrx_word' id='word_1_234' title='bbox 1266 242 1294 2817; x_wconf 95' lang='lat' dir='ltr'> </span> 
     </span>
    </p>
   </div>
   <div class='ocr_carea' id='block_1_15' title="bbox 462 2782 665 2813">
    <p class='ocr_par' dir='ltr' id='par_1_19' title="bbox 462 2782 665 2813">
     <span class='ocr_line' id='line_1_48' title="bbox 462 2782 665 2813; baseline 0.005 -2"><span class='ocrx_word' id='word_1_235' title='bbox 462 2782 665 2813; x_wconf 76' lang='lat' dir='ltr'>dicatorum.”</span> 
     </span>
    </p>
   </div>
   <div class='ocr_carea' id='block_1_16' title="bbox 906 143 1612 180">
    <p class='ocr_par' dir='ltr' id='par_1_20' title="bbox 906 143 1612 180">
     <span class='ocr_line' id='line_1_49' title="bbox 906 143 1612 180; baseline -0.004 0"><span class='ocrx_word' id='word_1_236' title='bbox 906 144 1210 180; x_wconf 85' lang='lat' dir='ltr'><strong>CATALOGUS</strong></span> <span class='ocrx_word' id='word_1_237' title='bbox 1238 143 1473 179; x_wconf 82' lang='lat' dir='ltr'>CODICUM</span> <span class='ocrx_word' id='word_1_238' title='bbox 1502 143 1612 178; x_wconf 77' lang='lat' dir='ltr'><strong>MSS.</strong></span> 
     </span>
    </p>
   </div>
   <div class='ocr_carea' id='block_1_17' title="bbox 1643 243 1819 278">
    <p class='ocr_par' dir='ltr' id='par_1_21' title="bbox 1643 243 1819 278">
     <span class='ocr_line' id='line_1_50' title="bbox 1643 243 1819 278; baseline -0.011 -1"><span class='ocrx_word' id='word_1_239' title='bbox 1643 243 1819 278; x_wconf 86' lang='lat' dir='ltr'><strong>LXXVI.</strong></span> 
     </span>
    </p>
   </div>
   <div class='ocr_carea' id='block_1_18' title="bbox 1289 304 2174 468">
    <p class='ocr_par' dir='ltr' id='par_1_22' title="bbox 1289 304 2174 468">
     <span class='ocr_line' id='line_1_51' title="bbox 1289 304 2174 344; baseline -0.003 -3"><span class='ocrx_word' id='word_1_240' title='bbox 1289 307 1409 341; x_wconf 83' lang='lat' dir='ltr'>Codex</span> <span class='ocrx_word' id='word_1_241' title='bbox 1439 307 1733 341; x_wconf 63' lang='lat' dir='ltr'>membranaceus,</span> <span class='ocrx_word' id='word_1_242' title='bbox 1763 305 1797 337; x_wconf 91' lang='lat' dir='ltr'>in</span> <span class='ocrx_word' id='word_1_243' title='bbox 1829 304 1922 344; x_wconf 90' lang='lat' dir='ltr'>folio,</span> <span class='ocrx_word' id='word_1_244' title='bbox 1940 304 1975 338; x_wconf 83' lang='lat' dir='ltr'>ff.</span> <span class='ocrx_word' id='word_1_245' title='bbox 1996 307 2077 343; x_wconf 89' lang='grc'>189,</span> <span class='ocrx_word' id='word_1_246' title='bbox 2106 316 2174 338; x_wconf 84' lang='lat' dir='ltr'>sec.</span> 
     </span>
     <span class='ocr_line' id='line_1_52' title="bbox 1315 363 2174 403; baseline -0.002 -5"><span class='ocrx_word' id='word_1_247' title='bbox 1315 367 1397 403; x_wconf 68' lang='lat' dir='ltr'>xiv..</span> <span class='ocrx_word' id='word_1_248' title='bbox 1429 365 1517 398; x_wconf 72' lang='lat' dir='ltr'>binis</span> <span class='ocrx_word' id='word_1_249' title='bbox 1548 364 1718 397; x_wconf 74' lang='lat' dir='ltr'>columnis</span> <span class='ocrx_word' id='word_1_250' title='bbox 1753 363 1863 396; x_wconf 82' lang='lat' dir='ltr'>nitide</span> <span class='ocrx_word' id='word_1_251' title='bbox 1893 368 2064 399; x_wconf 79' lang='lat' dir='ltr'>exaratus,</span> <span class='ocrx_word' id='word_1_252' title='bbox 2097 368 2174 396; x_wconf 82' lang='lat' dir='ltr'>“ex</span> 
     </span>
     <span class='ocr_line' id='line_1_53' title="bbox 1316 420 2003 468; baseline -0.004 -12"><span class='ocrx_word' id='word_1_253' title='bbox 1316 423 1489 468; x_wconf 75' lang='lat' dir='ltr'>legatione</span> <span class='ocrx_word' id='word_1_254' title='bbox 1510 422 1561 454; x_wconf 88' lang='lat' dir='ltr'>M.</span> <span class='ocrx_word' id='word_1_255' title='bbox 1576 422 1709 454; x_wconf 89' lang='lat' dir='ltr'>Thome</span> <span class='ocrx_word' id='word_1_256' title='bbox 1726 421 1769 454; x_wconf 91' lang='lat' dir='ltr'>de</span> <span class='ocrx_word' id='word_1_257' title='bbox 1788 420 2003 454; x_wconf 82' lang='lat' dir='ltr'>Staundon.”</span> 
     </span>
    </p>
   </div>
   <div class='ocr_carea' id='block_1_19' title="bbox 1334 480 2177 781">
    <p class='ocr_par' dir='ltr' id='par_1_23' title="bbox 1334 480 2177 781">
     <span class='ocr_line' id='line_1_54' title="bbox 1334 480 2176 523; baseline -0.005 -9"><span class='ocrx_word' id='word_1_258' title='bbox 1334 485 1362 514; x_wconf 88' lang='lat'>1.</span> <span class='ocrx_word' id='word_1_259' title='bbox 1380 483 1507 513; x_wconf 78' lang='lat' dir='ltr'>Tliomae</span> <span class='ocrx_word' id='word_1_260' title='bbox 1519 481 1688 523; x_wconf 82' lang='lat' dir='ltr'>Aquinatis</span> <span class='ocrx_word' id='word_1_261' title='bbox 1702 481 1837 511; x_wconf 83' lang='lat' dir='ltr'>Summae</span> <span class='ocrx_word' id='word_1_262' title='bbox 1852 491 1925 522; x_wconf 82' lang='lat' dir='ltr'>pars</span> <span class='ocrx_word' id='word_1_263' title='bbox 1937 480 2046 522; x_wconf 77' lang='lat' dir='ltr'>prima,</span> <span class='ocrx_word' id='word_1_264' title='bbox 2060 480 2176 522; x_wconf 84' lang='lat' dir='ltr'>praevia</span> 
     </span>
     <span class='ocr_line' id='line_1_55' title="bbox 1397 532 1856 575; baseline -0.004 -11"><span class='ocrx_word' id='word_1_265' title='bbox 1397 533 1604 575; x_wconf 86' lang='lat' dir='ltr'>capitulorum</span> <span class='ocrx_word' id='word_1_266' title='bbox 1620 532 1738 563; x_wconf 84' lang='lat' dir='ltr'>tabula.</span> <span class='ocrx_word' id='word_1_267' title='bbox 1762 532 1812 562; x_wconf 86' lang='lat' dir='ltr'>fol.</span> <span class='ocrx_word' id='word_1_268' title='bbox 1826 542 1856 571; x_wconf 90' lang='lat'>4.</span> 
     </span>
     <span class='ocr_line' id='line_1_56' title="bbox 1334 586 2176 628; baseline -0.002 -10"><span class='ocrx_word' id='word_1_269' title='bbox 1334 590 1362 618; x_wconf 70' lang='lat'>2.</span> <span class='ocrx_word' id='word_1_270' title='bbox 1381 588 1537 628; x_wconf 76' lang='lat' dir='ltr'>Anonymi</span> <span class='ocrx_word' id='word_1_271' title='bbox 1553 587 1714 628; x_wconf 82' lang='lat' dir='ltr'>cujusdam</span> <span class='ocrx_word' id='word_1_272' title='bbox 1731 587 1850 618; x_wconf 78' lang='lat' dir='ltr'>Glossae</span> <span class='ocrx_word' id='word_1_273' title='bbox 1870 586 1902 617; x_wconf 85' lang='lat' dir='ltr'>in</span> <span class='ocrx_word' id='word_1_274' title='bbox 1918 587 2106 628; x_wconf 82' lang='lat' dir='ltr'>quaestiones</span> <span class='ocrx_word' id='word_1_275' title='bbox 2121 586 2176 617; x_wconf 87' lang='lat' dir='ltr'>ali-</span> 
     </span>
     <span class='ocr_line' id='line_1_57' title="bbox 1399 638 1934 681; baseline -0.002 -12"><span class='ocrx_word' id='word_1_276' title='bbox 1399 651 1475 681; x_wconf 88' lang='lat' dir='ltr'>quas</span> <span class='ocrx_word' id='word_1_277' title='bbox 1491 639 1590 680; x_wconf 83' lang='lat' dir='ltr'>partis</span> <span class='ocrx_word' id='word_1_278' title='bbox 1606 638 1774 680; x_wconf 62' lang='lat' dir='ltr'>praedictae.</span> <span class='ocrx_word' id='word_1_279' title='bbox 1799 638 1848 669; x_wconf 88' lang='lat' dir='ltr'>fol.</span> <span class='ocrx_word' id='word_1_280' title='bbox 1867 638 1934 668; x_wconf 90' lang='lat'>180.</span> 
     </span>
     <span class='ocr_line' id='line_1_58' title="bbox 1443 688 2177 730; baseline -0.001 -11"><span class='ocrx_word' id='word_1_281' title='bbox 1443 689 1540 730; x_wconf 84' lang='lat' dir='ltr'>Incip.</span> <span class='ocrx_word' id='word_1_282' title='bbox 1565 689 1595 719; x_wconf 89' lang='lat' dir='ltr'>in</span> <span class='ocrx_word' id='word_1_283' title='bbox 1620 694 1728 729; x_wconf 86' lang='lat' dir='ltr'>quaest.</span> <span class='ocrx_word' id='word_1_284' title='bbox 1744 689 1795 719; x_wconf 84' lang='lat' dir='ltr'>xii.</span> <span class='ocrx_word' id='word_1_285' title='bbox 1816 693 1876 720; x_wconf 84' lang='lat' dir='ltr'>art.</span> <span class='ocrx_word' id='word_1_286' title='bbox 1892 698 1918 725; x_wconf 82' lang='lat'>2,</span> <span class='ocrx_word' id='word_1_287' title='bbox 1940 688 2039 720; x_wconf 78' lang='lat' dir='ltr'>“Ista</span> <span class='ocrx_word' id='word_1_288' title='bbox 2063 688 2177 730; x_wconf 86' lang='lat' dir='ltr'>positio</span> 
     </span>
     <span class='ocr_line' id='line_1_59' title="bbox 1420 739 1940 781; baseline 0.002 -12"><span class='ocrx_word' id='word_1_289' title='bbox 1420 739 1543 770; x_wconf 84' lang='lat' dir='ltr'>videtur</span> <span class='ocrx_word' id='word_1_290' title='bbox 1559 739 1737 781; x_wconf 80' lang='lat' dir='ltr'>Augustino</span> <span class='ocrx_word' id='word_1_291' title='bbox 1753 739 1940 770; x_wconf 78' lang='lat' dir='ltr'>contraria.”</span> 
     </span>
    </p>
   </div>
   <div class='ocr_carea' id='block_1_20' title="bbox 1640 834 1840 869">
    <p class='ocr_par' dir='ltr' id='par_1_24' title="bbox 1640 834 1840 869">
     <span class='ocr_line' id='line_1_60' title="bbox 1640 834 1840 869; baseline -0.005 -1"><span class='ocrx_word' id='word_1_292' title='bbox 1640 834 1840 869; x_wconf 85' lang='lat' dir='ltr'><strong>LXXVII.</strong></span> 
     </span>
    </p>
   </div>
   <div class='ocr_carea' id='block_1_21' title="bbox 1296 896 2179 936">
    <p class='ocr_par' dir='ltr' id='par_1_25' title="bbox 1296 896 2179 936">
     <span class='ocr_line' id='line_1_61' title="bbox 1296 896 2179 936; baseline -0.001 -7"><span class='ocrx_word' id='word_1_293' title='bbox 1296 897 1597 936; x_wconf 76' lang='lat' dir='ltr'>Membranaceus,</span> <span class='ocrx_word' id='word_1_294' title='bbox 1632 897 1667 929; x_wconf 89' lang='lat' dir='ltr'>in</span> <span class='ocrx_word' id='word_1_295' title='bbox 1703 896 1796 936; x_wconf 86' lang='lat' dir='ltr'>folio,</span> <span class='ocrx_word' id='word_1_296' title='bbox 1825 896 1860 929; x_wconf 82' lang='lat' dir='ltr'>ff.</span> <span class='ocrx_word' id='word_1_297' title='bbox 1890 899 1971 936; x_wconf 86' lang='lat'><strong>179,</strong></span> <span class='ocrx_word' id='word_1_298' title='bbox 2003 907 2070 930; x_wconf 84' lang='lat' dir='ltr'>sec.</span> <span class='ocrx_word' id='word_1_299' title='bbox 2097 897 2179 935; x_wconf 64' lang='lat' dir='ltr'>xiv„</span> 
     </span>
    </p>
   </div>
   <div class='ocr_carea' id='block_1_22' title="bbox 1273 954 2180 1058">
    <p class='ocr_par' dir='ltr' id='par_1_26' title="bbox 1273 954 2180 1058">
     <span class='ocr_line' id='line_1_62' title="bbox 1273 954 2180 997; baseline -0.002 -8"><span class='ocrx_word' id='word_1_300' title='bbox 1273 986 1275 997; x_wconf 78' lang='lat'>‚</span> <span class='ocrx_word' id='word_1_301' title='bbox 1319 956 1409 989; x_wconf 86' lang='lat' dir='ltr'>binis</span> <span class='ocrx_word' id='word_1_302' title='bbox 1436 955 1607 989; x_wconf 84' lang='lat' dir='ltr'>columnis</span> <span class='ocrx_word' id='word_1_303' title='bbox 1627 960 1809 994; x_wconf 78' lang='lat' dir='ltr'>exaratus3</span> <span class='ocrx_word' id='word_1_304' title='bbox 1834 954 1916 988; x_wconf 90' lang='lat' dir='ltr'>olim</span> <span class='ocrx_word' id='word_1_305' title='bbox 1934 954 2075 987; x_wconf 78' lang='lat' dir='ltr'>Thomoe</span> <span class='ocrx_word' id='word_1_306' title='bbox 2093 954 2180 987; x_wconf 90' lang='lat' dir='ltr'>Tril-</span> 
     </span>
     <span class='ocr_line' id='line_1_63' title="bbox 1273 1012 2179 1058; baseline -0.003 -10"><span class='ocrx_word' id='word_1_307' title='bbox 1273 1014 1275 1048; x_wconf 66' lang='grc' dir='ltr'>ζ</span> <span class='ocrx_word' id='word_1_308' title='bbox 1321 1014 1390 1054; x_wconf 85' lang='lat' dir='ltr'>lek,</span> <span class='ocrx_word' id='word_1_309' title='bbox 1410 1026 1464 1058; x_wconf 84' lang='lat' dir='ltr'>ep.</span> <span class='ocrx_word' id='word_1_310' title='bbox 1486 1013 1635 1047; x_wconf 81' lang='lat' dir='ltr'>Roffens.</span> <span class='ocrx_word' id='word_1_311' title='bbox 1655 1018 1776 1058; x_wconf 81' lang='lat' dir='ltr'>postea</span> <span class='ocrx_word' id='word_1_312' title='bbox 1799 1012 1878 1047; x_wconf 86' lang='lat' dir='ltr'>coll.</span> <span class='ocrx_word' id='word_1_313' title='bbox 1898 1012 2006 1046; x_wconf 85' lang='lat' dir='ltr'>Mert.</span> <span class='ocrx_word' id='word_1_314' title='bbox 2025 1024 2069 1046; x_wconf 91' lang='lat' dir='ltr'>ex</span> <span class='ocrx_word' id='word_1_315' title='bbox 2089 1013 2179 1046; x_wconf 89' lang='lat' dir='ltr'>dono</span> 
     </span>
    </p>
   </div>
   <div class='ocr_carea' id='block_1_23' title="bbox 1323 1072 2183 1478">
    <p class='ocr_par' dir='ltr' id='par_1_27' title="bbox 1323 1072 2183 1478">
     <span class='ocr_line' id='line_1_64' title="bbox 1323 1072 1789 1115; baseline 0 -10"><span class='ocrx_word' id='word_1_316' title='bbox 1323 1072 1423 1105; x_wconf 80' lang='lat' dir='ltr'>Will.</span> <span class='ocrx_word' id='word_1_317' title='bbox 1447 1072 1553 1110; x_wconf 82' lang='lat' dir='ltr'>Rood,</span> <span class='ocrx_word' id='word_1_318' title='bbox 1573 1083 1625 1115; x_wconf 84' lang='lat' dir='ltr'>ep.</span> <span class='ocrx_word' id='word_1_319' title='bbox 1646 1072 1789 1105; x_wconf 74' lang='lat' dir='ltr'>Cicestr.</span> 
     </span>
     <span class='ocr_line' id='line_1_65' title="bbox 1340 1128 2182 1171; baseline -0.004 -10"><span class='ocrx_word' id='word_1_320' title='bbox 1340 1130 1466 1161; x_wconf 66' lang='lat' dir='ltr'>Thomzr</span> <span class='ocrx_word' id='word_1_321' title='bbox 1478 1129 1647 1171; x_wconf 80' lang='lat' dir='ltr'>Aquinatis</span> <span class='ocrx_word' id='word_1_322' title='bbox 1659 1129 1845 1170; x_wconf 75' lang='lat' dir='ltr'>quaestiones</span> <span class='ocrx_word' id='word_1_323' title='bbox 1858 1128 1942 1159; x_wconf 81' lang='lat' dir='ltr'>xxix.</span> <span class='ocrx_word' id='word_1_324' title='bbox 1959 1128 2128 1169; x_wconf 85' lang='lat' dir='ltr'>disputatae</span> <span class='ocrx_word' id='word_1_325' title='bbox 2143 1128 2182 1158; x_wconf 88' lang='lat' dir='ltr'>de</span> 
     </span>
     <span class='ocr_line' id='line_1_66' title="bbox 1361 1180 1811 1216; baseline -0.004 -4"><span class='ocrx_word' id='word_1_326' title='bbox 1361 1182 1502 1216; x_wconf 82' lang='lat' dir='ltr'>veritate,</span> <span class='ocrx_word' id='word_1_327' title='bbox 1519 1181 1650 1211; x_wconf 86' lang='lat' dir='ltr'>scientia</span> <span class='ocrx_word' id='word_1_328' title='bbox 1667 1180 1737 1216; x_wconf 84' lang='lat' dir='ltr'>Dei,</span> <span class='ocrx_word' id='word_1_329' title='bbox 1753 1185 1811 1211; x_wconf 86' lang='lat' dir='ltr'>etc.</span> 
     </span>
     <span class='ocr_line' id='line_1_67' title="bbox 1407 1230 2106 1272; baseline -0.003 -9"><span class='ocrx_word' id='word_1_330' title='bbox 1407 1233 1443 1262; x_wconf 92' lang='lat' dir='ltr'>In</span> <span class='ocrx_word' id='word_1_331' title='bbox 1459 1232 1541 1263; x_wconf 80' lang='lat' dir='ltr'>calco</span> <span class='ocrx_word' id='word_1_332' title='bbox 1558 1232 1754 1263; x_wconf 81' lang='lat' dir='ltr'>subnectitur</span> <span class='ocrx_word' id='word_1_333' title='bbox 1767 1231 1875 1262; x_wconf 87' lang='lat' dir='ltr'>tabula</span> <span class='ocrx_word' id='word_1_334' title='bbox 1890 1230 2106 1272; x_wconf 83' lang='lat' dir='ltr'>quaestionum.</span> 
     </span>
     <span class='ocr_line' id='line_1_68' title="bbox 1406 1281 2182 1324; baseline -0.003 -10"><span class='ocrx_word' id='word_1_335' title='bbox 1406 1284 1624 1320; x_wconf 60' lang='lat' dir='ltr'>Prafmittitur,</span> <span class='ocrx_word' id='word_1_336' title='bbox 1640 1288 1711 1324; x_wconf 87' lang='lat' dir='ltr'>post</span> <span class='ocrx_word' id='word_1_337' title='bbox 1733 1283 1861 1313; x_wconf 82' lang='lat' dir='ltr'>notitias</span> <span class='ocrx_word' id='word_1_338' title='bbox 1883 1282 1921 1313; x_wconf 89' lang='lat' dir='ltr'>de</span> <span class='ocrx_word' id='word_1_339' title='bbox 1941 1281 2135 1323; x_wconf 80' lang='lat' dir='ltr'>possessione</span> <span class='ocrx_word' id='word_1_340' title='bbox 2150 1287 2182 1313; x_wconf 87' lang='lat' dir='ltr'>et</span> 
     </span>
     <span class='ocr_line' id='line_1_69' title="bbox 1384 1332 2183 1369; baseline -0.004 -4"><span class='ocrx_word' id='word_1_341' title='bbox 1384 1335 1551 1366; x_wconf 80' lang='lat' dir='ltr'>donatione</span> <span class='ocrx_word' id='word_1_342' title='bbox 1564 1334 1686 1369; x_wconf 79' lang='lat' dir='ltr'>codicis,</span> <span class='ocrx_word' id='word_1_343' title='bbox 1698 1338 1717 1351; x_wconf 72' lang='lat'>‘⁶</span> <span class='ocrx_word' id='word_1_344' title='bbox 1731 1333 1830 1364; x_wconf 87' lang='lat' dir='ltr'>Istum</span> <span class='ocrx_word' id='word_1_345' title='bbox 1843 1333 1956 1363; x_wconf 88' lang='lat' dir='ltr'>librum</span> <span class='ocrx_word' id='word_1_346' title='bbox 1968 1332 2041 1363; x_wconf 81' lang='lat' dir='ltr'>fecit</span> <span class='ocrx_word' id='word_1_347' title='bbox 2053 1333 2091 1363; x_wconf 85' lang='lat' dir='ltr'>de</span> <span class='ocrx_word' id='word_1_348' title='bbox 2104 1343 2183 1363; x_wconf 87' lang='lat' dir='ltr'>novo</span> 
     </span>
     <span class='ocr_line' id='line_1_70' title="bbox 1384 1384 2183 1427; baseline -0.003 -11"><span class='ocrx_word' id='word_1_349' title='bbox 1384 1386 1473 1427; x_wconf 72' lang='lat' dir='ltr'>ligari</span> <span class='ocrx_word' id='word_1_350' title='bbox 1496 1386 1644 1427; x_wconf 79' lang='lat' dir='ltr'>magister</span> <span class='ocrx_word' id='word_1_351' title='bbox 1664 1385 1818 1415; x_wconf 80' lang='lat' dir='ltr'>Ricardus</span> <span class='ocrx_word' id='word_1_352' title='bbox 1839 1384 2069 1425; x_wconf 81' lang='lat' dir='ltr'>Scardeburgh‚</span> <span class='ocrx_word' id='word_1_353' title='bbox 2089 1384 2183 1415; x_wconf 82' lang='lat' dir='ltr'>oretis</span> 
     </span>
     <span class='ocr_line' id='line_1_71' title="bbox 1384 1433 2037 1478; baseline -0.005 -11"><span class='ocrx_word' id='word_1_354' title='bbox 1384 1437 1480 1478; x_wconf 81' lang='lat' dir='ltr'>igitur</span> <span class='ocrx_word' id='word_1_355' title='bbox 1496 1447 1551 1477; x_wconf 82' lang='lat' dir='ltr'>pro</span> <span class='ocrx_word' id='word_1_356' title='bbox 1568 1447 1604 1466; x_wconf 83' lang='lat' dir='ltr'>co</span> <span class='ocrx_word' id='word_1_357' title='bbox 1620 1440 1652 1466; x_wconf 86' lang='lat' dir='ltr'>et</span> <span class='ocrx_word' id='word_1_358' title='bbox 1668 1446 1724 1477; x_wconf 88' lang='lat' dir='ltr'>pro</span> <span class='ocrx_word' id='word_1_359' title='bbox 1741 1434 1923 1476; x_wconf 86' lang='lat' dir='ltr'>parentibus</span> <span class='ocrx_word' id='word_1_360' title='bbox 1939 1433 2037 1475; x_wconf 64' lang='lat' dir='ltr'>ejus.&#39;&#39;</span> 
     </span>
    </p>
   </div>
   <div class='ocr_carea' id='block_1_24' title="bbox 1635 1535 1850 1569">
    <p class='ocr_par' dir='ltr' id='par_1_28' title="bbox 1635 1535 1850 1569">
     <span class='ocr_line' id='line_1_72' title="bbox 1635 1535 1850 1569; baseline -0.005 0"><span class='ocrx_word' id='word_1_361' title='bbox 1635 1535 1850 1569; x_wconf 88' lang='lat' dir='ltr'><strong>LXXVIII.</strong></span> 
     </span>
    </p>
   </div>
   <div class='ocr_carea' id='block_1_25' title="bbox 1302 1598 2184 1639">
    <p class='ocr_par' dir='ltr' id='par_1_29' title="bbox 1302 1598 2184 1639">
     <span class='ocr_line' id='line_1_73' title="bbox 1302 1598 2184 1639; baseline -0.002 -6"><span class='ocrx_word' id='word_1_362' title='bbox 1302 1601 1605 1639; x_wconf 78' lang='lat' dir='ltr'>Membranaceus,</span> <span class='ocrx_word' id='word_1_363' title='bbox 1639 1600 1673 1632; x_wconf 87' lang='lat' dir='ltr'>in</span> <span class='ocrx_word' id='word_1_364' title='bbox 1709 1598 1802 1638; x_wconf 90' lang='lat' dir='ltr'>folio,</span> <span class='ocrx_word' id='word_1_365' title='bbox 1834 1598 1868 1631; x_wconf 85' lang='lat' dir='ltr'>ff.</span> <span class='ocrx_word' id='word_1_366' title='bbox 1897 1600 1978 1636; x_wconf 82' lang='lat'>153,</span> <span class='ocrx_word' id='word_1_367' title='bbox 2009 1609 2075 1632; x_wconf 85' lang='lat' dir='ltr'>sec.</span> <span class='ocrx_word' id='word_1_368' title='bbox 2102 1598 2184 1638; x_wconf 61' lang='lat' dir='ltr'>xiv„</span> 
     </span>
    </p>
   </div>
   <div class='ocr_carea' id='block_1_26' title="bbox 1279 1656 2186 1707">
    <p class='ocr_par' dir='ltr' id='par_1_30' title="bbox 1279 1656 2186 1707">
     <span class='ocr_line' id='line_1_74' title="bbox 1279 1656 2186 1707; baseline -0.003 -15"><span class='ocrx_word' id='word_1_369' title='bbox 1279 1694 1281 1707; x_wconf 53' lang='lat'>‚</span> <span class='ocrx_word' id='word_1_370' title='bbox 1326 1659 1414 1692; x_wconf 81' lang='lat' dir='ltr'>binis</span> <span class='ocrx_word' id='word_1_371' title='bbox 1441 1658 1610 1692; x_wconf 84' lang='lat' dir='ltr'>columnis</span> <span class='ocrx_word' id='word_1_372' title='bbox 1629 1663 1811 1695; x_wconf 82' lang='lat' dir='ltr'>exaratus;</span> <span class='ocrx_word' id='word_1_373' title='bbox 1838 1656 1922 1689; x_wconf 88' lang='lat' dir='ltr'>olim</span> <span class='ocrx_word' id='word_1_374' title='bbox 1940 1656 2083 1689; x_wconf 83' lang='lat' dir='ltr'>Thomae</span> <span class='ocrx_word' id='word_1_375' title='bbox 2099 1656 2186 1689; x_wconf 88' lang='lat' dir='ltr'>Tril-</span> 
     </span>
    </p>
   </div>
   <div class='ocr_carea' id='block_1_27' title="bbox 1327 1714 2194 2585">
    <p class='ocr_par' dir='ltr' id='par_1_31' title="bbox 1328 1714 2184 1761">
     <span class='ocr_line' id='line_1_75' title="bbox 1328 1714 2184 1761; baseline -0.002 -11"><span class='ocrx_word' id='word_1_376' title='bbox 1328 1717 1396 1757; x_wconf 81' lang='lat' dir='ltr'>lek,</span> <span class='ocrx_word' id='word_1_377' title='bbox 1416 1722 1535 1761; x_wconf 74' lang='lat' dir='ltr'>postea</span> <span class='ocrx_word' id='word_1_378' title='bbox 1561 1715 1638 1749; x_wconf 92' lang='grc'>0011.</span> <span class='ocrx_word' id='word_1_379' title='bbox 1659 1715 1765 1749; x_wconf 78' lang='lat' dir='ltr'>Mert.</span> <span class='ocrx_word' id='word_1_380' title='bbox 1784 1727 1827 1748; x_wconf 81' lang='lat' dir='ltr'>ex</span> <span class='ocrx_word' id='word_1_381' title='bbox 1847 1715 1937 1748; x_wconf 87' lang='lat' dir='ltr'>dono</span> <span class='ocrx_word' id='word_1_382' title='bbox 1958 1714 2056 1748; x_wconf 88' lang='lat' dir='ltr'>Will.</span> <span class='ocrx_word' id='word_1_383' title='bbox 2078 1714 2184 1754; x_wconf 85' lang='lat' dir='ltr'>Reed,</span> 
     </span>
    </p>

    <p class='ocr_par' dir='ltr' id='par_1_32' title="bbox 1327 1774 1639 1820">
     <span class='ocr_line' id='line_1_76' title="bbox 1327 1774 1639 1820; baseline -0.006 -12"><span class='ocrx_word' id='word_1_384' title='bbox 1327 1786 1382 1820; x_wconf 85' lang='lat' dir='ltr'>ep.</span> <span class='ocrx_word' id='word_1_385' title='bbox 1402 1774 1639 1808; x_wconf 80' lang='lat' dir='ltr'>Ciccstrensis.</span> 
     </span>
    </p>

    <p class='ocr_par' dir='ltr' id='par_1_33' title="bbox 1346 1833 2185 1927">
     <span class='ocr_line' id='line_1_77' title="bbox 1346 1833 2185 1876; baseline -0.002 -9"><span class='ocrx_word' id='word_1_386' title='bbox 1346 1837 1472 1867; x_wconf 65' lang='lat' dir='ltr'>Thomzr</span> <span class='ocrx_word' id='word_1_387' title='bbox 1493 1835 1661 1876; x_wconf 75' lang='lat' dir='ltr'>Aquinatis</span> <span class='ocrx_word' id='word_1_388' title='bbox 1675 1835 1713 1865; x_wconf 86' lang='grc'>(10</span> <span class='ocrx_word' id='word_1_389' title='bbox 1729 1834 1789 1864; x_wconf 79' lang='lat' dir='ltr'>fide</span> <span class='ocrx_word' id='word_1_390' title='bbox 1805 1833 1960 1865; x_wconf 81' lang='lat' dir='ltr'>catholica</span> <span class='ocrx_word' id='word_1_391' title='bbox 1975 1838 2085 1865; x_wconf 83' lang='lat' dir='ltr'>contra</span> <span class='ocrx_word' id='word_1_392' title='bbox 2101 1834 2185 1865; x_wconf 84' lang='lat' dir='ltr'>Gen-</span> 
     </span>
     <span class='ocr_line' id='line_1_78' title="bbox 1368 1885 1955 1927; baseline -0.005 -9"><span class='ocrx_word' id='word_1_393' title='bbox 1368 1888 1438 1918; x_wconf 80' lang='lat' dir='ltr'>tiles</span> <span class='ocrx_word' id='word_1_394' title='bbox 1454 1887 1524 1917; x_wconf 82' lang='lat' dir='ltr'>libri</span> <span class='ocrx_word' id='word_1_395' title='bbox 1542 1891 1688 1927; x_wconf 77' lang='lat' dir='ltr'>quatuor,</span> <span class='ocrx_word' id='word_1_396' title='bbox 1706 1886 1821 1927; x_wconf 74' lang='lat' dir='ltr'>praevia</span> <span class='ocrx_word' id='word_1_397' title='bbox 1837 1885 1955 1916; x_wconf 83' lang='lat' dir='ltr'>tabula.</span> 
     </span>
    </p>

    <p class='ocr_par' dir='ltr' id='par_1_34' title="bbox 1390 1936 2190 2124">
     <span class='ocr_line' id='line_1_79' title="bbox 1411 1936 2188 1979; baseline -0.003 -11"><span class='ocrx_word' id='word_1_398' title='bbox 1411 1939 1473 1969; x_wconf 85' lang='lat' dir='ltr'>Tit.</span> <span class='ocrx_word' id='word_1_399' title='bbox 1489 1944 1506 1954; x_wconf 75' lang='lat'>⁶·</span> <span class='ocrx_word' id='word_1_400' title='bbox 1521 1938 1637 1979; x_wconf 84' lang='lat' dir='ltr'>Incipit</span> <span class='ocrx_word' id='word_1_401' title='bbox 1654 1937 1732 1967; x_wconf 87' lang='lat' dir='ltr'>liber</span> <span class='ocrx_word' id='word_1_402' title='bbox 1747 1938 1785 1968; x_wconf 87' lang='lat' dir='ltr'>de</span> <span class='ocrx_word' id='word_1_403' title='bbox 1802 1937 1934 1968; x_wconf 80' lang='lat' dir='ltr'>veritate</span> <span class='ocrx_word' id='word_1_404' title='bbox 1950 1936 2101 1968; x_wconf 83' lang='lat' dir='ltr'>catholice</span> <span class='ocrx_word' id='word_1_405' title='bbox 2116 1936 2188 1966; x_wconf 85' lang='lat' dir='ltr'>fidei</span> 
     </span>
     <span class='ocr_line' id='line_1_80' title="bbox 1390 1988 2189 2021; baseline -0.004 0"><span class='ocrx_word' id='word_1_406' title='bbox 1390 1995 1499 2021; x_wconf 82' lang='lat' dir='ltr'>contra</span> <span class='ocrx_word' id='word_1_407' title='bbox 1537 2001 1657 2020; x_wconf 83' lang='lat' dir='ltr'>errores</span> <span class='ocrx_word' id='word_1_408' title='bbox 1691 1989 1860 2019; x_wconf 84' lang='lat' dir='ltr'>infidelium</span> <span class='ocrx_word' id='word_1_409' title='bbox 1895 1988 1998 2019; x_wconf 88' lang='lat' dir='ltr'>editus</span> <span class='ocrx_word' id='word_1_410' title='bbox 2036 2000 2055 2020; x_wconf 84' lang='lat' dir='ltr'>a</span> <span class='ocrx_word' id='word_1_411' title='bbox 2092 1989 2189 2019; x_wconf 82' lang='lat' dir='ltr'>fratre</span> 
     </span>
     <span class='ocr_line' id='line_1_81' title="bbox 1391 2039 2190 2082; baseline -0.003 -10"><span class='ocrx_word' id='word_1_412' title='bbox 1391 2042 1511 2072; x_wconf 83' lang='lat' dir='ltr'>Thoma</span> <span class='ocrx_word' id='word_1_413' title='bbox 1535 2042 1572 2072; x_wconf 86' lang='grc'>(10</span> <span class='ocrx_word' id='word_1_414' title='bbox 1594 2041 1730 2082; x_wconf 77' lang='lat' dir='ltr'>Aquino,</span> <span class='ocrx_word' id='word_1_415' title='bbox 1752 2040 1870 2071; x_wconf 86' lang='lat' dir='ltr'>ordinis</span> <span class='ocrx_word' id='word_1_416' title='bbox 1893 2039 2027 2071; x_wconf 82' lang='lat' dir='ltr'>fratrum</span> <span class='ocrx_word' id='word_1_417' title='bbox 2050 2040 2190 2080; x_wconf 80' lang='lat' dir='ltr'>predica-</span> 
     </span>
     <span class='ocr_line' id='line_1_82' title="bbox 1390 2094 1526 2124; baseline -0.022 0"><span class='ocrx_word' id='word_1_418' title='bbox 1390 2094 1526 2124; x_wconf 80' lang='lat' dir='ltr'>torum.&#39;&#39;</span> 
     </span>
    </p>

    <p class='ocr_par' dir='ltr' id='par_1_35' title="bbox 1392 2142 2194 2585">
     <span class='ocr_line' id='line_1_83' title="bbox 1413 2142 2190 2184; baseline -0.003 -9"><span class='ocrx_word' id='word_1_419' title='bbox 1413 2144 1568 2176; x_wconf 65' lang='lat' dir='ltr'>Praecedit</span> <span class='ocrx_word' id='word_1_420' title='bbox 1592 2143 1715 2179; x_wconf 85' lang='lat' dir='ltr'>notitia,</span> <span class='ocrx_word' id='word_1_421' title='bbox 1740 2148 1760 2161; x_wconf 69' lang='lat'>‘⁴</span> <span class='ocrx_word' id='word_1_422' title='bbox 1776 2142 1869 2173; x_wconf 86' lang='lat' dir='ltr'>Liber</span> <span class='ocrx_word' id='word_1_423' title='bbox 1892 2143 2056 2173; x_wconf 87' lang='lat' dir='ltr'>scolarium</span> <span class='ocrx_word' id='word_1_424' title='bbox 2079 2143 2116 2173; x_wconf 88' lang='lat' dir='ltr'>de</span> <span class='ocrx_word' id='word_1_425' title='bbox 2139 2153 2190 2184; x_wconf 83' lang='lat' dir='ltr'>ge-</span> 
     </span>
     <span class='ocr_line' id='line_1_84' title="bbox 1392 2193 2190 2234; baseline -0.003 -9"><span class='ocrx_word' id='word_1_426' title='bbox 1392 2207 1465 2225; x_wconf 81' lang='lat' dir='ltr'>nere</span> <span class='ocrx_word' id='word_1_427' title='bbox 1481 2194 1664 2225; x_wconf 72' lang='lat' dir='ltr'>venerabilis</span> <span class='ocrx_word' id='word_1_428' title='bbox 1687 2193 1786 2234; x_wconf 84' lang='lat' dir='ltr'>patris</span> <span class='ocrx_word' id='word_1_429' title='bbox 1809 2193 1890 2223; x_wconf 90' lang='lat' dir='ltr'>dom.</span> <span class='ocrx_word' id='word_1_430' title='bbox 1908 2193 1995 2223; x_wconf 84' lang='lat' dir='ltr'>Will.</span> <span class='ocrx_word' id='word_1_431' title='bbox 2012 2193 2096 2224; x_wconf 82' lang='lat' dir='ltr'>tertii</span> <span class='ocrx_word' id='word_1_432' title='bbox 2113 2193 2190 2234; x_wconf 84' lang='lat' dir='ltr'>epis—</span> 
     </span>
     <span class='ocr_line' id='line_1_85' title="bbox 1392 2244 2190 2286; baseline -0.004 -9"><span class='ocrx_word' id='word_1_433' title='bbox 1392 2247 1460 2286; x_wconf 83' lang='lat' dir='ltr'>copi</span> <span class='ocrx_word' id='word_1_434' title='bbox 1473 2245 1622 2277; x_wconf 79' lang='lat' dir='ltr'>Cicestrie</span> <span class='ocrx_word' id='word_1_435' title='bbox 1635 2245 1736 2275; x_wconf 82' lang='lat' dir='ltr'>Oxon.</span> <span class='ocrx_word' id='word_1_436' title='bbox 1750 2244 1919 2274; x_wconf 85' lang='lat' dir='ltr'>successive</span> <span class='ocrx_word' id='word_1_437' title='bbox 1935 2244 2139 2277; x_wconf 81' lang='lat' dir='ltr'>studencium,</span> <span class='ocrx_word' id='word_1_438' title='bbox 2153 2255 2190 2274; x_wconf 84' lang='lat' dir='ltr'>ex</span> 
     </span>
     <span class='ocr_line' id='line_1_86' title="bbox 1393 2295 2191 2338; baseline -0.004 -10"><span class='ocrx_word' id='word_1_439' title='bbox 1393 2299 1474 2328; x_wconf 87' lang='lat' dir='ltr'>‹lono</span> <span class='ocrx_word' id='word_1_440' title='bbox 1490 2308 1556 2328; x_wconf 74' lang='lat' dir='ltr'>von.</span> <span class='ocrx_word' id='word_1_441' title='bbox 1576 2296 1674 2338; x_wconf 88' lang='lat' dir='ltr'>patris</span> <span class='ocrx_word' id='word_1_442' title='bbox 1696 2295 1840 2336; x_wconf 80' lang='lat' dir='ltr'>predicti,</span> <span class='ocrx_word' id='word_1_443' title='bbox 1859 2300 1890 2326; x_wconf 86' lang='lat' dir='ltr'>et</span> <span class='ocrx_word' id='word_1_444' title='bbox 1913 2306 1968 2336; x_wconf 89' lang='lat' dir='ltr'>per</span> <span class='ocrx_word' id='word_1_445' title='bbox 1984 2295 2146 2325; x_wconf 82' lang='lat' dir='ltr'>custodem</span> <span class='ocrx_word' id='word_1_446' title='bbox 2160 2301 2191 2325; x_wconf 81' lang='lat' dir='ltr'>et</span> 
     </span>
     <span class='ocr_line' id='line_1_87' title="bbox 1394 2346 2192 2387; baseline -0.003 -9"><span class='ocrx_word' id='word_1_447' title='bbox 1394 2354 1547 2378; x_wconf 82' lang='lat' dir='ltr'>rectorem</span> <span class='ocrx_word' id='word_1_448' title='bbox 1570 2347 1731 2377; x_wconf 84' lang='lat' dir='ltr'>domorum</span> <span class='ocrx_word' id='word_1_449' title='bbox 1756 2346 1794 2376; x_wconf 83' lang='grc'>(10</span> <span class='ocrx_word' id='word_1_450' title='bbox 1819 2346 1945 2376; x_wconf 86' lang='lat' dir='ltr'>Merton</span> <span class='ocrx_word' id='word_1_451' title='bbox 1972 2350 2003 2376; x_wconf 86' lang='lat' dir='ltr'>et</span> <span class='ocrx_word' id='word_1_452' title='bbox 2028 2346 2192 2387; x_wconf 84' lang='lat' dir='ltr'>Stapleton</span> 
     </span>
     <span class='ocr_line' id='line_1_88' title="bbox 1395 2396 2192 2440; baseline -0.005 -10"><span class='ocrx_word' id='word_1_453' title='bbox 1395 2400 1496 2430; x_wconf 81' lang='lat' dir='ltr'>Oxou.</span> <span class='ocrx_word' id='word_1_454' title='bbox 1513 2399 1559 2429; x_wconf 84' lang='lat' dir='ltr'>vel</span> <span class='ocrx_word' id='word_1_455' title='bbox 1581 2409 1636 2440; x_wconf 88' lang='lat' dir='ltr'>per</span> <span class='ocrx_word' id='word_1_456' title='bbox 1657 2409 1762 2428; x_wconf 85' lang='lat' dir='ltr'>earum</span> <span class='ocrx_word' id='word_1_457' title='bbox 1779 2397 1922 2427; x_wconf 83' lang='lat' dir='ltr'>librarios</span> <span class='ocrx_word' id='word_1_458' title='bbox 1938 2397 2053 2427; x_wconf 84' lang='lat' dir='ltr'>eisdem</span> <span class='ocrx_word' id='word_1_459' title='bbox 2070 2396 2192 2428; x_wconf 84' lang='lat' dir='ltr'>scolari—</span> 
     </span>
     <span class='ocr_line' id='line_1_89' title="bbox 1395 2448 2192 2492; baseline -0.006 -10"><span class='ocrx_word' id='word_1_460' title='bbox 1395 2452 1452 2482; x_wconf 86' lang='lat' dir='ltr'>bus</span> <span class='ocrx_word' id='word_1_461' title='bbox 1465 2452 1558 2492; x_wconf 74' lang='lat' dir='ltr'>juxta</span> <span class='ocrx_word' id='word_1_462' title='bbox 1574 2449 1739 2480; x_wconf 82' lang='lat' dir='ltr'>facultates</span> <span class='ocrx_word' id='word_1_463' title='bbox 1758 2454 1789 2479; x_wconf 89' lang='lat' dir='ltr'>et</span> <span class='ocrx_word' id='word_1_464' title='bbox 1810 2449 1922 2479; x_wconf 83' lang='lat' dir='ltr'>merita</span> <span class='ocrx_word' id='word_1_465' title='bbox 1942 2448 2078 2489; x_wconf 84' lang='lat' dir='ltr'>ipsorum</span> <span class='ocrx_word' id='word_1_466' title='bbox 2095 2449 2192 2488; x_wconf 88' lang='lat' dir='ltr'>cujus-</span> 
     </span>
     <span class='ocr_line' id='line_1_90' title="bbox 1396 2500 2194 2543; baseline -0.004 -11"><span class='ocrx_word' id='word_1_467' title='bbox 1396 2514 1454 2543; x_wconf 87' lang='lat' dir='ltr'>quc</span> <span class='ocrx_word' id='word_1_468' title='bbox 1471 2502 1510 2532; x_wconf 87' lang='lat' dir='ltr'>ad</span> <span class='ocrx_word' id='word_1_469' title='bbox 1532 2508 1655 2542; x_wconf 85' lang='lat' dir='ltr'>tempus</span> <span class='ocrx_word' id='word_1_470' title='bbox 1679 2501 1736 2531; x_wconf 86' lang='lat' dir='ltr'>sub</span> <span class='ocrx_word' id='word_1_471' title='bbox 1761 2500 1905 2530; x_wconf 84' lang='lat' dir='ltr'>cautione</span> <span class='ocrx_word' id='word_1_472' title='bbox 1925 2500 2102 2541; x_wconf 87' lang='lat' dir='ltr'>juratorum</span> <span class='ocrx_word' id='word_1_473' title='bbox 2125 2510 2194 2540; x_wconf 89' lang='lat' dir='ltr'>pro-</span> 
     </span>
     <span class='ocr_line' id='line_1_91' title="bbox 1397 2553 1687 2585; baseline -0.003 -1"><span class='ocrx_word' id='word_1_474' title='bbox 1397 2555 1465 2585; x_wconf 78' lang='lat' dir='ltr'>vide</span> <span class='ocrx_word' id='word_1_475' title='bbox 1480 2553 1687 2584; x_wconf 56' lang='lat' dir='ltr'>liberanduss&#39;</span> 
     </span>
    </p>
   </div>
   <div class='ocr_carea' id='block_1_28' title="bbox 1664 2650 1843 2685">
    <p class='ocr_par' dir='ltr' id='par_1_36' title="bbox 1664 2650 1843 2685">
     <span class='ocr_line' id='line_1_92' title="bbox 1664 2650 1843 2685; baseline -0.006 0"><span class='ocrx_word' id='word_1_476' title='bbox 1664 2650 1843 2685; x_wconf 86' lang='lat' dir='ltr'><strong>LXXIX.</strong></span> 
     </span>
    </p>
   </div>
   <div class='ocr_carea' id='block_1_29' title="bbox 1315 2711 2196 2807">
    <p class='ocr_par' dir='ltr' id='par_1_37' title="bbox 1315 2711 2196 2807">
     <span class='ocr_line' id='line_1_93' title="bbox 1315 2711 2196 2752; baseline -0.007 -3"><span class='ocrx_word' id='word_1_477' title='bbox 1315 2715 1618 2751; x_wconf 84' lang='lat' dir='ltr'>Membranaceus,</span> <span class='ocrx_word' id='word_1_478' title='bbox 1650 2714 1685 2746; x_wconf 90' lang='lat' dir='ltr'>in</span> <span class='ocrx_word' id='word_1_479' title='bbox 1724 2713 1817 2752; x_wconf 87' lang='lat' dir='ltr'>folio,</span> <span class='ocrx_word' id='word_1_480' title='bbox 1845 2711 1878 2746; x_wconf 88' lang='lat' dir='ltr'>ff.</span> <span class='ocrx_word' id='word_1_481' title='bbox 1905 2714 1986 2751; x_wconf 82' lang='lat'><strong>177,</strong></span> <span class='ocrx_word' id='word_1_482' title='bbox 2021 2722 2088 2745; x_wconf 81' lang='lat' dir='ltr'>Sec.</span> <span class='ocrx_word' id='word_1_483' title='bbox 2116 2711 2196 2750; x_wconf 66' lang='lat' dir='ltr'>xiv„</span> 
     </span>
     <span class='ocr_line' id='line_1_94' title="bbox 1339 2772 1807 2807; baseline -0.006 -1"><span class='ocrx_word' id='word_1_484' title='bbox 1339 2773 1427 2807; x_wconf 84' lang='lat' dir='ltr'>binis</span> <span class='ocrx_word' id='word_1_485' title='bbox 1446 2772 1615 2806; x_wconf 88' lang='lat' dir='ltr'>columnis</span> <span class='ocrx_word' id='word_1_486' title='bbox 1633 2775 1807 2805; x_wconf 81' lang='lat' dir='ltr'>exaratus.</span> 
     </span>
    </p>
   </div>
  </div>
 </body>
</html>
