2254 3117
757 145 994 182 COLLEGII

402 248 584 283 XXXIV.

61 314 177 349 Codex
201 313 493 349 membranaceus,
508 312 541 344 in
562 310 643 343 folio
661 309 794 353 majori,
808 308 842 342 ff.
858 311 938 347 249,

84 384 148 406 sec.
180 371 251 411 xii„
288 369 376 403 binis
412 369 582 402 columnis
617 368 726 401 nitide
756 371 939 406 exaratus;

84 430 164 464 olim
184 429 327 462 Henrici
350 427 537 473 [Beaufort
548 425 579 471 ἲ]
601 425 792 460 Cardinalis
810 430 845 458 et
870 426 941 469 epi-

85 488 176 533 scopi
197 485 464 519 lViutoniensis.

104 555 188 586 Petri
211 553 391 589 Lombardi,
413 552 606 589 Parisiensis,
624 552 655 582 in
672 552 859 582 Psalterium
876 551 939 582 Da-

123 606 198 637 vidis
213 605 332 646 glossae,
350 603 465 645 praevia
480 602 670 644 praefatione.

164 656 312 687 Abscissa
322 660 369 686 est
381 666 400 686 a
413 654 564 685 nebulone
581 654 715 694 quodam
727 653 836 694 psalmi
850 652 940 693 primi

142 709 233 739 litera
252 707 387 738 initialis.

165 759 375 791 Praemittitur
405 759 443 789 de
473 757 641 788 donatione
671 757 785 788 codicis
820 755 940 787 notitiae

142 813 349 854 fragmentum
360 821 502 851 sequens,
520 815 538 824 ‘¹
636 808 773 839 Henrico
784 807 941 839 Cardinali

143 863 255 904 Anglie
268 867 299 893 et
313 861 456 903 episeopo
471 859 692 902 nyntoniensi
705 870 741 889 ac
758 870 813 900 pro

142 914 231 945 istius
260 913 379 954 collegii
409 917 441 943 et
470 911 720 943 benefactoribus
751 910 938 941 eorumdem.

142 964 369 997 Chawndele1·.'¹

420 1055 578 1089 XXXV.

65 1121 360 1159 Membranaeeus,
385 1120 419 1153 in
447 1119 530 1153 folio
557 1118 688 1163 majori,
714 1117 747 1151 ff.
772 1120 853 1157 278,
871 1129 939 1151 see.

86 1181 166 1220 xiii„
184 1180 273 1214 binis
292 1179 462 1213 columnis
481 1183 664 1218 exaratus3
694 1178 776 1211 olim
796 1178 941 1212 Henriei

88 1238 239 1284 Upnore.

104 1306 189 1337 Petri
214 1305 385 1336 Lombardi
405 1305 523 1336 Glossze
544 1305 575 1335 in
595 1304 725 1335 Davidis
742 1305 940 1341 Psalterium,

122 1369 189 1389 cum
205 1357 389 1399 praefatione
404 1360 436 1388 et
451 1356 594 1398 glossulis
610 1356 841 1397 marginalibus.

165 1413 227 1444 Tit.
251 1411 398 1454 “Incipit
418 1412 496 1443 liber
520 1412 696 1442 Ymnorum
720 1411 766 1442 vel
790 1412 942 1453 soliloqui-

144 1475 232 1495 orum
248 1463 351 1494 David
367 1463 519 1505 prophete
535 1463 573 1494 de
590 1463 744 1494 Christo.”

166 1516 205 1546 In
221 1515 314 1551 calce,

127 1571 144 1584 “
156 1567 293 1609 Explicit
308 1567 357 1597 hic
374 1566 462 1597 Petri
477 1566 634 1608 glosarum
649 1570 734 1597 meta
749 1566 921 1608 niagistri.''

167 1618 206 1648 In
221 1618 324 1649 fronte
340 1618 464 1654 codicis,
479 1618 531 1649 fol.
555 1617 617 1648 scil.
639 1619 683 1647 L*
701 1629 798 1654 verso,
818 1624 835 1633 '¹
851 1618 944 1648 Liber

146 1669 287 1711 magistri
315 1669 445 1700 Henriei
474 1670 605 1711 Upnore
636 1669 729 1700 datus
759 1669 859 1700 eidem
889 1680 944 1710 per

146 1722 329 1763 magistrum
359 1721 512 1752 'rhomam
540 1721 615 1763 Hyll
642 1733 679 1752 ex
713 1721 944 1763 dispensatione

147 1777 345 1804 executorum
368 1784 493 1804 suorum
505 1773 530 1810 3³³
553 1777 585 1804 et
608 1773 639 1803 in
659 1773 710 1803 fol.
732 1782 747 1802 2
766 1773 795 1808 b,
819 1773 945 1803 “Liber

147 1825 263 1866 collegii
286 1829 409 1866 emptus
432 1825 469 1855 de
492 1825 643 1866 magistro
659 1824 797 1854 Hem-ico
815 1824 944 1865 Upnore

147 1879 266 1907 rectore
289 1876 327 1906 de
350 1876 527 1907 Horewode
550 1887 607 1917 pro
633 1875 721 1906 liii.s.
746 1875 835 1916 iiij.d.
863 1886 945 1906 anno

148 1925 262 1957 Christi
284 1927 392 1966 1487.''

170 1978 316 2019 Sequitur
344 1978 375 2009 in
401 1977 474 2008 folio
504 1977 675 2019 penultimo
704 1978 828 2014 notitia,
855 1978 946 2009 hodie

148 2041 234 2071 paene
249 2030 361 2067 deleta,
387 2036 405 2045 “
421 2029 515 2059 Liber
537 2028 657 2069 collegii
681 2028 773 2059 beate
790 2028 892 2059 Marie
908 2029 946 2059 de

150 2081 292 2122 WVynton
318 2081 350 2112 in
376 2081 477 2112 Oxou.
505 2092 543 2111 ex
574 2081 656 2110 dono
682 2080 866 2111 venerabilis
890 2081 946 2111 viri

149 2132 288 2174 magistri
312 2132 449 2173 Henryci
473 2132 603 2173 Upnore
631 2132 777 2174 [rectoris
804 2133 942 2174 ecclesie]

150 2183 187 2213 de
210 2182 387 2213 Horewood
410 2193 533 2224 magna,
558 2193 652 2212 causa
670 2182 849 2212 donacionis
867 2207 872 2212 .
891 2207 897 2213 .
916 2207 920 2212 .
940 2208 945 2213 .

406 2329 590 2363 XXXVI.

1 2403 4 2432 ὁ
71 2388 366 2431 hiembranaceus,
400 2392 435 2425 in
471 2391 564 2431 folio,
601 2391 635 2424 ff.
671 2393 749 2430 113,
780 2402 846 2424 sec.
878 2392 946 2425 xiV.

94 2447 271 2488 exeuntis3
297 2447 380 2481 olim
407 2448 582 2493 peculium
602 2447 775 2480 willelmi
796 2447 947 2487 Maiton,

94 2509 211 2547 postea
225 2504 399 2540 Willelmi
419 2506 539 2544 lVare,
558 2505 636 2539 coll.
657 2505 691 2538 N
694 2517 747 2538 ov.
765 2506 946 2540 sociorum.

3 2572 15 2601 k
113 2571 272 2604 Michaelis
289 2573 342 2616 [de
359 2573 514 2615 Corbei13]
540 2573 710 2603 Meldensis
733 2573 948 2605 distinctiones

4 2649 7 2677 ι
131 2634 222 2664 super
238 2625 434 2662 Psalterium,
451 2625 566 2666 praevia
582 2624 772 2666 praefatione.

173 2674 235 2706 Tit.
263 2676 452 2717 “Incipiunt
479 2675 694 2706 distinctiones
719 2675 859 2716 magistri
888 2675 947 2706 Mi-

153 2724 265 2756 chaelis
281 2726 452 2757 Meldensis
468 2737 560 2767 super
577 2725 798 2756 Psalterium.''

170 2778 267 2819 Incip.
284 2779 368 2820 praef.
389 2784 409 2797 “
422 2778 567 2819 Quisquis
582 2778 622 2808 ad
639 2778 739 2808 divine
755 2778 866 2819 pagine
882 2789 948 2808 eru-

1024 146 1163 182 NOVI.
1843 152 1864 185 9

1071 247 1218 277 ditionem
1241 247 1371 283 accedit,
1389 248 1418 277 in
1443 247 1591 289 principio
1614 248 1706 278 (lebet
1729 248 1864 278 conside>

1073 308 1141 327 raro
1169 309 1227 338 que
1254 298 1293 328 sit
1324 298 1411 328 istius
1441 299 1592 340 scripture
1617 298 1757 333 materia,
1786 299 1866 329 circa

1073 348 1145 389 quid
1159 353 1300 378 versatur
1313 349 1378 389 ejus
1392 353 1555 379 tractatus.
1591 348 1649 380 Est
1661 354 1764 380 autem
1779 349 1866 379 istius

1074 399 1250 440 principalis
1266 400 1397 430 materia
1413 411 1488 440 opus
1504 400 1769 431 1·ostaurationis.”

1098 449 1194 491 Incip.
1225 450 1311 485 liber,
1345 451 1491 482 “Beatus
1522 451 1567 481 vir
1597 452 1647 492 qui
1678 463 1739 482 non
1768 453 1866 485 abiit;

1076 500 1182 530 Homo
1213 501 1358 541 quamdiu
1394 513 1448 542 per
1478 503 1770 544 contemplationem
1803 503 1868 533 Deo

1074 552 1204 582 adheret
1232 552 1262 582 in
1287 553 1390 593 patria
1414 558 1527 589 manet,
1551 558 1582 585 et
1603 555 1726 595 quando
1751 554 1866 595 eogita-

1076 603 1191 633 tionem
1217 614 1304 633 suam
1331 605 1370 634 ad
1396 608 1518 635 terreno
1542 605 1639 636 flectit
1665 617 1684 636 a
1709 606 1812 646 patria
1840 606 1868 635 in

1076 654 1202 684 exilium
1218 654 1331 685 vadit?5

1097 704 1203 735 Desin.
1232 710 1250 721 ‘⁵
1264 709 1368 735 tamen
1391 717 1515 736 manum
1539 708 1720 748 corrigentis
1747 710 1869 750 postulo

1076 767 1137 786 non
1154 757 1364 791 detrahentis3
1383 756 1452 788 finis
1468 759 1570 789 onmia
1586 759 1750 795 concludit,
1767 760 1870 790 omnia

1076 807 1167 843 locat,
1189 808 1292 838 onmia
1312 809 1442 849 perficit,
1458 809 1523 840 sola
1541 810 1621 840 enim
1642 812 1869 851 perseverantia

1075 859 1188 900 accipit
1204 859 1372 890 braviumff'

1100 914 1138 943 In
1154 913 1245 950 ealce,

1058 971 1075 980 '¹
1090 965 1210 996 Doctor
1222 965 1391 996 Meldensis
1402 965 1549 1001 Mieliael,
1562 968 1662 1008 presul
1677 968 1868 999 Senonensis.

1088 1016 1151 1047 Hic
1167 1017 1245 1047 bene
1259 1017 1453 1048 Psaluiorum
1468 1018 1615 1049 Polixena
1626 1019 1719 1049 verba
1732 1020 1870 1050 locavit.“

1099 1072 1290 1113 Sequuntur,

1056 1134 1082 1154 a.
1101 1123 1186 1154 Nota
1215 1124 1316 1154 brevis
1346 1124 1384 1154 de
1419 1123 1544 1164 psalmis
1575 1125 1615 1154 ad
1645 1125 1869 1165 deprecandum

1120 1175 1223 1205 Deum
1238 1186 1258 1205 a
1275 1175 1307 1205 S.
1322 1174 1444 1205 Hilario
1459 1175 1618 1205 ordinatis.

1058 1230 1086 1260 b.
1104 1230 1229 1261 “Liber
1258 1230 1376 1271 collegii
1407 1229 1498 1260 beate
1528 1229 1631 1260 Marie
1660 1230 1810 1271 W'ynton.
1842 1233 1871 1261 in

1121 1282 1222 1313 Oxou.
1251 1293 1288 1312 ex
1315 1282 1396 1312 dono
1420 1281 1562 1322 magistri
1592 1281 1739 1312 willelmi
1763 1282 1869 1316 lVare,

1121 1333 1193 1364 olim
1216 1334 1289 1364 socii
1306 1333 1443 1374 ejusdem
1462 1333 1590 1374 collegii,
1608 1334 1819 1365 cathenandus
1842 1336 1872 1365 in

1121 1385 1245 1415 libraria
1262 1384 1414 1415 communi
1436 1384 1572 1425 ejusdem
1591 1385 1709 1426 collegii
1730 1386 1769 1416 ad
1786 1397 1872 1416 usum

1123 1436 1316 1467 studentium
1331 1436 1362 1466 in
1374 1436 1482 1466 eodem
1495 1436 1632 1477 collegio.
1663 1436 1768 1468 Oretis
1780 1437 1874 1478 igitur

1122 1498 1178 1528 pro
1195 1488 1345 1518 donatore
1361 1492 1393 1518 et
1413 1487 1662 1518 benefactoribus
1680 1488 1826 1529 ejusdem,
1843 1496 1874 1519 et

1122 1538 1297 1579 specialiter
1332 1549 1388 1580 pro
1421 1538 1525 1569 anima
1554 1539 1695 1580 magistri
1726 1539 1874 1570 Willelmi

1123 1589 1267 1620 Maltone
1288 1589 1360 1620 olim
1384 1589 1457 1620 socii
1480 1590 1618 1630 ejusdem
1641 1590 1768 1632 collegii,
1789 1591 1874 1632 cujus

1122 1641 1276 1672 industria
1305 1641 1364 1672 iste
1396 1641 1473 1672 liber
1501 1641 1628 1682 collegio
1654 1642 1754 1673 fuerat
1780 1643 1873 1684 assig-

1122 1693 1243 1723 natus.”

1059 1759 1084 1779 c.
1102 1748 1222 1779 Versus
1238 1749 1276 1779 de
1290 1748 1454 1789 patientia,
1470 1752 1528 1779 etc.
1544 1748 1634 1790 incip.

1125 1799 1297 1830 “Maxima
1325 1799 1475 1830 virtutum
1506 1800 1659 1841 patientia
1689 1806 1805 1842 pugnat
1832 1801 1874 1830 in-

1165 1851 1289 1881 ermis.'’

1104 1905 1346 1936 Praemittuntur
1366 1905 1462 1936 codici
1479 1917 1583 1936 versus
1599 1907 1747 1937 tredecim
1764 1907 1873 1937 heroici

1082 1957 1120 1987 de
1140 1956 1195 1987 SS.
1212 1957 1437 1998 Apostolorum
1454 1957 1683 1998 praedicatione,
1700 1958 1789 1999 incip.

1105 2007 1247 2038 “Petrus
1264 2008 1410 2039 Romanis
1425 2008 1574 2039 reseravit
1590 2009 1671 2039 dona
1686 2009 1825 2040 salutis.‘'⁷

1334 2110 1541 2145 XXXVII.

998 2173 1118 2208 Codex
1136 2173 1428 2212 membranaceus,
1447 2173 1482 2206 in
1500 2173 1582 2206 folio
1600 2173 1727 2217 majori,
1745 2173 1776 2205 ff.
1794 2175 1873 2212 249,

1023 2243 1088 2265 sec.
1118 2231 1199 2271 xiv„
1230 2231 1318 2264 binis
1345 2231 1514 2265 columnis
1542 2231 1629 2265 bene
1657 2236 1814 2264 exaratus
1839 2237 1874 2264 et

1023 2295 1198 2329 servatus3
1242 2288 1325 2322 olim
1368 2289 1511 2323 Thomae
1554 2288 1709 2333 Cranley,
1745 2289 1874 2322 archie-

1023 2347 1152 2392 piscopi
1173 2346 1408 2380 Dublinensis.

1041 2416 1073 2446 S.
1085 2415 1226 2457 Gregorii
1239 2426 1327 2456 papae
1340 2415 1365 2446 I.
1384 2414 1502 2455 Magni,
1520 2414 1550 2443 in
1566 2413 1675 2444 librum
1688 2413 1751 2444 Job
1770 2414 1874 2445 Mora-

1062 2467 1135 2498 lium
1150 2467 1219 2497 libri
1235 2467 1368 2497 sedecim
1384 2466 1510 2507 priores,
1526 2475 1595 2495 cum
1611 2464 1747 2505 prologo.

1105 2523 1243 2554 Exstant
1266 2522 1405 2564 impress.
1430 2521 1511 2551 inter
1531 2531 1633 2561 opera,
1650 2520 1696 2550 ed.
1715 2519 1873 2551 Benediet.

1084 2578 1158 2605 tom.
1176 2574 1194 2604 i.
1212 2574 1269 2604 col.
1290 2584 1313 2603 i.

1107 2626 1145 2655 In
1171 2624 1310 2665 margine
1338 2623 1435 2654 fol.1.
1467 2622 1614 2663 superiori
1644 2626 1786 2653 notatum
1817 2629 1874 2658 est,

1085 2676 1210 2706 “Liber
1233 2675 1350 2705 Tliome
1381 2673 1491 2704 Cranle
1516 2672 1736 2714 archiepiscopi
1767 2673 1874 2703 Dubli-

1084 2727 1197 2764 nensis,
1229 2736 1319 2767 quem
1355 2725 1429 2755 emit
1464 2724 1502 2754 de
1537 2724 1671 2765 quodam
1706 2724 1876 2765 presbitero

1083 2777 1203 2808 Cestrie
1230 2777 1290 2816 xxj.
1318 2776 1366 2806 die
1396 2774 1509 2806 mensis
1537 2775 1614 2805 Julii
1644 2785 1725 2806 anno
1752 2774 1876 2805 Domini

1146 2842 1165 2864 C
