2254 3117
689 151 925 186 COLLEGII
950 152 1267 191 EXONIENSIS.
1833 162 1876 196 19

175 250 204 279 A
237 259 393 290 summary
420 249 454 279 of
480 249 534 280 the
563 252 708 280 contents
737 250 762 280 is
791 250 881 291 given
910 251 949 291 by

154 299 310 341 Vaughan
324 300 354 331 in
367 300 414 331 his
428 300 495 331 Life
507 300 541 331 of
552 300 706 341 NVJ-cliffe,
719 301 777 331 vol.
791 301 819 331 ii.
836 313 865 342 p.
877 311 948 341 420.

490 394 530 427 L.

69 457 189 492 Codex
204 457 496 496 membranaceus,
515 457 550 490 in
569 459 629 490 4to
647 457 801 497 minimo,
820 456 854 490 ff.
868 456 948 496 146,

93 526 164 549 sec.
180 526 237 548 xv.

112 578 138 606 1.
164 575 267 611 Liber,
298 575 432 616 quinque
462 575 603 616 partibus
634 575 881 616 comprehensus,
913 576 950 606 de

173 638 278 657 amore
295 631 327 657 et
343 626 506 657 dilectione
530 626 591 657 Dei
615 630 647 657 et
668 626 801 667 proximi
823 634 854 657 et
877 626 950 657 alia-

173 689 242 709 rum
263 689 374 714 rerum,
389 681 420 708 et
441 678 479 708 de
496 678 595 708 forma
610 678 682 709 vitae
698 689 788 719 quem
805 678 950 708 Alberta-

174 741 232 761 nus
259 729 432 760 causidicus
459 729 630 760 Brixiensis
657 730 695 760 dc
724 730 801 760 hora
828 730 950 760 Sanctae

175 781 309 822 Agathae
326 781 502 822 compilavit
522 792 559 811 ac
582 780 795 822 scripsit‚cum
818 785 899 811 esset
920 781 950 811 in

177 843 299 864 carcere
311 832 426 862 domini
443 832 645 873 Imperatoris
661 832 816 863 Frederici
833 833 863 862 in
880 832 950 863 civi-

175 887 242 914 tate
265 882 434 919 Cmmonae,
467 887 484 899 ‘⁴
507 883 538 912 in
563 894 624 924 quo
654 883 774 924 positus
799 883 858 914 fuit
883 894 951 913 cum

175 937 257 964 esset
286 933 467 974 capitaneus
496 934 625 975 gauerdi
654 934 694 964 ad
726 934 951 964 defendendum

173 985 273 1016 locum
302 985 413 1026 ipsum,
444 985 485 1016 ad
517 985 687 1016 utilitatem
721 985 952 1016 communitatis

175 1036 300 1073 Brixiae,
316 1047 397 1066 anno
414 1035 538 1066 Domini
555 1036 716 1066 millesimo
737 1047 779 1066 cc.
796 1036 951 1067 tricesimo

174 1088 236 1129 viij.
253 1088 291 1118 de
307 1098 411 1118 mense
427 1087 564 1128 Augusti
581 1088 611 1117 in
627 1088 676 1118 (lie
692 1088 799 1118 Sancti
815 1087 950 1118 Alexan-

174 1139 234 1176 dri,
250 1150 310 1180 quo
327 1139 530 1170 obsidebatur
556 1139 664 1170 civitas
680 1139 786 1170 Brixie
807 1150 863 1180 per
880 1150 952 1169 eun-

176 1191 246 1221 dem
263 1190 489 1231 Imperatorem
504 1191 673 1222 indictione
688 1191 749 1232 xj.”
772 1191 822 1222 fol.
841 1201 866 1221 ι.

222 1246 321 1287 Incip.
338 1246 369 1276 in
385 1246 485 1277 verbis
501 1251 583 1288 part.
599 1246 630 1277 ii.
648 1251 665 1263 “
678 1266 721 1270 —
736 1247 798 1277 sive
814 1252 952 1278 assenta-

197 1302 292 1333 tores,
308 1308 413 1328 omnes
430 1299 516 1339 quasi
539 1298 737 1330 lacrimantes
762 1304 793 1330 et
816 1299 952 1330 dolorem

197 1349 228 1379 in
243 1348 350 1379 facie.”

219 1399 325 1430 Desin.
343 1404 360 1417 ⁴⁶
373 1404 405 1430 et
421 1400 460 1430 ad
473 1411 602 1441 regnum
615 1401 749 1431 celorum
766 1406 874 1442 satage
886 1413 952 1443 per-

198 1451 312 1488 venire,
328 1451 368 1481 ad
386 1451 459 1492 quid
476 1451 534 1482 Ille
549 1463 605 1483 nos
621 1453 775 1484 conducat
786 1453 815 1488 ;”
838 1458 897 1484 etc.

222 1502 259 1532 In
282 1502 375 1539 calce,
399 1508 417 1519 ‘⁴
431 1503 568 1544 Explicit
591 1504 670 1534 liber
692 1505 730 1535 de
753 1516 858 1535 amore
870 1505 895 1541 ;”
919 1512 953 1536 ut

199 1565 291 1596 supra
306 1555 533 1596 exscripsimus.

114 1611 144 1640 2.
161 1610 339 1647 Tractatus,
352 1610 403 1651 qui
417 1610 525 1651 Imago
541 1611 646 1641 mundi
662 1616 803 1642 vocatur.
820 1612 870 1642 fol.
887 1621 953 1643 120.

222 1660 319 1702 Incip.
346 1665 363 1677 “
381 1661 559 1702 Septiformi
585 1662 701 1704 Spiritu
725 1663 756 1693 in
786 1663 869 1694 trina
893 1662 954 1693 fide

200 1712 353 1743 illustrato
369 1724 405 1743 ac
429 1713 563 1754 septenis
587 1713 659 1744 rivis
683 1714 833 1755 tripharie
858 1715 953 1756 philo-

200 1762 307 1803 sophie
322 1763 502 1793 mundatos*

220 1813 327 1844 Desin.
346 1814 466 1856 “longe
488 1815 714 1856 supereminere
738 1816 852 1847 dicitur
875 1817 954 1847 colo-

200 1875 269 1895 rum
289 1865 387 1896 celum
404 1866 434 1896 in
451 1877 510 1907 quo
526 1866 650 1898 habitat
665 1878 720 1898 rex
736 1869 955 1909 Angelorum.”

223 1916 260 1946 In
285 1916 335 1947 fol.
360 1917 416 1948 ult.
438 1928 536 1954 verso,
565 1922 582 1934 “
598 1918 758 1950 Johannes
785 1920 859 1961 Mey
879 1931 915 1961 ys
937 1932 955 1951 a

201 1968 328 1999 knave.”

486 2037 546 2071 LI.

78 2098 374 2139 Membranaceus‚
401 2100 437 2133 in
465 2100 548 2133 folio
574 2101 703 2145 majori,
729 2101 761 2134 ff.
782 2104 864 2142 204,
889 2114 954 2136 sec.

102 2167 166 2195 xv.‚
186 2157 332 2202 scriptus
351 2157 494 2197 scilicet,
507 2164 546 2191 ut
561 2159 696 2192 codices
720 2160 955 2203 septendecim

101 2220 294 2258 sequentes,
313 2214 462 2249 Oxoniae
486 2227 546 2260 per
562 2228 684 2250 manus
704 2216 752 2249 W
755 2216 875 2250 illelmi
895 2217 956 2251 Sa-

102 2271 255 2312 lomonis,
286 2272 474 2308 Leonensis
509 2274 693 2314 dioceseos,
725 2275 816 2308 inter
849 2287 955 2309 annos

105 2332 197 2363 1450
216 2335 252 2364 et
271 2330 376 2370 1465,
395 2332 589 2377 sumptibus
607 2337 646 2365 ut
670 2333 808 2366 videtur
827 2333 954 2379 Rogeri

102 2386 207 2432 Keys,
237 2388 467 2422 archidiaconi
502 2390 544 2422 de
580 2389 794 2434 Barnstaple‚
825 2396 860 2424 et
894 2403 955 2435 per

102 2445 249 2479 eundem
275 2446 451 2491 Rogeruni
479 2446 624 2492 collegio
654 2446 842 2481 Exoniensi
873 2460 955 2493 prae-

101 2504 238 2536 sentati.

120 2563 263 2605 Hugonis
278 2565 316 2595 dc
332 2564 362 2595 S.
379 2565 470 2601 Caro,
488 2565 684 2603 Viennensis,
696 2566 848 2606 expositio
863 2578 954 2608 super

141 2615 360 2646 octateuchum
386 2615 449 2646 sive
472 2616 568 2646 libros
593 2616 712 2657 priores
736 2621 807 2648 octo
831 2617 885 2648 SS.
903 2618 954 2648 Bi-

140 2666 282 2698 bliorum.

183 2717 221 2747 In
237 2717 329 2756 calce,
346 2722 363 2735 “
376 2718 512 2759 Explicit
528 2718 604 2749 liber
620 2718 707 2750 Ruth
722 2720 888 2750 secundum
904 2731 954 2751 ex-

161 2768 345 2809 positionem
357 2769 499 2810 Hugonis
509 2770 547 2800 de
558 2770 680 2801 Vienna
692 2781 784 2811 super
792 2770 954 2802 Bibliam.”

1402 257 1482 290 LII.

1002 316 1120 350 Codex
1139 319 1431 359 membranaceus,
1450 321 1483 353 in
1509 319 1590 353 folio
1609 321 1737 365 majori,
1757 320 1878 359 fl1155‚

1027 385 1093 407 sec.
1107 387 1173 415 xv„
1193 378 1338 421 scriptus
1356 378 1487 411 scilicet
1507 382 1544 411 ut
1563 390 1673 422 supra.

1045 440 1072 468 1.
1092 439 1283 481 Hugonisde
1301 442 1331 471 S.
1344 442 1425 471 Caro
1441 442 1593 483 expositio
1604 443 1634 472 in
1649 443 1744 473 libros
1760 442 1878 484 Regum

1109 494 1252 530 quatuor,
1271 491 1528 532 Paralipomenon
1552 493 1623 529 (luo,
1641 504 1771 533 quorum
1796 493 1880 534 prior

1108 542 1269 572 mutilatus
1299 547 1346 573 est
1376 544 1415 573 ad
1446 544 1575 580 initium,
1604 544 1750 581 Necmiae,
1777 544 1880 585 [initio

1109 593 1269 632 mancum]
1288 592 1394 623 'l'obize
1410 598 1503 634 atquc
1521 595 1645 625 llcstcr.
1669 595 1698 624 ff.
1714 605 1833 637 1—103
1850 596 1878 625 b.

1152 643 1189 673 In
1205 643 1298 680 calce,
1316 652 1332 660 *⁸
1346 644 1481 685 Explicit
1493 645 1569 676 libor
1583 646 1698 677 Hester
1712 648 1880 678 secundum

1129 694 1354 734 expositionem
1381 695 1489 725 famosi
1517 697 1651 727 doctoris
1675 709 1768 729 sacrae
1795 698 1880 729 theo-

1129 744 1209 786 logie
1226 745 1369 786 Hugonis
1385 747 1422 776 de
1441 747 1590 778 Vienna-'³

1046 800 1074 828 52.
1093 800 1178 840 Opus
1195 800 1345 841 Stephani
1364 801 1515 842 Langton‚
1532 803 1665 844 archiep.
1679 804 1880 835 Uantuaricn-

1110 851 1163 888 sis,
1179 863 1270 892 super
1287 852 1547 883 Ecclesiasticum.
1571 854 1621 884 fol.
1640 865 1694 896 103
1711 855 1740 885 b.

1154 907 1251 948 Incip.
1280 908 1448 944 “Omnia''
1473 914 1531 939 ete.
1577 914 1595 926 ‘²
1611 909 1694 940 Nota
1718 911 1798 951 quod
1822 911 1881 941 iste

1131 959 1210 989 liber
1225 960 1340 990 (licitur
1357 960 1450 990 Liber
1466 960 1651 1001 Sapientia*

1153 1009 1227 1040 Des.
1256 1014 1273 1027 “
1290 1014 1430 1052 tempore
1460 1022 1515 1041 suo
1542 1016 1691 1042 metemus
1720 1023 1781 1042 non
1807 1012 1880 1042 defi-

1133 1062 1277 1092 cientes?

1156 1113 1191 1143 In
1213 1113 1304 1149 calce,
1330 1117 1346 1129 “
1364 1112 1501 1154 Explicit
1521 1124 1598 1154 opus
1614 1113 1764 1154 Stephani
1781 1113 1881 1154 Lang-

1132 1168 1199 1201 ton,
1215 1164 1371 1205 quondam
1396 1164 1618 1205 archiepiscopi
1643 1164 1881 1197 Cantuariensis,

1133 1225 1225 1255 super
1240 1214 1525 1245 Ecclesiasticu1n.”

1048 1270 1076 1299 3.
1094 1269 1240 1310 Hugonis
1261 1269 1299 1299 de
1322 1269 1354 1300 S.
1371 1270 1451 1300 Caro
1474 1269 1627 1310 expositio
1650 1269 1680 1299 in
1693 1269 1885 1301 Maccabaeo-

1112 1331 1180 1351 rum
1196 1321 1291 1351 libros
1307 1321 1377 1351 duo.
1401 1321 1453 1351 sol.
1474 1321 1530 1352 128
1548 1321 1576 1350 b.

1155 1371 1192 1402 In
1204 1372 1298 1409 calce,
1315 1376 1333 1389 ‘⁴
1346 1372 1484 1414 Explicit
1500 1372 1652 1402 secundus
1667 1371 1746 1401 liber
1759 1372 1885 1402 Macha-

1134 1424 1272 1460 beomm,
1286 1424 1454 1454 secundum
1467 1423 1691 1464 expositionem
1707 1423 1815 1454 famosi
1831 1424 1885 1454 do-

1132 1475 1227 1505 ctoris
1249 1475 1405 1517 theologie
1431 1475 1574 1516 Hugonis
1595 1475 1633 1504 (le
1650 1474 1773 1505 Vienna
1796 1486 1887 1515 super

1133 1526 1306 1567 byblyam.”

1390 1616 1490 1650 LIII.

1009 1677 1306 1717 Membmnaceus,
1333 1679 1368 1711 in
1399 1677 1482 1711 folio
1511 1678 1641 1721 majori,
1669 1677 1701 1710 ff.
1723 1679 1802 1713 271,
1821 1688 1886 1710 sec.

1031 1746 1096 1773 xv..
1117 1736 1263 1780 scriptus
1280 1740 1320 1768 ut
1338 1747 1448 1780 supra.

1051 1795 1194 1836 Hugonis
1217 1796 1254 1826 de
1276 1795 1307 1826 S.
1321 1796 1412 1833 Caro,
1431 1794 1509 1835 [sive
1525 1794 1698 1825 Alexandri
1715 1794 1885 1835 Halensis‚]

1071 1847 1102 1876 in
1130 1846 1265 1888 psalmos
1289 1847 1407 1888 priores
1434 1847 1596 1888 sexaginta
1623 1851 1693 1877 octo
1717 1845 1887 1885 expositi03

1072 1897 1160 1928 initio
1176 1897 1274 1928 mutil.

1114 1949 1210 1990 Incip.
1228 1949 1259 1979 in
1274 1949 1385 1986 verbis,
1404 1954 1421 1966 ‘⁴
1434 1953 1465 1980 et-
1482 1949 1524 1980 sic
1540 1949 1767 1980 fructificavit.”

1116 1999 1152 2030 In
1169 1999 1263 2036 calce,
1282 2004 1299 2017 ⁴⁸
1316 2000 1454 2041 Explicit
1470 2000 1571 2040 prima
1586 2011 1658 2041 pars
1673 1999 1816 2030 Psalterii
1833 2010 1884 2028 xx.

1094 2051 1143 2081 die
1161 2051 1252 2082 Febr.
1267 2052 1305 2082 A.
1319 2051 1357 2082 D.
1375 2051 1534 2082 millesimo
1547 2063 1622 2081 cccc.
1636 2050 1885 2091 quinquagesimo

1093 2102 1255 2143 septilno.”

1116 2154 1292 2195 Praefigitur
1323 2155 1420 2185 codici
1452 2155 1564 2185 notitia
1594 2165 1733 2194 sequens,
1759 2158 1775 2169 ‘⁶
1793 2152 1885 2182 Hunc

1092 2205 1212 2241 librum,
1231 2205 1397 2247 Hugonem
1422 2206 1460 2236 de
1478 2205 1603 2235 Vienna
1625 2215 1716 2245 super
1734 2214 1744 2233 1
1765 2207 1884 2244 partem

1092 2256 1240 2296 psalterii,
1267 2266 1283 2286 2
1305 2256 1355 2287 fol.
1382 2257 1460 2295 Quia
1486 2256 1552 2291 hiis,
1575 2256 1720 2297 magister
1746 2255 1884 2294 Rogerus

1092 2307 1188 2348 Keys‚
1220 2312 1384 2348 precentor
1420 2307 1545 2338 ecclesie
1581 2306 1764 2337 cathedralis
1794 2304 1882 2334 Beati

1094 2359 1180 2390 Petri
1201 2359 1394 2395 Exoniensis‚
1414 2369 1424 2389 1
1445 2359 1494 2389 die
1517 2358 1628 2388 mensis
1648 2356 1786 2387 Jauuarii
1802 2366 1882 2385 anno

1092 2410 1218 2440 Domini
1245 2410 1405 2441 millesimo
1430 2408 1729 2450 quadringentesimo
1759 2418 1883 2447 sexage—

1092 2461 1169 2490 simo
1185 2471 1266 2490 nono
1282 2461 1411 2491 contulit
1429 2466 1459 2491 et
1476 2460 1561 2490 dedit
1581 2458 1728 2498 magistro
1744 2457 1882 2487 Johanni

1093 2511 1227 2552 Philipp,
1235 2512 1356 2547 rectori,
1365 2516 1396 2542 et
1407 2511 1496 2541 sociis
1507 2509 1621 2550 collegii
1632 2508 1729 2538 Exon.
1742 2508 1771 2537 in
1782 2508 1879 2538 Oxon.

1091 2566 1201 2592 vocato
1217 2562 1373 2603 Stapilton
1391 2561 1492 2596 Hane,
1508 2559 1733 2590 cathenandum
1758 2558 1882 2589 libraria

1091 2613 1228 2654 ejusdem
1244 2613 1361 2653 collegii
1382 2613 1421 2642 ad
1444 2622 1532 2641 usum
1555 2609 1684 2650 predicti
1707 2610 1834 2639 rectoris
1851 2616 1882 2640 et

1091 2663 1242 2694 sociorum
1268 2674 1305 2694 ac
1333 2671 1540 2693 successorum
1566 2670 1691 2690 suorum
1716 2659 1748 2689 in
1774 2660 1881 2691 eodem

1091 2715 1216 2745 studere
1240 2714 1421 2749 voleneium,
1437 2723 1527 2753 quani
1544 2711 1595 2741 diu
1618 2711 1729 2741 durare
1748 2712 1862 2752 poterit
1874 2725 1882 2748 ;

1091 2775 1147 2805 pro
1162 2775 1223 2806 qua
1235 2764 1357 2806 quidem
1373 2762 1540 2793 donacione
1556 2761 1646 2791 iidem
1664 2760 1709 2791 M.
1720 2760 1881 2793 «Iohannes

1135 2820 1199 2850 132
