2254 3117
605 129 841 164 COLLEGII
871 130 1248 167 BALLIOLENSIS.
1788 137 1832 170 37

143 230 241 271 Incip.
266 239 395 271 prooem.
417 232 437 246 ‘⁴
456 227 604 258 Attonito
628 227 703 257 mihi
725 228 847 268 quidem
871 233 902 259 ot

121 281 289 323 saepissime
305 279 457 321 cogitanti
469 281 498 314 ;”
519 283 554 309 ut
570 279 653 310 inter
668 289 772 319 opera,
789 290 817 320 p.
829 289 901 320 331·

38 344 66 372 2.
86 342 131 372 Μ.
143 340 235 371 Τ111111
247 339 404 371 Ciceronis
420 338 497 369 liber
508 338 546 368 (10
560 338 738 368 Senectute.
760 338 811 368 fol.
822 341 860 379 63
874 339 901 369 b.

143 391 206 422 Tit.
230 390 365 421 “Marci
389 389 480 420 Tullii
503 389 660 420 Ciceronis
683 389 721 419 dc
744 395 903 421 senectute

121 444 200 474 liber
221 442 331 484 incipit
352 441 392 472 ad
409 441 516 472 Titum
533 441 692 477 Attilium,
713 441 779 482 lege
798 441 903 472 foelici-

122 499 182 531 ter,
198 495 238 525 A.
254 494 294 524 D.
313 493 423 534 1450.''

38 553 67 583 3.
84 551 234 592 Ejusdem
250 549 328 580 liber
343 550 382 579 de
399 548 557 579 Amicitia.
581 548 634 578 fol.
650 549 687 578 82
702 548 732 578 b.

39 608 67 637 4.
84 605 234 647 Ejusdem
249 604 328 634 liber
344 604 382 634 de
399 603 584 634 paradoxis.
610 603 660 633 sol.
681 613 734 644 ¹03
750 604 778 634 b.

144 657 183 687 In
199 657 290 693 calce,
305 660 324 674 “
337 657 431 686 Anno
443 655 571 686 Domini
587 655 685 686 nostri
702 655 799 686 Jhesu
816 655 904 687 Chri-

123 708 165 739 sti
184 716 275 749 1450,
292 707 328 738 T.
340 707 393 738 W.
412 707 447 737 T.
461 706 632 737 Wei·ken.”

40 768 67 796 5.
85 764 195 806 Poggii
212 763 397 795 Bracciolini
414 763 452 793 de
468 773 541 793 vera
556 762 720 793 nobilitate
735 762 822 800 liber,
836 773 905 792 cum

102 816 287 857 praefatione
303 816 344 846 ad
359 814 556 846 Cardinalem
569 814 752 845 Cumanum.
774 814 824 844 fol.
837 824 847 843 1
860 823 905 852 14.

144 866 260 897 Exstat
276 865 358 896 inter
374 875 478 907 opera,
496 865 544 895 ed.
561 865 752 906 Aucupario,
769 876 798 905 p.
814 874 828 894 2
833 872 861 905 5.

40 921 68 953 6.
85 921 235 962 Ejusdem
250 920 282 950 in
295 919 475 950 Avaritiam
492 919 578 957 liber,
591 919 707 961 praevia
718 919 851 961 epistola
866 919 906 949 ad

104 972 305 1004 Franciscum
322 971 508 1002 Barbarum.
531 971 582 1002 fol.
600 981 669 1012 133.

146 1023 263 1053 Exstat
279 1022 310 1052 in
325 1021 401 1052 edit.
421 1021 475 1053 cit.
492 1033 522 1063 p.
542 1032 568 1051 1.

147 1074 185 1104 In
206 1073 347 1114 margine
371 1073 477 1114 primae
503 1073 625 1114 paginae
649 1072 808 1114 eleganter
831 1073 908 1103 satis

125 1126 281 1156 decoratae
300 1124 413 1166 saepius
433 1124 548 1155 dicitur
564 1135 705 1155 sermone
721 1123 907 1164 Anghcano,

124 1181 144 1194 “
158 1177 263 1207 Abide
279 1176 341 1206 and
357 1175 450 1206 Have
461 1175 487 1212 3⁵*
510 1186 591 1206 man.
607 1187 660 1206 sec.

352 1283 573 1318 CXXVIII.

23 1345 141 1380 Codex
160 1346 454 1385 membranaceus,
478 1347 511 1379 in
531 1348 602 1384 4to,
626 1346 658 1379 ff.
675 1349 733 1387 50,
755 1359 821 1382 sec.
842 1360 908 1387 xv.‚

46 1405 80 1437 in
99 1403 193 1437 calce
211 1403 323 1437 mutil.

63 1468 218 1509 Anonymi
248 1468 410 1509 cujusdam
436 1469 591 1509 expositio
617 1473 650 1499 et
675 1469 811 1511 analysis
841 1470 909 1500 rhe-

85 1519 184 1550 torica
200 1519 350 1550 orationis
368 1519 413 1549 M.
428 1519 464 1550 T.
479 1519 638 1550 Ciceronis
654 1531 710 1561 pro
727 1521 843 1560 Quinto
861 1521 909 1551 Li-

84 1571 182 1612 gario,
204 1582 273 1601 cum
297 1571 479 1612 praefatione
502 1572 542 1601 ad
564 1571 599 1601 L.
617 1571 756 1602 Marium
774 1572 910 1603 Victori-

85 1633 168 1652 num.

128 1673 224 1715 Incip.
241 1674 328 1715 praef.
347 1678 365 1690 “
379 1673 503 1704 Petiisti
519 1685 538 1704 a
557 1685 606 1705 me
627 1675 730 1715 sepius
746 1675 911 1705 Victorino
939 1704 941 1715 Ι

105 1730 196 1766 pater
211 1732 246 1755 ut
263 1725 428 1755 nonnullas
448 1725 604 1755 orationes
621 1725 777 1756 Ciceronis
799 1725 844 1756 ita
860 1737 910 1755 ex-

107 1787 253 1817 ponerem
270 1780 305 1807 ut
322 1787 381 1817 qua
398 1776 533 1817 quidque
549 1777 670 1807 ratione
687 1777 804 1807 dictum
821 1777 890 1807 sith*

131 1827 228 1867 Incip.
250 1838 357 1868 expos.
380 1831 397 1843 “
410 1826 544 1866 Quintus
565 1826 718 1868 Ligarius,
736 1837 805 1857 cum
829 1832 911 1857 esset

107 1879 207 1909 adhuc
234 1878 318 1909 nulla
344 1878 415 1908 belli
443 1878 538 1908 civilis
565 1878 705 1918 suspitio,
732 1877 853 1918 legatus
880 1878 910 1908 in

108 1930 247 1960 Africam
263 1930 452 1971 profectus.''

130 1981 225 2011 Dcfic.
249 1982 280 2011 in
302 1981 411 2017 verbis,
438 1985 455 1997 “
470 1991 592 2021 semper
614 1980 646 2010 in
669 1980 762 2010 altius
787 1991 911 2021 progre-

109 2032 220 2069 dietur,
235 2043 252 2061 o
268 2032 360 2068 ratio,
374 2040 409 2062 ut
422 2032 471 2062 hic
487 2032 632 2062 nobilitas
649 2032 795 2061 honorem
811 2031 911 2072 splen-

109 2084 166 2113 dor
182 2083 294 2113 nobils'

131 2134 168 2164 In
193 2134 274 2165 foliis
302 2138 438 2176 quatuor
462 2134 624 2175 rejectitiis
650 2137 802 2164 notantur
828 2134 912 2164 brevi

109 2197 197 2217 casus
220 2187 250 2216 in
274 2186 360 2217 curia
384 2187 436 2227 [de
456 2186 635 2227 Arcubus'3]
659 2196 741 2216 anno
763 2187 839 2217 1622
863 2197 912 2216 oc-

110 2243 279 2275 currentes,

110 2289 263 2330 praecipue
275 2290 316 2320 ad
329 2289 514 2320 comitatum
528 2289 637 2319 Berks.
651 2293 829 2329 spectantes
840 2301 847 2325 ;
864 2299 911 2319 ex,

109 2351 156 2380 gr.
176 2340 247 2370 Jan.
267 2350 315 2381 29.
336 2342 427 2378 1622,
456 2346 473 2357 “
488 2340 612 2371 Samuel
637 2340 780 2377 Radcliff,
810 2344 914 2370 rector

111 2392 148 2422 de
162 2392 310 2429 Boxford,
327 2397 437 2423 contra
453 2392 475 2422 J
478 2393 631 2423 ohannem
647 2392 750 2429 Head,
768 2392 913 2433 parochie

111 2444 149 2474 de
173 2444 322 2482 Boxford,
350 2445 381 2475 in
407 2455 502 2475 causa
531 2444 754 2474 subtractionis
781 2444 913 2474 decima-

110 2505 178 2525 rum
187 2495 213 2532 ;”
234 2500 252 2512 “
263 2496 308 2526 M.
321 2496 477 2526 Robertus
490 2495 630 2531 Boriton,
644 2499 747 2525 rector
759 2495 797 2525 de
807 2495 913 2525 Wool-

112 2545 263 2587 hampton
277 2551 389 2577 contra
405 2546 543 2577 Mariam
556 2545 683 2576 Denton
694 2546 723 2580 ;”
745 2550 762 2562 “
774 2546 819 2576 M.
832 2545 913 2576 Tho-

111 2607 178 2627 mas
194 2597 389 2634 Todhunter,
404 2597 537 2627 vicarius
558 2597 596 2627 de
619 2596 783 2638 Sparsholt
804 2602 914 2627 contra

113 2647 280 2689 Georgium
297 2647 400 2688 Hyde,
416 2647 547 2677 militem
559 2647 598 2677 de
612 2647 769 2688 Kingston
786 2646 867 2677 Lisle
882 2647 914 2677 in

112 2698 259 2738 parochia
276 2698 314 2728 de
334 2697 498 2740 Sparsholt
518 2697 551 2727 in
574 2708 668 2728 causa
690 2697 914 2728 subtractionis

113 2748 333 2780 decimarum.''

321 2238 363 2278 [F
366 2238 461 2268 rench
499 2238 634 2278 quodam
671 2241 874 2278 procuratore
888 2237 909 2277 Ξ]
941 2231 942 2248 ³

1306 232 1481 265 CXXIX.

956 292 1075 325 Codex
1100 293 1392 333 111ciuln'anaeciis,
1416 295 1448 326 in
1474 293 1567 333 folin,
1589 294 1621 327 ff.
1642 297 1721 329 259,
1746 306 1832 327 socc.

981 351 1049 383 xiv.
1069 356 1104 384 et
1126 363 1191 390 xv„
1216 351 1304 384 binis
1331 352 1498 385 columnis
1525 351 1632 385 literis
1657 353 1834 396 grandius-

981 408 1066 441 culis
1094 414 1264 448 exaratus,
1292 409 1374 442 olim
1400 409 1542 443 Roberti
1571 410 1612 442 (10
1637 410 1833 446 Caldewell,

981 467 1151 498 manentis
1181 467 1270 510 apud
1300 466 1462 503 Ncwerk,
1494 472 1613 511 postea
1643 467 1719 500 coll.
1746 467 1832 501 Ball.

982 534 1027 556 ex
1050 524 1140 556 (10110
1161 522 1257 556 will.
1277 525 1378 568 (jray.

1014 592 1048 621 L.
1066 592 1177 622 Annaei
1195 592 1317 622 Senecio
1334 603 1426 632 opera
1442 593 1545 628 varia;
1572 594 1697 629 scilicet,

980 648 1006 677 l.
1027 647 1120 677 Liber
1135 647 1173 677 de
1189 647 1329 677 remediis
1346 648 1552 679 fortuitorum.
1579 649 1628 679 fol.
1646 660 1673 687 4.

1085 697 1148 728 Tit.
1169 702 1187 714 ‘⁴
1203 698 1313 738 Incipit
1335 698 1451 728 Seneca
1472 700 1509 729 (10
1530 700 1670 730 remediis
1693 700 1834 730 fortuito-

1065 749 1161 779 rums*

980 805 1008 833 2.
1026 803 1176 844 Epistolae
1194 803 1318 833 Senecae
1334 804 1372 833 ad
1390 803 1520 834 Paulum
1537 809 1567 834 et
1583 804 1671 835 Pauli
1687 805 1727 835 ad
1743 805 1835 835 Sene-

1044 865 1121 885 cam.
1144 855 1193 885 fol.
1211 865 1237 893 7.

1088 906 1244 937 Praecedit
1268 906 1476 936 testimonium
1501 907 1538 936 (10
1562 907 1676 937 Seneca
1700 918 1735 937 ex
1761 907 1844 937 Hie-

1065 958 1184 998 ronymi
1202 957 1343 998 catalogo
1360 957 1493 987 virorum
1509 957 1682 993 illustrium,
1700 969 1789 998 quem
1806 959 1836 988 in

1066 1009 1204 1050 margine
1225 1008 1360 1038 inferiori
1382 1008 1427 1038 ita
1447 1008 1591 1048 glossavit
1609 1019 1716 1038 manus
1736 1020 1836 1039 recen-

1066 1060 1137 1097 tior,
1163 1060 1286 1090 “Hunc
1313 1059 1473 1100 prologum
1499 1059 1593 1089 habet
1618 1059 1649 1089 S.
1670 1059 1838 1089 leronimus

1067 1113 1176 1143 doctor
1196 1122 1326 1152 maguus
1348 1111 1379 1141 in
1400 1111 1487 1146 libro,
1506 1110 1556 1151 qui
1576 1110 1689 1140 dicitur
1707 1111 1783 1141 liber
1798 1111 1837 1141 vi-

1067 1174 1172 1193 rorum
1197 1162 1370 1197 illustrium,
1395 1161 1447 1202 qui
1470 1162 1509 1192 ab
1532 1162 1664 1202 ipsomet
1687 1162 1838 1192 Ieronimo

1067 1214 1126 1245 fnit
1142 1214 1254 1250 editus,
1272 1214 1322 1255 qui
1343 1214 1420 1243 liber
1436 1218 1483 1243 est
1504 1213 1534 1243 in
1557 1213 1690 1243 armario
1710 1213 1837 1243 fratrum

1425 1268 1456 1295 et
1486 1264 1625 1295 continet
1657 1264 1736 1294 idem
1765 1264 1841 1293 liber

1068 1316 1171 1358 plures
1183 1316 1259 1346 alios
1275 1316 1371 1346 bonos
1387 1316 1499 1351 libros3
1515 1321 1546 1345 et
1558 1319 1633 1345 nota
1648 1315 1728 1356 qnod
1744 1315 1775 1344 in
1791 1315 1840 1345 illo

1068 1266 1221 1296 minorum
1249 1266 1369 1296 Oxonie
1382 1277 1388 1295 2

1068 1367 1202 1398 armario
1233 1367 1294 1397 sive
1326 1367 1452 1397 libraria
1482 1370 1553 1396 sunt
1579 1365 1687 1407 optimi
1716 1365 1784 1395 libri
1811 1369 1842 1395 et

1069 1419 1243 1460 specialiter
1259 1430 1295 1449 ex
1313 1419 1393 1448 (10110
1410 1417 1525 1448 domini
1542 1417 1670 1447 Roberti
1687 1418 1840 1450 Grostete,

1071 1470 1208 1500 Lincoln.
1229 1481 1275 1510 ep.
1296 1469 1348 1511 qni
1370 1469 1441 1499 fecit
1464 1469 1567 1510 plures
1586 1468 1680 1498 libros
1703 1467 1746 1498 ibi
1766 1467 1842 1498 exis-

1069 1521 1200 1552 tentes.''

1008 1598 1013 1603 .
1034 1573 1125 1603 Liber
1141 1573 1178 1602 (10
1196 1572 1342 1602 moribus.
1367 1571 1417 1601 fol.
1434 1583 1461 1612 9.

1092 1625 1153 1655 Tit.
1161 1630 1178 1641 ⁴*
1186 1624 1300 1664 Incipit
1310 1623 1387 1653 liber
1396 1623 1495 1653 Annei
1508 1622 1621 1652 Senece
1632 1621 1668 1651 (le
1679 1620 1843 1650 menibus?

984 1574 1003 1603 ἐῢ

1007 1701 1013 1706 i
1031 1676 1078 1706 De
1095 1680 1289 1717 paupertate.
1314 1675 1363 1705 fol.
1382 1685 1428 1705 11.

1032 1727 1079 1757 De
1095 1732 1230 1768 quatuor
1245 1726 1411 1757 virtutibus
1427 1725 1641 1755 cardinalibus.
1665 1723 1716 1753 sol.
1734 1733 1778 1763 13.

1032 1779 1078 1808 De
1094 1777 1289 1818 providentia
1306 1777 1363 1807 Dei
1380 1777 1419 1806 ad
1440 1776 1597 1806 Lucilium.
1621 1775 1670 1804 fol.
1689 1777 1722 1804 16
1737 1775 1764 1803 b.

1092 1830 1154 1860 Tit.
1172 1834 1189 1845 ²²
1201 1829 1295 1859 Liber
1307 1828 1408 1858 Annei
1427 1828 1540 1858 Senece
1556 1827 1595 1857 ad
1609 1826 1757 1856 Lucillum
1775 1837 1842 1856 cum

1070 1881 1202 1911 mundus
1240 1879 1436 1922 providencia
1464 1878 1592 1919 regitur,
1623 1889 1716 1919 quare
1747 1876 1842 1906 multa

1071 1932 1153 1963 mala.
1168 1931 1241 1961 viris
1257 1930 1345 1961 bonis
1361 1930 1532 1960 accidunts'*

993 1998 1013 2015 1.
1032 1983 1079 2013 De
1095 1982 1272 2013 constantia
1289 1981 1453 2022 Sapientis,
1477 1980 1525 2010 fol.
1545 1989 1583 2018 24
1594 1980 1623 2009 b.

1091 2033 1153 2064 Tit.
1173 2038 1192 2050 “
1207 2033 1320 2074 Incipit
1342 2032 1419 2062 liber
1439 2031 1590 2062 secundus
1610 2030 1710 2060 Annei
1731 2029 1841 2059 Senot-e

1071 2086 1110 2115 ad
1132 2085 1280 2115 Serenum
1301 2083 1454 2125 quomodo
1477 2083 1508 2112 in
1530 2082 1699 2123 sapientem
1722 2091 1775 2110 nec
1798 2080 1840 2109 in-

1066 2137 1149 2177 juria
1166 2147 1221 2166 nec
1237 2135 1423 2166 contumelia
1439 2134 1554 2165 cadit.”

985 2190 1013 2218 8.
1032 2188 1082 2218 De
1099 2188 1146 2218 ira
1160 2187 1200 2218 ad
1218 2187 1374 2217 Novatum
1389 2185 1457 2216 libri
1474 2190 1546 2216 tres.
1572 2184 1622 2214 fol.
1634 2193 1675 2223 34
1687 2183 1716 2212 b.

985 2241 1014 2273 9.
1032 2239 1084 2269 Ad
1103 2238 1255 2269 Marciam
1272 2238 1310 2268 (10
1326 2236 1534 2267 consolatione
1549 2235 1610 2265 filii.
1634 2234 1682 2264 fol.
1698 2241 1733 2273 77
1748 2233 1775 2262 b.

1034 2291 1084 2320 Ad
1101 2289 1276 2320 Gallionem
1292 2289 1330 2319 (10
1346 2289 1410 2319 vita
1426 2288 1528 2318 beata.
1552 2286 1602 2316 fol.
1620 2295 1668 2326 95.

1009 2367 1014 2372 .
1032 2342 1084 2372 Ad
1102 2341 1250 2372 Serenum
1267 2341 1304 2370 de
1320 2339 1544 2380 tranquillitate
1561 2336 1663 2367 animi.
1689 2334 1739 2364 sol.
1758 2343 1823 2373 1¹3-

966 2395 1015 2424 12.
1032 2393 1084 2423 Ad
1102 2392 1234 2423 Paulum
1250 2392 1288 2422 (le
1304 2391 1457 2422 brevitate
1472 2389 1552 2419 vitae.
1578 2387 1628 2417 fol.
1646 2386 1743 2423 1291).

968 2446 1015 2475 13.
1035 2444 1085 2474 Ad
1103 2443 1271 2479 Hebbiam,
1293 2442 1354 2473 sive
1371 2440 1558 2475 Helvidiam,
1573 2439 1611 2468 de
1633 2435 1839 2466 consolatione

1051 2494 1113 2524 filii.
1137 2493 1188 2524 fol.
1206 2503 1261 2533 153
1277 2493 1305 2523 b.

1092 2545 1130 2575 In
1148 2545 1229 2576 calce
1248 2544 1362 2585 legitur
1377 2540 1565 2583 epitaphium
1582 2538 1721 2569 Senecae:
1747 2536 1839 2576 incip.

1070 2600 1088 2613 “
1102 2596 1194 2631 Cura,
1210 2595 1310 2631 labor,
1326 2593 1499 2628 meritumss⁹
1514 2594 1572 2620 etc.

967 2649 1014 2678 14.
1034 2647 1082 2678 De
1097 2647 1253 2677 beneficiis
1268 2645 1337 2675 libri
1356 2648 1472 2684 septem
1491 2640 1599 2682 glossis
1620 2638 1839 2680 marginalibus

1051 2698 1358 2736 interlinearibusque
1374 2692 1526 2724 illustrati.
1549 2690 1599 2721 fol.
1616 2691 1684 2720 166.

1094 2747 1241 2789 Sequitur
1259 2747 1463 2787 fragmentum
1484 2741 1566 2783 [Gul.
1583 2739 1838 2772 Malmesburien-

985 1678 1013 1809 05³⁴*
