2254 3117
380 158 424 190 12
930 149 1230 186 CATALOGUS
1255 149 1489 185 CODICUM
1517 149 1624 184 MSS.

485 253 522 284 In
541 252 623 284 calce
643 251 764 292 legitur,
781 253 799 267 ‘⁴
813 248 929 280 Caucio
949 248 993 279 M.
1007 247 1134 279 Thomae
1152 247 1253 279 Chace

463 303 603 346 exposita
625 303 656 333 in
679 302 757 332 cista
777 298 949 340 Turbevyle
974 299 1005 329 in
1027 298 1107 330 sesto
1130 299 1162 330 S.
1178 298 1252 330 Joh.

462 360 535 386 ante
568 358 646 396 port.
676 353 746 383 Lat.
772 360 862 391 1425,
893 354 926 381 et
954 349 1050 380 habet
1080 350 1253 391 suppletam

463 417 555 437 unam
570 405 679 436 seciam
691 401 812 443 argenti
824 400 978 441 ponderis,
992 400 1010 431 i.
1024 401 1112 432 uncie
1123 405 1155 432 et
1166 401 1253 431 dimi-

462 457 505 487 dii
528 456 558 487 in
581 455 667 496 cujus
689 453 784 484 fundo
807 452 952 483 scribitur
971 455 1040 482 rota
1059 451 1172 483 Sancte
1189 452 1253 483 Ka-

463 507 571 544 terinc,
587 510 618 537 et
630 506 715 547 jacet
730 515 786 546 pro
802 504 912 545 xxvj.⁵.
930 503 1042 544 viij.d.”

766 585 867 620 XLI.

379 652 498 685 Codex
524 650 815 688 membranaceus,
842 648 876 681 in
903 647 995 687 folio,
1022 647 1056 681 ff.
1077 647 1158 687 166,
1188 658 1254 680 sec.

402 708 472 740 xiii.
500 706 670 745 exeuntis,
699 705 787 739 binis
817 704 985 738 columnis
1014 708 1184 741 exaratus,
1210 714 1254 736 ex

403 766 493 798 dono
510 763 607 798 Will.
627 775 679 809 ep.
700 763 856 798 Eliensis.

422 827 451 855 S.
471 825 598 856 Thomae
625 823 793 865 Aquinatis
820 823 954 854 Summae
981 821 1157 862 Theologiae
1184 831 1255 861 pars

441 876 549 916 prima.

462 978 607 1019 copillata
633 988 688 1019 per
715 977 863 1008 Sanctum
890 975 1042 1006 Thomam
1067 973 1105 1004 dc
1131 972 1256 1014 Aquino

463 1030 578 1060 ordinis
595 1027 861 1070 praedicatorum.''

485 1082 522 1111 In
538 1080 628 1115 calce,
643 1085 660 1097 ‘⁴
672 1079 808 1121 Explicit
823 1079 922 1120 prima
937 1088 1010 1119 pars
1028 1087 1145 1108 summe
1157 1076 1256 1106 Theo-

463 1132 543 1173 logie
566 1131 648 1162 edite
670 1142 689 1162 a
710 1129 875 1161 venerabili
898 1130 994 1160 fratre
1013 1128 1133 1159 Thoma
1155 1127 1194 1157 de
1214 1127 1256 1157 A—

465 1183 566 1224 quino,
584 1182 700 1212 ordinis
716 1180 981 1212 Predicatorun1.”

487 1234 632 1275 Sequitur
648 1233 755 1264 tabula
770 1232 982 1273 quaestionum.

760 1311 880 1346 XLII.

382 1378 681 1417 Mcmbranaceus,
699 1376 734 1409 in
757 1374 848 1414 folio,
867 1374 900 1408 ff.
916 1376 995 1413 191,
1017 1384 1083 1407 sec.
1101 1372 1169 1406 xiV.
1188 1373 1259 1406 ine-

405 1436 507 1471 untis,
539 1435 626 1468 binis
658 1433 826 1468 columnis
856 1436 1039 1471 exaratus3
1074 1441 1117 1464 ex
1144 1430 1258 1475 legato

407 1495 466 1527 W.
491 1492 643 1531 Bul-nell,
671 1491 858 1536 “perditus
888 1495 924 1524 et
949 1493 1169 1533 recuperatus
1199 1500 1259 1533 per

407 1551 638 1586 venerabilem
658 1551 750 1584 dom.
769 1561 822 1594 ep.
841 1547 1048 1582 Eliensem.”

425 1614 455 1643 S.
469 1613 595 1643 Thomae
613 1609 780 1652 Aquinatis
802 1620 874 1650 pars
890 1608 990 1649 prima
1005 1608 1146 1638 secundae
1162 1607 1259 1648 partis

446 1664 580 1694 Summae
593 1661 780 1702 Theologiae,
796 1659 908 1701 praevia
924 1658 1130 1700 capitulorum
1142 1658 1257 1689 tabula.

487 1715 548 1745 Tit.
568 1725 655 1755 capp.
677 1711 865 1753 “Incipiunt
886 1709 1022 1751 capitula
1045 1709 1141 1751 prime
1162 1709 1260 1750 partis

466 1765 592 1796 secundi
608 1764 677 1795 libri
695 1764 819 1794 Summe
840 1762 922 1793 edite
940 1772 959 1792 a
976 1761 1072 1792 fratre
1088 1761 1207 1791 Thoma
1223 1761 1260 1791 de

467 1816 602 1858 Aquino,
619 1815 735 1846 ordinis
751 1814 883 1845 fratrum
900 1812 1163 1843 Predicat01·um.”

488 1867 526 1897 In
539 1866 632 1903 calce,
646 1870 663 1883 “
676 1864 811 1906 Explicit
823 1864 922 1906 prima
934 1875 1006 1905 pars
1019 1863 1151 1894 secunde
1163 1864 1261 1904 partis

467 1918 573 1948 fratris
589 1916 736 1953 Th01ne,”
752 1920 811 1947 etc.

489 1969 527 1999 In
544 1969 656 2010 pagina
677 1967 777 2009 prima
795 1966 937 1998 “Caucio
958 1966 1188 1997 communitatis
1211 1977 1261 1996 ex-

467 2021 569 2061 posita
589 2021 619 2050 in
640 2020 718 2050 cista
738 2018 874 2049 inferiori
894 2029 948 2059 per
964 2017 1120 2048 Kirvessal
1136 2028 1192 2058 pro
1209 2028 1261 2047 sex

467 2071 571 2101 solidis
598 2075 629 2101 et
653 2081 706 2101 sex
723 2095 730 2101 .
747 2093 753 2099 .
773 2094 779 2100 .
796 2080 855 2111 que
879 2069 1002 2110 quidem
1028 2068 1134 2099 caucio
1160 2069 1261 2099 trade-

466 2123 560 2153 batur
581 2122 663 2153 dicto
686 2121 842 2152 Kirvessal
867 2132 886 2151 a
906 2120 1128 2151 communitate
1150 2120 1191 2150 ad
1211 2130 1261 2149 cx-

467 2174 642 2215 ponendnm
664 2183 720 2214 pro
738 2183 790 2213 qrs
812 2183 889 2213 quas
912 2171 1106 2212 expendebat
1129 2181 1261 2201 cominu-

468 2225 549 2255 nitas
572 2225 602 2254 in
626 2224 799 2265 septimana
818 2223 848 2253 in
868 2233 929 2263 qua
950 2222 1008 2253 fuit
1027 2222 1140 2253 festum
1156 2221 1262 2252 Ramis

470 2276 647 2306 Palmarum
664 2279 695 2305 et
711 2274 795 2304 dicta
810 2273 1014 2304 communitas
1030 2273 1050 2303 d
1067 2297 1072 2303 .
1091 2297 1097 2303 .
1113 2272 1205 2303 luet.”

753 2357 892 2391 XLIII.

387 2423 686 2461 anbranaceus,
704 2422 738 2454 in
762 2421 853 2465 folio,
873 2420 906 2454 ff.
922 2422 1004 2459 334,
1023 2431 1088 2453 sec.
1105 2420 1172 2453 xiv.
1192 2420 1263 2453 ine-

411 2479 510 2515 untis,
542 2478 630 2512 binis
660 2477 828 2511 columnis
860 2482 1042 2516 exaratus3
1077 2488 1119 2510 ex
1148 2476 1262 2521 legato

414 2536 643 2570 M.Willeln1i
658 2535 808 2574 Duffeld,
823 2534 882 2568 ‘ad
897 2534 1099 2568 instanciam
1112 2534 1264 2568 Mwil-

413 2596 504 2629 {elmi
538 2595 713 2634 Moreton,
746 2593 823 2627 coll.
850 2592 937 2626 Ball.
967 2592 1139 2637 quondam
1170 2594 1262 2633 socii,

412 2666 500 2687 anno
519 2654 614 2698 regni
634 2652 777 2686 Henrici
797 2651 896 2685 Sexti
916 2649 982 2684 31?

432 2716 461 2743 S.
482 2714 609 2744 Thomfe
641 2713 678 2744 de
705 2712 830 2754 Aquino
861 2722 932 2753 pars
961 2711 1095 2742 secunda
1125 2711 1263 2742 secundat

452 2766 548 2805 partis
565 2766 697 2795 Summa:
714 2763 901 2805 Theologiae.

1410 248 1472 280 Tit.
1484 248 1502 279 i.
1521 253 1539 265 “
1549 247 1752 280 Oontnmacio
1763 247 1831 278 libri
1847 248 2039 289 precedentis
2053 249 2093 279 ad
2109 248 2178 279 sub-

1389 299 1597 340 sequentem.”

1411 349 1566 380 Praecedit
1578 349 1782 390 capitulorum
1794 349 1909 383 tabula,
1926 350 1982 380 sub
1993 350 2085 381 titulo
2100 355 2117 366 ‘⁴
2130 350 2179 380 In-

1388 400 1505 441 cipiunt
1528 399 1663 441 capitula
1685 400 1817 430 secunde
1842 400 1941 441 partis
1964 401 2087 431 secundi
2110 400 2179 431 libri

1389 462 1505 481 summe
1526 451 1608 481 edite
1626 462 1644 481 a
1662 451 1759 481 fratre
1775 451 1894 482 Thoma
1910 451 1948 482 de
1964 451 2117 492 Aquino‚''
2132 451 2180 482 cui

1389 502 1559 542 subjicitur,
1578 505 1595 518 ‘⁴
1609 501 1745 543 Explicit
1760 502 1835 532 ordo
1851 507 1883 533 et
1899 502 2032 544 signatio
2047 502 2180 543 questio-

1391 563 1464 583 num
1476 552 1600 583 secundi
1612 552 1681 583 libri
1694 553 1825 584 secunde
1838 553 1936 593 partis
1948 553 2052 584 fratris
2063 553 2180 583 Thome

1390 603 1428 633 de
1445 603 1576 644 Aquino,
1593 603 1772 634 benedictus
1788 604 1891 638 Deus;
1918 604 2046 634 Anien.''

1676 706 1814 741 XLIV.

1308 767 1428 802 Codex
1454 767 1744 808 membranaceus,
1771 770 1805 802 in
1835 768 1927 809 folio,
1954 769 1987 802 ff.
2008 771 2087 808 238,
2116 779 2182 801 sec.

1332 827 1400 859 xiV.
1419 826 1579 865 ineuntis,
1598 826 1685 860 binis
1709 827 1876 861 columnis
1897 827 1985 861 bene
2004 831 2182 865 exaratum

513 927 519 932 .
778 925 783 930 .
1230 921 1235 926 ,
1285 909 1287 926 .
1332 896 1374 918 ex
1395 884 1484 917 dono
1504 883 1602 917 Will.
1621 896 1673 929 ep.
1694 884 1848 918 Eliensis.

484 927 545 958 Tit.
571 926 716 967 “Incipit
739 936 839 967 prima
864 936 936 967 pars
963 933 1080 954 summe
1102 922 1256 962 theologie

1350 949 1380 979 S.
1399 948 1526 979 Thomae
1549 949 1587 978 de
1610 948 1734 989 Aquino
1758 948 1891 980 Summae
1912 948 2087 989 Theologiae
2112 959 2183 989 pars

1370 999 1474 1030 tertia.

1414 1050 1451 1080 In
1467 1049 1527 1080 fine
1543 1049 1676 1080 occurrit
1692 1060 1796 1079 versus
1812 1049 1878 1083 iste,

1352 1106 1369 1118 ⁴⁴
1386 1101 1446 1131 Hic
1462 1100 1593 1131 moritur
1608 1100 1752 1135 Thomas,
1769 1100 1796 1131 Ο
1814 1100 1910 1137 Mors,
1927 1112 2019 1141 quam
2037 1101 2077 1131 sis
2093 1100 2185 1130 male-

1435 1153 1547 1184 ‹licta.”

1416 1204 1562 1245 Sequitur
1575 1204 1784 1243 Quaestionum
1798 1203 1914 1239 tabula.
1925 1215 1992 1245 quae
2009 1204 2051 1234 sic
2067 1204 2185 1234 conclu-

1394 1255 1487 1291 ditur,
1506 1260 1523 1271 ‘⁴
1536 1255 1672 1285 Moritur
1688 1255 1832 1291 Thomas,
1849 1255 1875 1285 Ο
1889 1256 1914 1284 ἵ”

1690 1354 1806 1389 XLV.

1288 1429 1289 1432 ¹
1311 1417 1608 1455 Membranaceus,
1626 1416 1660 1449 in
1683 1416 1774 1455 folio,
1794 1415 1826 1449 ff.
1843 1417 1922 1455 250,
1945 1427 2009 1450 sec.
2030 1416 2097 1449 xiv.
2116 1417 2187 1449 ine—

1335 1475 1437 1514 untis,
1472 1474 1560 1508 binis
1599 1474 1767 1507 columnis
1807 1473 1895 1507 bene
1934 1479 2103 1513 exaratus,
2144 1485 2187 1507 ex

1335 1534 1425 1567 dono
1440 1532 1612 1566 Willelmi
1631 1532 1803 1577 praedicti3
1831 1533 1865 1565 in
1884 1532 1977 1566 calce
1996 1532 2107 1565 mutil.

1354 1598 1381 1627 1.
1399 1598 1429 1628 S.
1444 1597 1571 1628 Thomae
1594 1597 1632 1628 de
1652 1597 1777 1637 Aquino
1799 1596 1921 1627 Catena
1945 1597 2076 1627 Patrum
2098 1607 2189 1637 super

1417 1649 1448 1679 S.
1466 1648 1611 1679 Matthaei
1632 1648 1843 1689 Evangelium,
1865 1648 1979 1689 praevio
2002 1648 2128 1689 prologo
2149 1648 2189 1678 ad

1405 1699 1581 1730 'Urbanum
1597 1710 1708 1740 papam
1725 1699 1784 1729 IV.
1808 1699 1859 1730 fol.
1876 1709 1900 1729 2.

1353 1757 1381 1786 2.
1399 1755 1546 1797 Ejusdem
1564 1755 1682 1786 Catena
1705 1766 1797 1796 super
1813 1755 1843 1785 S.
1859 1754 1960 1785 Marci
1978 1754 2189 1795 Evangelium,

1417 1807 1529 1848 praevio
1556 1806 1682 1848 prologo
1706 1806 1746 1837 ad
1772 1805 1960 1836 Ambalduin
1983 1805 2188 1835 Cardinalem.

1418 1858 1469 1888 fol.
1486 1867 1555 1897 227.

1461 1908 1559 1938 Defic.
1586 1908 1617 1937 in
1639 1908 1740 1938 verbis
1767 1912 1928 1938 comment.
1953 1918 2044 1948 super
2066 1917 2133 1947 cap.
2152 1906 2190 1936 vi.

1441 1965 1457 1977 “
1474 1960 1527 1990 sed
1548 1964 1579 1990 et
1599 1959 1788 1990 occasionem
1811 1970 1871 1989 non
1893 1959 2042 1989 haberent
2064 1958 2191 1988 ulterius

1440 2011 1620 2042 dubitandi”

1315 2169 1609 2207 Membranaceus,
1629 2168 1662 2200 in
1688 2167 1779 2206 folio,
1798 2167 1831 2200 ff.
1847 2169 1928 2205 313,
1951 2179 2016 2201 sec.
2033 2167 2101 2200 xiv.
2120 2167 2191 2200 ine-

1337 2228 1441 2266 untis,
1469 2227 1558 2259 binis
1589 2225 1756 2259 columnis
1790 2225 1898 2258 nitide
1930 2230 2111 2263 exaratus3
2147 2236 2190 2257 ex

1338 2286 1428 2318 dono
1447 2284 1600 2327 ejusdem
1621 2282 1813 2321 Willelmi;
1840 2282 1907 2316 fine
1926 2288 2113 2316 truncatus.

1358 2349 1382 2378 1.
1402 2348 1431 2378 S.
1444 2347 1571 2377 Thomae
1585 2346 1752 2387 Aquinatis
1768 2357 1845 2387 opus
1860 2346 1984 2377 solenne
1997 2346 2058 2377 sive
2071 2346 2192 2376 Catena

1420 2398 1551 2429 Patrum
1567 2408 1658 2438 super
1676 2398 1706 2427 S.
1722 2397 1812 2428 Lucae
1828 2397 2038 2439 Evangelium.
2062 2397 2111 2427 fol.
2128 2407 2154 2428 2.

1357 2456 1386 2485 Ω.
1404 2454 1551 2495 Ejusdem
1575 2452 1696 2484 Catena
1719 2465 1812 2496 super
1832 2454 1863 2485 S.
1881 2454 1902 2484 J
1906 2454 2033 2484 ohannis
2054 2453 2192 2493 Evange-

1420 2505 1503 2535 lium.
1527 2504 1577 2534 fol.
1596 2506 1663 2535 118.

1462 2555 1560 2586 Defic.
1590 2555 1620 2585 in
1647 2561 1810 2587 comment.
1837 2556 1868 2586 in
1895 2566 1962 2597 cap.
1983 2555 2053 2585 xvii.
2081 2554 2190 2589 verbis,

1443 2613 1460 2624 ⁴*
1476 2618 1568 2638 unam
1597 2618 1668 2638 vcro
1699 2619 1764 2638 esse
1796 2608 1900 2638 Patris
1930 2611 1962 2638 et
1992 2606 2061 2637 Filii
2087 2606 2191 2636 volun-

1442 2658 1558 2690 tatem*

1464 2710 1619 2740 Praemisit
1640 2721 1748 2740 manus
1770 2709 1921 2740 recentior
1936 2708 2067 2739 filiarum
2084 2718 2192 2738 novem

1441 2762 1574 2797 nomina,
1592 2772 1669 2802 quas
1684 2772 1721 2792 ex
1738 2761 1900 2801 iniquitate
1920 2760 2025 2802 genuit
2042 2759 2191 2790 diabolus.
