2254 3117
328 189 373 219 54
888 181 1187 216 CATALOGUS
1214 179 1446 215 CODICUM
1474 178 1582 213 MSS.

350 285 398 315 15.
415 283 462 314 De
478 282 568 313 laude
583 280 734 316 caritatis,
750 290 820 310 cum
836 278 973 320 prologo.
997 277 1046 308 fol.
1061 287 1131 318 243.

475 334 536 364 Tit.
555 340 572 348 ‘¹
586 332 698 373 Incipit
715 331 858 372 prologus
879 330 909 360 in
928 330 1040 360 librum
1060 329 1098 360 (10
1113 329 1203 359 laudc

454 384 622 416 caritatis.”

477 435 555 465 Ibid.
573 439 647 465 tom.
661 434 692 464 ii.
709 433 758 463 fol.
779 433 833 463 108
848 433 876 463 b.

351 495 399 525 16.
417 496 524 525 Sermo
535 495 564 525 in
577 494 659 524 istud
672 501 677 509 ‘
688 493 745 523 Ibo
756 493 829 523 mihi
842 493 881 523 ad
894 496 1031 523 montem
1045 491 1204 532 n1yr1·hae;'

433 552 491 577 etc.
515 547 565 577 fol.
579 555 648 586 247.

477 598 556 627 Ibid.
574 602 650 628 tom.
663 597 693 626 ii.
710 595 761 626 fol.
780 606 846 636 113.

476 648 511 678 In
523 648 617 685 calce,
629 647 792 688 “Explicit
804 646 899 688 Hugo
912 657 1003 687 super
1015 645 1074 675 Ibo
1085 644 1204 674 11110111.”

352 710 398 739 17.
417 708 657 749 Epithalamium
680 718 771 749 super
792 707 866 737 illud
882 706 983 736 ‘Tota
1003 704 1131 746 pulchra
1149 704 1201 740 es,’

432 771 502 791 cum
518 761 654 802 prologo.
679 760 730 790 fol.
746 769 815 801 250.

474 811 535 842 Tit.
563 811 708 852 “Incipit
738 808 971 851 epithalamium
1002 818 1093 849 super
1119 808 1204 837 Toto

454 863 560 902 pulcra
575 862 638 893 esf*

478 913 558 943 Ibid.
577 917 651 944 tom.
665 913 697 942 ii.
715 912 766 941 fol.
782 911 840 942 286
854 911 883 940 b.

352 969 399 998 18.
418 968 465 998 De
489 967 749 1009 contemplatione
772 965 896 996 visionis
922 965 953 994 in
984 968 1089 994 monte
1112 962 1203 992 libelli

434 1019 652 1060 fragmentum.
677 1018 727 1048 fol.
743 1019 801 1058 256
816 1017 843 1047 b.

478 1069 591 1100 Deficit
612 1080 707 1111 prope
727 1069 767 1099 ad
788 1067 918 1102 initium.
937 1073 954 1081 '‘
967 1066 1080 1096 Sensus
1097 1076 1202 1105 corpo-

456 1133 526 1151 reus
541 1121 580 1152 ad
597 1120 708 1152 illani.”

694 1212 843 1246 CXLV.

331 1275 449 1307 Codex
474 1273 764 1307 membranaceus,
783 1271 816 1302 in
842 1271 902 1302 4t0
924 1269 1056 1306 minori,
1076 1267 1108 1300 ff.
1126 1269 1205 1305 147,

355 1343 441 1365 secc.
468 1332 526 1364 xii.
554 1331 624 1364 xiii.
651 1334 687 1363 ct
715 1329 805 1367 xiv.;
849 1327 937 1360 binis
968 1326 1136 1359 columnis
1167 1329 1206 1358 ut

356 1389 542 1434 plurimum
560 1391 731 1421 exaratus.

375 1461 403 1489 1.
422 1458 563 1500 Hugonis
582 1458 620 1488 de
641 1457 673 1488 S.
688 1456 816 1487 Victore
834 1455 1033 1496 Soliloquium
1056 1455 1093 1484 (10
1113 1453 1207 1484 arrha

437 1510 556 1545 animae,
574 1520 641 1539 cum
658 1508 795 1549 prologo.
820 1508 869 1538 fol.
887 1517 914 1537 1.

480 1560 595 1590 Exstat
605 1560 742 1600 impress.
754 1559 835 1589 inter
845 1569 948 1597 opera,
956 1562 1030 1588 tom.
1038 1556 1069 1587 ii.
1080 1557 1131 1587 fol.
1142 1566 1206 1593 104.

482 1612 517 1642 In
545 1612 638 1648 calce,
662 1621 754 1641 'nmmo
779 1610 886 1644 altera,
912 1608 1081 1649 “Explicit
1108 1607 1207 1637 solilo-

460 1664 564 1704 quium
580 1662 723 1703 Hugonis
742 1662 780 1692 dc
797 1661 912 1691 Sancto
929 1660 1086 1690 Vietore.”

376 1728 405 1757 Q.
424 1726 510 1757 Petri
534 1725 701 1756 Lombardi
726 1724 956 1755 Sententiarum
979 1723 1047 1753 libri
1074 1727 1208 1764 quatuor

438 1777 608 1807 abbreviati
629 1781 661 1807 ct
684 1777 714 1806 in
736 1787 886 1806 summam
908 1775 1036 1810 redacti,
1053 1785 1121 1804 cum
1139 1785 1207 1815 pro-

439 1829 508 1869 logo
524 1836 555 1858 ct
572 1828 721 1869 capitulis.
746 1827 796 1857 fol.
814 1837 857 1867 ¹3·

479 1879 575 1919 Incip.
592 1878 670 1919 prol.
694 1884 711 1893 ‘¹
728 1877 909 1908 Deliberans
925 1887 981 1917 ego
1003 1886 1121 1905 mecum
1140 1886 1208 1915 gra-

459 1930 598 1970 viterque
619 1930 719 1960 ferens
739 1940 805 1959 esse
830 1928 1072 1969 quamplurimos
1092 1927 1209 1957 theolo-

459 1982 527 2023 gica
542 1980 731 2022 (lisciplina.”

483 2032 578 2072 Incip.
592 2042 720 2067 summa,
739 2037 757 2046 ‘¹
770 2030 827 2061 Est
844 2029 938 2070 igitur
954 2033 988 2060 ut
1004 2029 1049 2059 ait
1060 2028 1209 2070 Augusti-

460 2093 517 2112 nus
533 2083 571 2112 dc
583 2092 703 2112 summa
715 2085 746 2111 et
759 2080 1014 2111 excellentissima
1025 2078 1210 2109 T1·initate.”

482 2133 588 2163 Desin.
614 2132 729 2163 “brevi
756 2131 948 2173 cxposicionc
975 2142 1030 2161 nos
1056 2130 1210 2161 communi

460 2184 588 2214 utilitati
605 2184 762 2214 servivisse
779 2183 942 2213 sufficiat.”

376 2251 404 2279 53.
425 2249 509 2279 Petri
526 2247 678 2289 Alphousi
695 2247 813 2277 libellus
829 2247 880 2287 qui
899 2247 1021 2282 dicitur,
1039 2245 1212 2286 Disciplina

440 2299 599 2335 clericalis,
620 2298 741 2328 ‘reddit
765 2298 866 2333 enim:
891 2302 926 2328 ut
950 2298 994 2328 ait
1019 2297 1050 2327 in
1074 2296 1210 2337 prologo,

441 2350 603 2380 ‘clericum
624 2349 872 2390 (lisoipli11at11111,'
893 2360 931 2379 ex
954 2348 1123 2389 proverbiis
1147 2347 1211 2387 phi-

441 2402 636 2442 losophorum
659 2404 691 2431 et
714 2400 776 2431 suis
799 2399 1055 2441 castigationibus
1079 2397 1212 2428 arabicis

442 2458 473 2483 ct
483 2453 602 2489 fabulis,
611 2458 667 2483 etc.
677 2452 869 2493 compilatus.
879 2462 947 2482 cum
958 2450 1095 2492 prologo.
1107 2449 1211 2489 sol.51.

486 2504 582 2544 Incip.
596 2504 673 2544 prol.
691 2510 709 2518 ‘¹
722 2503 805 2533 Dicit
820 2503 932 2532 Petrus
946 2501 1094 2531 Alfunsus
1109 2511 1213 2531 servus

463 2555 578 2585 Christi
594 2555 693 2585 Jhesu
709 2554 898 2595 compositor
913 2553 1005 2594 hujus
1021 2552 1120 2583 libri.”

484 2605 581 2646 Incip.
598 2606 648 2636 lib.
667 2610 684 2622 ‘⁴
696 2605 803 2635 Enoch
824 2604 1024 2646 philosophus
1043 2603 1093 2644 qui
1110 2602 1214 2644 lingua

465 2656 602 2686 Arabica
617 2656 852 2697 cognominatur
870 2654 992 2685 Edrie.”

488 2706 603 2737 Exstat
618 2706 757 2747 impress.
773 2705 947 2736 Germanice
964 2704 1077 2735 Berlin.
1097 2705 1186 2742 1827.

490 2758 527 2786 In
552 2768 646 2797 marg.
663 2767 701 2797 53
717 2758 747 2791 b,
769 2769 873 2788 versus
896 2757 934 2787 de
957 2755 1215 2796 evangelistarum

467 2808 710 2843 emblematibus,

1278 285 1295 294 ¹⁴
1308 279 1366 309 Est
1379 279 1470 309 homo
1483 278 1644 314 Matheus,
1657 277 1770 308 vitulus
1786 277 1882 314 Luca,
1896 277 1943 308 leo
1958 277 2093 313 Marcus,

1351 331 1466 371 Aquila
1482 329 1655 365 Johannes,
1672 332 1806 369 quatuor
1822 328 1883 359 ista
1898 329 1983 359 Deus
1996 342 2003 363 ς

1308 382 1366 413 Est
1379 382 1470 412 homo
1484 380 1648 415 nascendo,
1659 379 1772 410 vitulus
1783 379 1925 415 moriens,
1938 379 1984 409 leo
1995 391 2132 421 surgens,

1350 433 1531 463 Asecndens
1547 430 1659 472 aquila,
1676 430 1719 460 sic
1736 441 1827 471 super
1842 435 1927 461 astra
1944 431 2059 461 sedet.”

1300 520 1319 548 4
1346 518 1393 548 De
1409 516 1567 555 horologio
1583 516 1683 546 Ahaz.
1708 515 1759 546 sol.
1771 524 1821 556 55.

1408 568 1503 607 Incip.
1533 567 1733 597 “Deuotatio
1761 565 1935 607 quindecim
1962 567 2131 607 graduum;

1385 618 1508 648 Primus
1532 617 1638 657 itaque
1662 617 1778 657 gradus
1802 619 1860 653 est,
1881 619 1916 646 ut
1941 616 2008 657 quis
2029 627 2134 657 pecca-

1383 674 1450 700 tum
1467 679 1555 699 suum
1571 667 1762 709 cognoscit.'’

1323 750 1328 755 .
1347 724 1489 765 Hugonis
1505 724 1543 753 de
1559 723 1691 759 Foliet0‚
1710 722 1772 753 sive
1794 722 1831 753 de
1848 722 1879 752 S.
1893 721 2034 757 Victore,
2051 721 2134 752 libel-

1364 776 1409 805 lus
1425 775 1463 805 (10
1479 774 1674 805 ordinatione
1696 773 1850 804 claustrali
1872 777 1904 804 et
1921 773 1959 803 (10
1975 772 2134 803 duodecim

1363 826 1563 857 abusionibus
1579 825 1724 859 claustri;
1750 835 1820 855 eum
1835 824 1970 865 prologo.
1994 823 2044 854 fol.
2057 825 2107 864 56.

1407 877 1470 908 Tit.
1496 881 1515 894 “
1531 877 1644 917 Incipit
1669 877 1746 906 liber
1769 875 1914 916 Hugonis
1939 876 1977 906 de
2002 875 2134 912 Folieto,

1386 929 1496 970 prioris
1508 928 1725 958 canonicorum
1738 927 1924 968 regularium
1937 926 2043 957 Sancti
2058 926 2136 957 Lau-

1384 980 1479 1009 rencii
1510 979 1540 1009 in
1569 990 1649 1020 pago
1674 978 1846 1009 Abianensi
1876 978 1914 1009 (10
1940 978 2135 1009 ordinacione

1385 1030 1545 1060 claustri.⁷’

1408 1081 1523 1112 Exstat
1544 1081 1682 1122 impress.
1705 1080 1786 1111 inter
1808 1080 1952 1121 Hugonis
1968 1080 2006 1110 de
2023 1079 2054 1110 S.
2068 1079 2136 1109 Vic-

1387 1137 1456 1163 tore
1476 1143 1581 1174 opera,
1598 1136 1673 1163 tom.
1690 1131 1721 1161 ii.
1737 1131 1787 1162 fol.
1801 1141 1836 1173 31
1854 1131 1883 1161 b.

1299 727 1318 755 <Ji

1302 1198 1330 1228 6.
1348 1196 1506 1238 Anonymi
1530 1196 1690 1237 cujusdam
1712 1195 1832 1226 libellus
1855 1195 1893 1225 (10
1915 1195 1974 1225 11115
1996 1206 2064 1236 quae
2087 1205 2136 1225 ne-

1365 1248 1539 1279 necessaria
1559 1250 1632 1277 sunt-
1649 1247 1759 1277 ‘nobis
1779 1246 1810 1276 in
1833 1246 1932 1277 officio
1954 1246 2137 1277 sacerdotali

1366 1299 1565 1330 constitutis?
1588 1298 1638 1329 fol.
1654 1306 1702 1339 71.

1410 1351 1510 1391 Incip.
1535 1356 1553 1365 “
1565 1350 1772 1391 Evangelistis
1793 1348 2012 1390 evangelizare,
2029 1348 2138 1390 praedi-

1388 1402 1546 1433 catoribus
1562 1401 1742 1443 praedicare,
1760 1401 1870 1431 docere
1886 1400 2029 1431 doctores
2045 1399 2136 1430 subli-

1388 1454 1446 1484 mis
1461 1458 1509 1484 est
1525 1454 1612 1484 valde
1629 1453 1746 1495 negocii
1763 1457 1795 1484 et
1811 1464 1904 1494 supra
1922 1457 2045 1483 nostras
2061 1452 2138 1483 vires

1388 1505 1581 1537 constitutis*

1411 1558 1518 1588 Desin.
1537 1557 1665 1587 “multa
1681 1567 1739 1598 que
1755 1556 1795 1586 ad
1816 1555 1874 1585 hoc
1890 1554 2021 1585 officium
2038 1565 2137 1585 neces-

1389 1609 1470 1640 saria
1486 1614 1557 1639 sunt
1574 1608 1767 1639 invenietis.'’

1304 1666 1333 1696 7.
1352 1664 1508 1695 Sermonis
1530 1664 1562 1694 in
1584 1663 1695 1694 ‘Beati
1719 1663 1834 1693 mundo
1857 1662 1958 1693 corde'
1982 1661 2136 1703 fragmen-

1367 1720 1444 1746 tum.
1469 1715 1520 1745 fol.
1534 1724 1571 1755 77
1587 1716 1615 1745 b.

1413 1767 1510 1807 Incip.
1536 1766 1666 1796 “Deum
1693 1766 1798 1806 itaque
1823 1775 1883 1795 non
1908 1763 2067 1799 videbunt,
2089 1762 2139 1804 qui

1390 1830 1442 1849 cor
1458 1819 1574 1848 liabent
1590 1816 1810 1848 11111111111(111111.”

1305 1878 1333 1906 8.
1352 1875 1400 1905 De
1430 1874 1633 1905 sacramentis
1662 1873 1797 1904 fidelium
1827 1883 1865 1902 ex
1896 1871 1926 1902 S.
1952 1871 2137 1912 Augustino.

1370 1926 1420 1956 fol.
1436 1926 1484 1964 78.

1412 1976 1510 2017 Incip.
1529 1982 1545 1990 ‘⁴
1559 1975 1640 2005 Nulli
1658 1973 1875 2014 ambigendum
1894 1977 1942 2003 est
1957 1977 2031 2003 tunc
2047 1971 2140 2012 quod-

1391 2039 1449 2068 que
1466 2026 1602 2067 corrmris
1619 2031 1649 2056 et
1666 2025 1823 2066 sanguinis
1840 2023 1994 2054 Domini.”

1307 2093 1334 2123 9.
1355 2090 1491 2121 Isidorus
1515 2090 1553 2119 (10
1576 2088 1726 2119 distantia
1749 2087 1860 2118 veteris
1883 2091 1914 2117 et
1937 2086 2006 2117 novi
2029 2086 2140 2116 Testa-

1370 2141 1476 2172 menti.
1501 2141 1550 2171 fol.
1563 2140 1611 2179 78.

1288 2200 1336 2229 10.
1356 2198 1526 2229 Sententiae
1542 2197 1580 2227 (10
1596 2196 1724 2227 diversis
1741 2195 1880 2225 morales.
1906 2193 1956 2223 fol.
1969 2193 2006 2233 78
2019 2194 2048 2223 b.

1415 2249 1501 2278 Inter
1516 2247 1577 2278 alia
1593 2257 1698 2277 versus
1713 2250 1769 2281 est,

1331 2306 1348 2315 ‘¹
1362 2300 1505 2330 Dedecus
1521 2303 1568 2329 est
1585 2297 1698 2328 domini
1711 2296 1873 2337 locupletis
1885 2305 1990 2326 servus
2002 2292 2142 2335 egenus.”

1288 2388 1337 2416 11.
1354 2385 1511 2427 [Hugonis
1532 2384 1569 2414 de
1591 2384 1622 2413 S.
1638 2383 1770 2419 Victore,
1788 2382 1826 2412 (10
1847 2380 2057 2411 Sacramentis
2074 2377 2140 2408 fidei

1373 2436 1485 2477 operis]
1503 2440 1608 2476 partes
1625 2435 1683 2464 xiv.
1701 2445 1750 2464 xv.
1766 2438 1797 2464 et
1815 2432 1873 2462 xvi.
1899 2431 1949 2462 fol.
1965 2440 2012 2471 79.

1416 2487 1477 2517 Tit.
1494 2487 1512 2516 i.
1542 2492 1560 2501 “
1574 2486 1688 2526 Incipit
1716 2490 1828 2526 quarta
1857 2483 1977 2513 decima
2005 2492 2077 2523 pars
2106 2480 2143 2510 de

1394 2537 1619 2567 0011fessione.”

1418 2588 1555 2618 Exstant
1568 2588 1707 2628 impress.
1721 2586 1802 2616 inter
1812 2595 1915 2626 opera,
1927 2589 1950 2614 t.
1960 2583 2003 2613 iii.
2015 2582 2142 2622 fol.309.

1290 2653 1339 2682 12.
1359 2652 1466 2681 Sermo
1490 2650 1520 2680 in
1545 2650 1638 2685 istud,
1665 2648 1843 2689 ‘Principes
1870 2646 2052 2688 populorum
2075 2654 2143 2674 con-

1374 2702 1495 2743 gregati
1511 2701 1604 2731 sunt?
1628 2700 1678 2730 fol.
1693 2701 1742 2739 89.

1420 2753 1517 2793 Incip.
1543 2758 1559 2767 ‘⁴
1573 2752 1660 2782 Deus
1676 2750 1838 2781 Abrahum
1858 2749 1959 2779 dictus
1979 2750 2027 2777 est
2049 2744 2141 2775 medi-

1395 2803 1495 2834 atorf'
