2254 3117
608 125 845 159 COLLEGII
874 126 1253 165 BALLwLENSIS.
1793 141 1838 171 35

52 224 129 257 dam
157 222 288 256 scolarii
315 223 393 256 aule
417 223 564 260 cervino,
584 224 626 256 de
651 224 826 257 beneficiis
849 226 908 258 ‹lo-
939 226 940 235 ¹

48 281 130 314 mini
149 280 318 314 Johannis
339 280 503 314 Fastolffe
523 281 643 314 militis
663 281 705 315 (lc
726 281 907 315 Northfol-
939 282 940 302 ³

47 338 131 377 chia,
151 338 297 384 collegio
315 337 454 371 Ballioli
474 338 508 371 in
528 337 676 371 Oxonia.

1087 228 1243 258 <lominum
1269 240 1379 269 papam
1398 230 1528 261 Paulum
1553 231 1605 262 viz.
1623 234 1640 262 6
1657 232 1750 263 libros
1768 234 1839 263 Dio-

1087 278 1153 307 ‹lori
1182 279 1285 316 Siculi,
1312 281 1431 320 poetice
1461 282 1626 312 fabulando
1655 294 1739 313 more
1768 296 1839 323 geu-

1088 328 1185 358 tilium
1207 330 1289 360 circa
1311 341 1424 360 aunum
1442 332 1556 362 Christi
1579 335 1667 371 1464,
1683 339 1714 364 ct
1735 324 1781 364 ast
1803 336 1840 364 dc

1088 389 1179 409 mauu
1197 381 1320 420 propria
1337 381 1410 412 dicti
1427 382 1582 413 Johaunis
1597 384 1675 414 Froc
1689 385 1727 414 ‹le
1740 386 1840 415 (ircco

63 409 91 438 1.
108 406 352 448 Cosmographia
377 407 483 436 mundi
511 418 580 437 cum
604 407 725 437 naturis
748 408 905 444 a1-b‹›1·um‚
1090 429 1119 458 in
1134 429 1278 460 Latinum
1296 443 1350 471 1³01·
1366 432 1463 472 ipsum
1477 434 1665 470 n.anslatUS3
1687 440 1717 466 et
1730 447 1766 465 ex
1780 447 1839 466 mc.

126 459 311 499 plantarum,
334 458 505 499 specierum
530 458 732 495 diversarum,
753 459 790 489 de
815 470 906 489 mauu

125 515 157 541 ct
180 510 284 541 studio
307 509 449 550 magistri
470 509 624 539 Johannis
645 509 734 545 Frce,
751 510 906 549 quondam

125 562 198 592 socii
221 561 290 592 aule
313 561 376 591 sive
399 560 517 601 collegii
543 561 580 590 dc
602 560 734 591 Balliolo
753 561 853 591 Oxou.
875 566 907 591 ct
938 562 939 568 ¹

126 617 236 654 postea
258 612 395 642 doctoris
418 611 548 652 professi
568 611 598 641 in
619 612 772 642 medicina
793 612 823 641 in
843 613 907 642 uni-

126 665 275 695 versitate
293 664 420 694 Paduae.
444 663 495 693 fol.
514 673 538 693 1.

170 720 267 761 Incip.
284 724 303 737 ‘¹
317 720 467 755 Mundus,
484 724 516 750 et
531 719 589 749 hoc
606 719 687 760 quod
704 719 827 749 nomine
847 720 907 749 alio

147 772 258 802 coelum
273 771 421 812 appellari
439 771 538 807 libuit,
556 771 643 811 cujus
659 770 888 801 circumflexaff'

168 824 254 864 Opus
271 823 353 853 istud
371 822 447 852 nihil
463 822 547 852 aliud
563 826 611 852 est
628 826 743 862 praeter
759 826 907 863 excerpta

145 885 183 904 ex
213 874 305 904 Plinii
333 873 480 904 Historia
510 873 655 904 Naturali
686 885 741 914 per
769 873 907 915 singulos

103 930 105 933 “
146 925 251 962 libros,
265 936 282 955 a
297 925 432 955 secundo
448 924 597 965 incipiens
613 924 644 954 in
658 925 838 966 vigesimum
855 926 905 955 de-

146 976 259 1007 sinens.

168 1027 206 1057 In
226 1027 365 1068 margine
386 1027 477 1068 primi
498 1027 561 1057 folii
584 1027 700 1067 adjecit
720 1039 830 1058 manus
852 1028 906 1059 ali-

146 1078 329 1120 quantulum
368 1078 533 1114 recentior,
572 1083 590 1096 “
609 1079 657 1109 De
701 1080 906 1120 cosmografia

146 1130 252 1160 mundi
277 1141 395 1160 necnon
420 1130 458 1160 de
484 1129 582 1171 speris
606 1129 770 1161 celestibus
793 1131 906 1172 compi-

144 1181 210 1212 lata
239 1193 294 1222 per
322 1181 507 1222 magistrum
535 1181 711 1212 Johannem
740 1182 838 1212 Frcas
868 1183 905 1213 dc

145 1232 229 1263 Brist
237 1232 332 1273 [ollia]
351 1238 444 1263 natus
460 1238 491 1263 et
508 1233 538 1263 in
556 1233 649 1264 Italia
664 1233 771 1264 Paduc-
787 1234 824 1264 de
840 1235 906 1275 cjus

145 1284 271 1325 propria
286 1295 380 1314 manu
397 1284 559 1325 seriptusf'
573 1309 578 1314 .
595 1308 602 1314 .
619 1309 625 1315 .
644 1309 649 1314 .
668 1290 685 1302 ‘⁴
696 1289 728 1316 et
744 1286 826 1316 idem
843 1297 905 1316 nia-

144 1334 242 1376 gister
261 1335 319 1365 fuit
339 1335 370 1365 in
391 1335 520 1377 collegio
537 1340 647 1366 vocato
664 1335 804 1376 Balyollo
820 1340 852 1367 et
868 1348 904 1366 ex

146 1394 255 1426 postea
286 1386 317 1416 in
344 1386 470 1416 Italiam
501 1387 630 1417 studens
661 1387 780 1424 Paduc,
808 1387 905 1418 Rome

145 1437 255 1468 doctor
271 1437 427 1478 professus
450 1437 482 1467 in
503 1437 663 1468 medicinis
684 1438 751 1479 lege
774 1438 853 1469 civili
869 1450 905 1469 ac

146 1489 246 1519 Greca
262 1489 368 1530 lingua
383 1489 572 1520 sufficienter
587 1489 791 1520 instructus.'⁷

1092 480 1151 509 rito
1168 481 1307 512 dominus
1326 482 1410 523 l'apa
1431 484 1561 515 contulit
1583 486 1639 515 sibi
1662 486 1839 517 beneficium

1089 530 1284 571 episcopatus
1296 532 1510 564 Bathonicnsis
1522 548 1528 569 ;
1541 542 1572 566 ct
1583 536 1658 566 obiit
1671 537 1749 567 iufra
1759 549 1839 568 men-

1089 592 1153 610 sem
1177 590 1412 623 consequentem
1437 586 1588 625 prefatum
1612 588 1734 621 domum
1758 589 1839 629 quod

1089 631 1253 662 dolendum
1266 639 1321 669 cst,
1335 635 1420 675 cujus
1432 637 1531 666 auimo
1545 638 1732 678 propicietur
1746 639 1838 669 Deus.

1110 693 1134 712 c.
1155 682 1218 713 Istc
1240 684 1386 724 magister
1401 686 1560 717 Johauuos
1582 688 1657 718 Frcc
1680 690 1838 720 beneficia-

1089 738 1140 764 tus
1163 739 1230 764 erat
1255 734 1419 772 Bristollic,
1443 739 1585 777 quoniam
1608 745 1709 770 rector
1733 741 1837 771 Sancti

1090 785 1252 816 Michaelis
1269 786 1310 816 ibi
1327 787 1356 816 in
1377 788 1491 823 Monte„
1509 794 1539 819 ct
1556 790 1656 830 plures
1673 791 1711 821 ibi
1729 792 1837 822 habuit

1089 841 1248 867 manentes
1265 837 1302 867 de
1321 837 1482 875 affinitate,
1500 852 1575 880 quos
1597 841 1637 871 ibi
1660 843 1736 877 novi,
1754 852 1836 883 post—

1089 898 1181 927 quam
1203 899 1259 929 ego
1283 900 1349 918 sum
1371 890 1496 920 effectus
1517 891 1644 922 vicarius
1668 893 1707 922 ibi
1730 894 1758 923 S.
1779 894 1836 924 Mi-

1088 939 1201 969 chaelis
1217 944 1248 970 et
1265 940 1348 980 prior
1366 940 1603 972 kalendariumf'

1111 990 1148 1019 In
1162 991 1253 1022 calce.
1269 1000 1286 1007 ⁵*
1298 991 1404 1022 Insula
1417 991 1512 1022 Creta
1525 998 1571 1023 cst
1587 994 1837 1035 principalissima

1088 1041 1225 1071 omnium
1244 1041 1451 1079 Cielad0ru1u‚
1469 1047 1527 1073 etc.
1552 1048 1569 1060 ⁴⁵
1582 1049 1616 1074 ut
1638 1044 1669 1074 in
1692 1045 1767 1075 libro
1788 1057 1837 1076 vo-

1086 1098 1157 1123 cato
1244 1093 1430 1134 amplissime
1446 1095 1620 1125 declaratur
1636 1107 1689 1136 per
1701 1096 1836 1127 Christo-

1088 1144 1218 1184 phorum
1236 1145 1431 1181 Baldemont,
1453 1146 1491 1176 ad
1511 1146 1701 1177 Cardinalem
1723 1148 1760 1177 dc
1778 1149 1837 1178 Ur-

1087 1195 1160 1225 sinis
1176 1196 1386 1237 compssatum,
1403 1197 1454 1237 qui
1472 1198 1592 1238 quidem
1610 1198 1685 1228 liber
1700 1207 1835 1230 remanet

1088 1258 1156 1276 cum
1174 1247 1329 1277 W'illelmo
1345 1248 1536 1285 Woroestro,
1552 1250 1705 1290 quondam
1722 1262 1836 1290 posses-

1087 1307 1155 1327 sore
1183 1297 1274 1338 hujus
1305 1298 1373 1327 libri
1401 1299 1438 1328 (lc
1465 1300 1699 1340 cosmographia
1724 1301 1837 1330 mundi.

1088 1347 1135 1377 De
1153 1348 1290 1389 properti
1306 1373 1310 1378 .
1327 1374 1332 1379 .
1347 1360 1390 1385 cr,
1408 1349 1508 1380 dictus
1526 1350 1690 1381 Botoncr.”

1323 1435 1478 1470 CXXV.

959 1495 1079 1529 Codex
1107 1497 1399 1537 membranaceus,
1425 1499 1459 1531 in
1491 1499 1582 1539 folin,
1610 1500 1642 1532 ff.
1664 1501 1742 1539 216,
1774 1512 1838 1534 sec.

63 1550 90 1578 2.
107 1548 238 1579 Diodori
251 1548 345 1578 Siculi
359 1548 429 1579 libri
446 1559 500 1579 sex
516 1549 634 1590 priores
651 1560 688 1580 ex
701 1550 905 1581 translatione
983 1565 1052 1593 xv.‚
1071 1566 1115 1587 ex
1135 1554 1224 1588 dono
1241 1554 1290 1587 W
1293 1555 1340 1589 ill.
1356 1556 1458 1600 Gray.

125 1600 262 1640 9.]ΠΞάΕΠΙ
276 1599 438 1636 Johanms,
452 1611 506 1630 seu
522 1604 626 1641 POUUS
640 1600 750 1642 Poggu
764 1601 905 1632 BmC'fflO'
1003 1619 1028 1648 1.
1050 1619 1199 1650 Historiae
1216 1620 1364 1651 Romanae
1384 1622 1452 1652 libri
1473 1623 1612 1658 sedecim„
1631 1635 1758 1664 quorum
1780 1625 1837 1665 pri-

123 1651 176 1681 lini
201 1651 385 1686 Florentini‚
410 1651 526 1692 praevia
551 1651 684 1692 epistola
709 1653 747 1682 ad
774 1652 903 1683 Paulum
935 1679 937 1698 4

123 1713 235 1743 papam
253 1701 293 1732 V.
317 1701 367 1732 fol.
387 1702 454 1743 138.

168 1756 262 1798 Incip.
278 1768 325 1798 ep.
341 1762 358 1773 “
370 1757 480 1788 Nullus
494 1762 600 1788 autem
614 1759 812 1799 quantumvis
828 1770 904 1800 prae-

145 1808 246 1838 clarus
262 1819 365 1839 rerum
381 1808 515 1849 scriptor
530 1809 617 1839 fuit.”

167 1861 264 1902 Incip.
282 1861 392 1898 versio,
409 1865 426 1877 “
438 1860 575 1902 Magnas
596 1861 708 1891 merito
723 1862 842 1902 gratias
858 1873 903 1892 rc-

145 1912 242 1942 rums*

167 1963 272 1994 Desin.
292 1968 308 1980 ‘⁶
322 1963 413 1994 Greci
437 1967 547 2004 postea
570 1963 707 2005 expulsis
730 1964 801 1994 inde
821 1964 904 1995 Cari-

145 2014 201 2044 bus
218 2014 360 2045 barbaris
376 2014 515 2056 pluribus
532 2026 570 2045 ex
587 2015 630 2045 eis
647 2016 843 2046 tememutf’

168 2070 355 2101 Praecedunt
386 2070 417 2100 in
448 2071 587 2111 margine
625 2071 747 2111 scripta*
785 2071 904 2102 notitiae
935 2104 936 2109 ¹

146 2132 214 2162 quae
231 2125 413 2162 sequuntur,

166 2183 194 2202 a.
226 2172 381 2214 Magister
409 2172 573 2203 <Iohannes
605 2172 684 2203 Free
722 2173 905 2214 compilator

150 2224 374 2265 [superscript.‚
398 2224 617 2265 ‘translatorff
641 2230 673 2255 et
696 2225 829 2266 scriptor
849 2225 904 2255 hu-

143 2275 194 2315 jus
217 2275 374 2316 sequentis
396 2275 498 2316 operis
521 2278 613 2306 natus
637 2279 704 2306 erat
725 2276 756 2306 in
778 2276 904 2307 cixitatc
934 2312 935 2318 1

148 2326 389 2364 Londoniarum,
415 2332 447 2358 et
473 2338 530 2368 pro
555 2327 762 2358 Londoniensi
789 2328 904 2359 electus

146 2382 178 2408 et
200 2377 353 2408 admissus
376 2378 477 2409 socius
500 2383 595 2419 atque
614 2379 739 2419 juratus
762 2379 793 2409 in
816 2379 903 2409 colle-

146 2429 228 2469 gium
237 2428 361 2459 Ballioli
371 2433 511 2470 tempore
521 2429 663 2470 magistri
671 2430 796 2461 Ricardi
806 2430 904 2467 Luke,

148 2480 373 2511 Londoniensis
393 2484 424 2510 et
446 2480 575 2510 senioris
596 2480 671 2511 socii
691 2481 753 2511 sive
774 2482 903 2512 consocii

146 2531 266 2567 eidem;
282 2535 313 2561 et
326 2531 357 2560 in
372 2530 439 2560 loco
451 2530 528 2560 dicti
542 2531 587 2560 M.
598 2530 650 2560 J0.
663 2531 741 2561 Frce
757 2532 904 2562 successit

145 2581 167 2611 -J
171 2581 308 2612 ohannes
321 2582 453 2617 Burton,
467 2586 538 2622 post
552 2593 642 2623 quem
654 2582 804 2623 magister
814 2583 902 2619 Pott,

146 2636 178 2663 et
193 2636 264 2673 post
279 2643 349 2662 eum
364 2632 386 2662 J
389 2632 527 2663 ohannes
544 2632 735 2663 Suthworth.

167 2688 195 2718 b.
222 2688 376 2729 Magister
399 2687 562 2718 Johannes
586 2688 681 2719 Freas
707 2689 745 2719 dc
770 2689 902 2720 Bristow

146 2742 238 2770 natus
265 2738 297 2769 in
325 2738 418 2770 Italia
443 2738 620 2780 compilavit
647 2739 730 2770 istud
758 2750 835 2780 opus
861 2741 902 2771 ad

934 2130 936 2143 1

1064 1681 1133 1701 ores
1149 1671 1255 1701 decem
1271 1677 1343 1702 sunt
1359 1672 1500 1714 Eutropii
1514 1678 1545 1704 et
1560 1674 1666 1715 reliqui
1683 1686 1735 1705 sex
1750 1675 1835 1705 Pauli

1065 1721 1196 1758 diaconi,
1220 1733 1325 1752 omnes
1353 1722 1382 1751 in
1406 1733 1501 1752 unuin
1528 1734 1637 1764 corpus
1664 1725 1779 1755 redacti
1807 1729 1837 1755 et

1063 1771 1173 1812 glossis
1196 1772 1415 1813 marginalibus
1439 1773 1625 1814 prolog-oque
1643 1775 1766 1805 adaucti
1784 1786 1837 1816 per

1065 1822 1261 1858 Gulielmium„

1065 1873 1116 1903 fol.
1139 1883 1162 1903 1.

1107 1924 1168 1954 Tit.
1187 1924 1331 1965 “Incipit
1348 1925 1424 1955 liber
1441 1925 1557 1965 primus
1575 1925 1661 1955 Pauli
1679 1930 1709 1955 et
1726 1926 1835 1955 Eutro-

1086 1975 1126 2015 pii
1143 1976 1181 2005 ‹le
1196 1976 1293 2016 gestis
1310 1976 1549 2006 R01nanorum.”

1106 2026 1306 2057 Concordant
1333 2027 1454 2058 initium
1485 2031 1514 2058 et
1543 2028 1611 2058 {inis
1640 2028 1834 2058 historiarum

1085 2089 1154 2107 cum
1186 2078 1222 2108 iis
1253 2089 1272 2108 a
1303 2078 1479 2108 Muratorio
1509 2079 1590 2109 inter
1620 2079 1732 2109 Rerum
1766 2079 1833 2109 Ital.

1087 2130 1212 2171 Scriptt.
1230 2131 1322 2161 editis
1339 2135 1411 2161 toni.
1430 2131 1447 2161 i.
1466 2142 1514 2172 pp.
1534 2132 1661 2167 1—108‚
1679 2131 1696 2160 l.
1713 2132 1739 2160 6.

1109 2181 1144 2210 ln
1161 2181 1243 2211 calce
1258 2182 1308 2211 lib.
1322 2193 1351 2212 x.
1371 2186 1388 2198 *⁶
1400 2181 1471 2212 Huc
1488 2193 1582 2222 usque
1597 2182 1774 2223 Eutropius,
1787 2182 1832 2211 cui

1300 1823 1482 1854 monachum
1521 1824 1835 1856 Malmesburiensem.

1085 2232 1200 2262 Paulus
1217 2233 1346 2273 quedam
1368 2232 1513 2268 annexit3
1537 2232 1704 2273 Sequencia
1722 2231 1834 2262 Paulus

1085 2283 1236 2324 collegit.”

1107 2333 1260 2364 Praecedit
1285 2333 1429 2374 prologus
1449 2332 1623 2362 “Willclmi
1650 2331 1831 2361 Malmesbu-

1084 2384 1191 2414 riensis
1207 2384 1246 2414 ad
1264 2384 1504 2414 notificationem
1521 2382 1620 2423 operis
1641 2382 1794 2422 sequentis
1805 2383 1832 2415 ;”

1085 2446 1177 2476 quam
1194 2435 1235 2465 sic
1251 2435 1459 2469 exscribimus,
1477 2438 1495 2451 “
1510 2434 1676 2473 Sequentcs
1693 2444 1719 2462 x.
1738 2433 1830 2462 libros

1085 2487 1122 2516 de
1137 2486 1233 2527 gestis
1249 2486 1458 2516 Romanorum
1476 2483 1642 2524 Eutropius
1661 2483 1700 2513 ad
1721 2483 1830 2513 Valen-

1085 2542 1149 2568 tem
1169 2537 1393 2578 Imperatorem
1415 2535 1521 2570 edidit,
1538 2534 1646 2574 quibus
1665 2533 1735 2574 quia
1753 2534 1831 2564 Pau-

1084 2588 1130 2618 lus
1150 2588 1263 2618 montis
1279 2586 1467 2618 Cassinensis
1486 2584 1651 2615 monachus
1667 2585 1764 2615 multa
1778 2585 1830 2615 ad—

1079 2639 1166 2679 jecit,
1183 2650 1254 2669 cure
1273 2638 1360 2669 nobis
1379 2637 1436 2667 fuit
1452 2635 1574 2666 nomina
1589 2646 1693 2664 eorum
1710 2646 1831 2676 separa-

1083 2690 1140 2720 tim
1160 2700 1273 2730 ponere
1289 2693 1324 2719 ut
1339 2688 1410 2729 quid
1426 2698 1445 2717 a
1461 2697 1520 2727 quo
1538 2686 1654 2716 dictum
1675 2686 1715 2717 sit
1734 2686 1831 2717 lector

1083 2741 1182 2782 possit
1193 2740 1371 2781 intelligere.
1406 2738 1574 2778 Sequentes
1590 2736 1686 2768 eciam
1700 2748 1724 2768 v.
1738 2737 1832 2768 libros

1128 2796 1188 2826 ΡΞ
