2254 3117
741 163 977 198 COLLEGII
1006 164 1142 199 NOVI.
1796 172 1840 205 89

376 264 578 299 CCXLVI.

41 325 159 360 Codex
189 323 399 362 chartaceus,
429 324 462 356 in
490 322 581 357 folio.
609 321 642 356 ff.
663 320 743 359 368,
770 331 837 354 sec.
860 331 916 353 xv,

64 381 231 416 exeuntis.

83 448 228 490 Simplicii
252 447 354 479 Cilicis
384 448 414 478 in
438 446 619 478 Aristotelis
646 446 684 476 de
710 445 793 476 Caelo
823 444 917 474 libros

103 504 167 531 tres
189 499 306 540 priores
329 497 553 535 commentarii,
568 496 682 528 notulis
697 495 918 536 marginalibus

102 551 151 582 hic
167 550 226 580 illic
245 550 401 580 instructi.

149 602 187 632 In
200 600 282 631 calce
298 600 348 630 lib.
362 599 391 630 ii.
410 600 464 638 (ad
479 599 529 629 fol.
544 599 617 638 284)
634 598 757 639 legitur,
769 597 853 629 τέλος
869 600 917 627 τοῦ

123 651 256 691 δευτέρου
272 652 394 689 βιβλίου
405 650 626 690 Ἀριστοτέλους
641 651 676 679 τὰ
691 650 756 688 περὶ
772 649 902 687 οὐρανοῦ.

144 703 250 735 Desin.
275 703 331 733 ult.
355 702 386 732 in
409 701 509 732 verbis
532 700 582 730 lib.
599 700 640 730 iii.
667 701 715 730 ἵνα
738 701 842 737 ὁμοίως
866 700 918 739 ἔχῃ

123 755 175 793 τὴν
191 755 338 784 ἀντίθεσιν
354 753 405 790 τὴν
420 751 490 790 πρὸς
505 751 631 788 ἄλληλα.

145 805 282 837 Exstant
298 804 329 834 in
344 803 418 834 edit.
438 802 549 833 Vcnet.
570 803 657 842 1526.

368 892 590 926 CCXLVII.

43 955 260 992 Chartaceus‚
279 953 313 985 in
341 953 411 990 4to,
430 950 464 984 ff.
481 952 562 988 130,
580 961 647 983 sec.
662 949 731 982 xvi.
750 949 920 988 ineuntis3

67 1011 148 1046 olim
167 1009 351 1055 Reginaldi
370 1008 457 1048 Poli,
475 1007 666 1042 cardinalis.

85 1082 112 1111 1.
130 1078 278 1121 Epicteti,
294 1076 468 1119 philosophi
485 1076 592 1113 Stoici,
605 1075 846 1116 Hieropolitani,
860 1075 921 1105 En-

147 1129 307 1161 chiridion.
331 1128 383 1159 fol.
404 1138 431 1158 1.

189 1180 251 1211 Tit.
261 1180 434 1220 ἐγχειρίδιον
443 1178 614 1216 Ἐπικτήτου
625 1180 787 1217 κεφαλαῖον
800 1180 921 1216 πρῶτον.

86 1249 116 1278 2.
134 1244 281 1287 Simplicii
297 1243 399 1275 Cilicis
414 1242 445 1273 in
461 1242 598 1284 Epicteti
615 1241 816 1272 Enchiridion
833 1240 920 1271 scho-

147 1297 198 1331 lia,
215 1296 278 1327 sive
293 1294 461 1330 enarratio,
479 1304 548 1324 cum
564 1292 699 1334 prologo.
724 1292 776 1322 fol.
794 1302 839 1322 12.

190 1347 249 1377 Tit.
273 1346 449 1384 Συμπλικίου
469 1344 604 1384 ἐξήγησις
620 1345 659 1376 εἰς
674 1344 706 1373 τὸ
721 1346 771 1374 τοῦ
786 1342 920 1380 Ἐπικτή-

169 1411 218 1428 του
235 1398 417 1437 ἐγχειρίδιον.

192 1449 305 1480 Deficit
328 1458 425 1489 prope
447 1447 487 1478 ad
510 1446 633 1483 calcem,
656 1446 686 1476 in
709 1445 820 1482 verbis,
840 1446 923 1485 εὐχα-

893 1507 923 1526 111

169 1502 276 1539 ριστῶυ
307 1499 352 1528 καὶ
379 1497 463 1530 αὐτὸς
494 1499 526 1535 τῇ
557 1496 703 1536 προφάσει
729 1498 777 1534 τῆς

170 1550 246 1581 edit.
263 1549 369 1581 Colon.
386 1558 476 1589 1595,
494 1549 611 1583 Latine.
628 1559 656 1589 p.
670 1548 739 1578 218.

191 1602 229 1632 In
267 1602 367 1632 fronte
404 1599 528 1636 codicis,
563 1599 724 1629 “Domini
762 1598 924 1639 Reginaldi

172 1652 250 1683 Pool
277 1651 454 1688 cardinalis,
476 1650 697 1692 archiepiscopi
723 1649 925 1681 Cantuarien-

171 1704 224 1741 sis,
240 1702 376 1733 MDLvn.''

368 1791 605 1826 CCXLVIII.

49 1854 166 1888 Deest.
218 1850 428 1886 Continebat
445 1849 538 1889 olim,

89 1916 120 1946 1.
137 1912 339 1945 Enchiridion
355 1910 511 1952 Epicteti;
538 1911 650 1941 Groece.

90 1967 120 1997 2.
136 1963 283 2006 Simplicii
306 1962 462 1994 enarratio
487 1962 518 1992 in
542 1961 679 2003 Epicteti
703 1960 922 1996 Enchiridiom

154 2017 265 2047 Graece.

385 2070 586 2105 CCXLIX.

51 2130 348 2168 Membranaceus,
363 2130 398 2162 in
413 2129 505 2167 folio,
520 2128 553 2161 ff.
566 2130 648 2167 378,
663 2138 728 2160 sec.
741 2138 796 2161 XV.
810 2138 818 2163 ς
843 2126 924 2160 olim

74 2189 222 2223 Andreae
241 2186 360 2224 Holes,
379 2185 456 2219 coll.
477 2185 568 2218 Nov.
588 2185 680 2218 socii.

92 2255 135 2287 M.
153 2255 188 2286 T.
204 2254 358 2286 Ciceronis
369 2253 535 2284 Orationes
551 2264 604 2284 sex
617 2260 648 2283 et
661 2252 800 2293 triginta,
812 2251 926 2292 praevia

111 2304 238 2341 tabula;
261 2304 367 2334 ordine
384 2304 523 2345 sequenti
535 2317 543 2339 ς

93 2358 119 2387 1.
136 2356 197 2387 Pro
215 2355 259 2385 M.
275 2354 435 2385 Marcello.
458 2354 509 2385 fol.
527 2364 552 2383 1.

198 2406 297 2437 Deest
313 2405 419 2436 folium
434 2404 577 2446 primum.

92 2467 120 2497 2.
139 2467 201 2496 Pro
218 2465 333 2505 Quinto
350 2465 483 2506 Ligario.
508 2464 560 2494 fol.
573 2473 604 2503 5.

92 2517 122 2548 8.
139 2517 202 2547 Pro
217 2528 289 2558 rege
306 2516 465 2546 Deiotaro.
490 2515 540 2544 fol.
555 2526 572 2555 9
587 2515 616 2545 b.

93 2567 121 2596 4.
138 2567 201 2597 Pro
217 2567 256 2597 A.
271 2566 389 2597 Licinio
406 2565 521 2596 Archia
536 2568 638 2606 pocta.
662 2564 711 2593 sol.
730 2573 763 2604 15
778 2563 808 2593 b.

91 2619 120 2649 5.
138 2617 175 2648 In
191 2617 225 2648 L.
240 2617 408 2648 Catilinam
424 2616 579 2647 orationes
596 2622 737 2655 quatuor.
762 2613 813 2644 fol.
828 2624 866 2645 20
880 2613 911 2643 b.

93 2668 122 2699 6.
139 2669 171 2700 C.
188 2668 291 2710 Crispi
314 2668 463 2706 Sallustii,
492 2667 554 2697 sive
581 2666 683 2697 Porcii
711 2665 867 2702 Latronis,
896 2665 927 2695 in

156 2720 334 2752 Ciceronem
350 2719 517 2750 Invectiva.
541 2718 590 2748 fol.
604 2718 643 2758 38
657 2717 686 2747 b.

95 2773 122 2803 7.
139 2771 294 2803 Ciceronis
309 2772 340 2802 in
353 2772 386 2803 C.
399 2771 541 2812 Crispum
558 2769 744 2800 Sallustium.
770 2768 817 2799 fol.
832 2778 871 2809 39
884 2767 912 2797 b.

1010 262 1041 291 8.
1060 262 1121 291 Pro
1138 262 1183 292 M.
1197 262 1297 293 Caelio.
1321 263 1370 294 sol.
1385 274 1435 302 42.

1011 312 1039 343 9.
1058 312 1119 341 Pro
1137 312 1172 342 T.
1188 313 1293 343 Annio
1311 314 1437 344 Milone.
1461 314 1510 344 sol.
1526 324 1567 355 54
1579 315 1607 344 b.

992 363 1040 392 10.
1058 362 1105 392 Dc
1121 364 1274 404 responsis
1289 365 1494 406 haruspicum.
1519 365 1568 395 sol.
1583 366 1634 405 69.

992 413 1041 442 11.
1059 413 1106 443 Dc
1120 414 1282 454 provinciis
1298 416 1507 446 consularibus
1519 416 1549 446 in
1562 420 1681 447 senatu.
1697 416 1748 446 fol.
1760 418 1799 446 80
1810 416 1840 446 b.

991 464 1039 494 12.
1057 464 1118 494 Pro
1136 465 1170 496 L.
1186 466 1306 496 Flacco.
1330 467 1380 498 fol.
1395 469 1442 498 88.

992 515 1039 545 18.
1059 515 1121 545 Pro
1144 516 1209 557 lege
1233 516 1373 555 Manilia,
1398 518 1459 549 sive
1482 518 1519 549 de
1543 518 1684 549 laudibus
1706 518 1842 558 Pompei.

1075 566 1125 596 sol.
1142 577 1192 606 91.

993 616 1042 646 14.
1061 617 1123 646 Pro
1139 617 1234 647 Cncio
1251 617 1385 648 Plancio.
1410 618 1459 649 fol.
1477 629 1543 659 ¹13·

993 666 1043 696 15.
1062 667 1124 696 Pro
1141 667 1252 697 Publio
1268 668 1361 708 Sylla.
1386 669 1435 699 sol.
1455 679 1510 709 130
1523 670 1551 700 b.

994 716 1042 748 16.
1062 717 1124 747 Pro
1142 717 1176 747 L.
1191 718 1331 748 Cornelio
1348 719 1455 750 Balbo.
1481 720 1531 750 fol.
1550 730 1617 760 145.

994 770 1042 800 17.
1061 769 1099 798 ln
1116 768 1279 799 Vatinium
1295 769 1426 800 Testem.
1452 770 1501 801 fol.
1519 780 1574 811 155
1588 771 1617 801 b.

995 821 1044 850 18.
1061 819 1165 850 Pridie
1182 831 1273 860 quam
1290 820 1347 850 iret
1364 821 1393 850 in
1410 821 1541 851 exilium.
1565 821 1614 851 sol.
1632 823 1698 852 160.

995 872 1044 904 19.
1062 871 1109 901 De
1125 871 1227 901 rcditu
1243 882 1298 901 suo
1314 871 1353 901 ad
1369 875 1519 902 senatum.
1543 872 1594 902 fol.
1610 873 1678 909 164.

994 923 1044 951 20.
1062 921 1109 951 De
1125 921 1227 952 reditu
1243 932 1298 951 suo
1314 922 1354 952 ad
1370 922 1524 962 populum.
1548 922 1598 951 fol.
1616 930 1673 961 170
1686 921 1714 952 b.

994 974 1044 1003 21.
1061 973 1171 1004 Oratio
1186 973 1332 1003 adversus
1348 972 1512 1003 Catilinam
1528 973 1669 1004 secunda.
1693 973 1742 1003 fol.
1760 982 1790 1012 17
1795 984 1825 1014 5.

995 1026 1044 1055 22.
1062 1026 1124 1055 Pro
1142 1025 1178 1056 P.
1192 1024 1307 1054 Sextio.
1336 1023 1386 1054 fol.
1404 1025 1470 1054 180.

995 1077 1044 1107 23.
1062 1076 1126 1106 Pro
1142 1076 1233 1106 domo
1249 1087 1304 1106 sua
1320 1075 1359 1106 ad
1375 1074 1545 1116 pontifices.
1570 1074 1620 1105 fol.
1635 1085 1705 1106 ¹201.

996 1130 1007 1144 ⁰
1040 1151 1046 1157 .
1066 1127 1125 1157 Pro
1142 1137 1213 1167 rege
1230 1126 1390 1156 Deiotaro.
1415 1125 1464 1155 fol.
1480 1135 1538 1166 225
1552 1126 1581 1156 b.

1039 1203 1045 1209 .
1063 1179 1126 1208 Pro
1143 1179 1178 1208 P.
1193 1178 1328 1217 Quintio.
1352 1177 1404 1207 fol.
1420 1187 1490 1218 232.

1028 1241 1046 1259 ).
1065 1230 1127 1259 Pro
1144 1229 1225 1259 Aulo
1242 1228 1392 1259 Cluentio.
1417 1228 1468 1258 sol.
1484 1229 1553 1265 246.

1041 1305 1046 1310 .
1065 1281 1127 1310 Pro
1144 1280 1226 1310 Aulo
1242 1280 1375 1311 Caecina.
1399 1279 1452 1309 sol.
1467 1280 1536 1319 276.

996 1129 1015 1157 lv

1017 1128 1037 1259 “2015ss

997 1333 1015 1361 10
996 1282 1015 1310 20
996 1231 1015 1259 10
995 1180 1014 1208 20

1019 1281 1038 1361 00=1

1041 1355 1046 1361 .
1065 1331 1127 1361 Pro
1145 1330 1239 1360 Lucio
1256 1330 1399 1360 Murena.
1423 1329 1474 1359 sol.
1490 1338 1550 1369 290
1564 1329 1593 1359 b.

996 1383 1046 1414 29.
1066 1381 1128 1411 Pro
1144 1380 1238 1411 Sexto
1255 1380 1376 1410 Roscio.
1401 1380 1451 1410 fol.
1466 1389 1527 1420 305
1543 1380 1570 1410 b.

996 1434 1046 1463 80.
1065 1433 1103 1462 In
1121 1431 1249 1462 Lucium
1266 1431 1419 1461 Pisonem.
1445 1430 1495 1460 fol.
1509 1440 1570 1471 324
1584 1430 1611 1460 b.

997 1485 1047 1514 31.
1064 1483 1111 1513 De
1135 1483 1201 1523 lege
1224 1482 1347 1523 agraria
1369 1486 1478 1512 contra
1502 1482 1536 1512 P.
1554 1480 1712 1512 Servilium
1730 1481 1853 1512 Rullum

1081 1538 1154 1565 tres.
1178 1533 1229 1563 fol.
1243 1543 1314 1573 340.

997 1587 1047 1616 252.
1066 1586 1127 1615 Pro
1145 1585 1178 1615 C.
1192 1584 1329 1614 Rabirio.
1353 1583 1402 1614 fol.
1417 1584 1473 1624 361
1492 1582 1520 1612 b.

998 1638 1048 1667 33.
1066 1636 1128 1666 Pro
1145 1635 1271 1665 Rabirio
1287 1633 1510 1664 Perduellione.
1535 1633 1584 1662 fol.
1598 1635 1671 1673 367.

1126 1687 1164 1716 In
1185 1685 1276 1722 calce,
1294 1684 1425 1726 margini
1447 1683 1592 1725 adposita
1615 1688 1662 1714 cst
1681 1683 1795 1714 notitia
1810 1694 1855 1714 se—

1104 1749 1208 1778 quens,
1239 1743 1256 1751 ‘¹
1272 1737 1310 1766 In
1341 1735 1508 1776 exemplari
1539 1735 1651 1766 desunt
1681 1735 1742 1765 duo
1772 1734 1853 1769 folia,

1104 1800 1171 1830 qua?
1187 1787 1324 1818 abscissa
1336 1787 1460 1817 fuerunt
1471 1786 1497 1822 ;”
1516 1790 1547 1816 ct
1560 1785 1651 1827 paulo
1667 1789 1749 1822 ante,
1764 1791 1782 1800 ‘¹
1794 1785 1855 1815 De-

1104 1844 1151 1870 cst
1167 1839 1197 1869 in
1213 1838 1422 1869 vetustissimo
1439 1837 1606 1877 exemplari
1624 1848 1685 1867 una
1701 1836 1841 1878 paginas*

998 1901 1048 1932 34.
1067 1900 1129 1929 Pro
1145 1898 1257 1928 Roscio
1273 1897 1430 1928 Comoedo.
1454 1896 1506 1927 fol.
1518 1905 1590 1937 372.

1125 1949 1214 1980 Tit.“
1224 1949 1268 1979 M.
1277 1948 1312 1978 T.
1324 1947 1483 1978 Ciceronis
1495 1947 1666 1977 orationem
1677 1957 1732 1987 pro
1744 1946 1854 1976 Roscio

1104 2001 1230 2031 comedo
1256 2000 1497 2039 fragmentatam
1521 1998 1608 2028 initio
1634 2004 1666 2027 et
1693 1997 1804 2033 radice,
1829 1997 1853 2026 si

1105 2052 1216 2093 placet,
1233 2051 1299 2091 lege
1314 2049 1464 2085 feliciter3
1488 2049 1623 2078 Amen.''

1128 2104 1166 2133 In
1192 2102 1294 2132 fronte
1319 2100 1442 2137 codicis,
1469 2106 1487 2115 ‘¹
1502 2099 1595 2130 Libcr
1618 2097 1734 2139 collegii
1758 2097 1853 2138 assig-

1105 2159 1197 2184 natus
1227 2153 1354 2194 collegio
1385 2163 1440 2194 per
1469 2151 1651 2191 magistrum
1677 2149 1698 2179 J
1702 2149 1853 2179 ohannem

1106 2205 1219 2240 Baker,
1237 2214 1322 2234 sacre
1342 2202 1496 2243 theologie
1518 2202 1730 2242 professorem,
1747 2210 1852 2229 execu-

1106 2260 1205 2286 torem
1228 2254 1408 2285 testamenti
1432 2252 1612 2284 venerabilis
1635 2251 1689 2281 viri
1713 2250 1852 2291 magistri

1105 2306 1231 2336 Andree
1257 2305 1364 2339 Holes,
1392 2304 1443 2345 qui
1470 2304 1613 2333 Andreas
1639 2312 1795 2343 possessor
1821 2306 1852 2331 et.

1105 2357 1246 2388 dominus
1262 2356 1329 2387 libri
1347 2355 1414 2386 fuit.
1461 2354 1580 2385 Orctis¹⁸
1597 2376 1725 2383 ......

1367 2479 1468 2514 CCL.

980 2540 1100 2574 Codex
1118 2539 1411 2576 membranaceus,
1427 2537 1460 2569 in
1480 2534 1570 2569 folio.
1585 2534 1617 2566 ff.
1633 2536 1689 2572 98,
1705 2543 1770 2567 sec.
1784 2544 1851 2568 xv..

1003 2598 1112 2631 nitide
1130 2601 1300 2630 exaratus.

1023 2667 1051 2696 1.
1070 2665 1119 2695 M.
1134 2664 1229 2695 Tullii
1249 2662 1404 2694 Ciceronis
1427 2662 1464 2691 de
1487 2660 1619 2690 Oratore
1642 2659 1681 2689 ad
1705 2658 1852 2697 Quintum

1086 2716 1215 2746 fratrem
1230 2714 1300 2744 libri
1316 2718 1397 2748 tres;
1423 2710 1562 2753 glossulis
1585 2709 1726 2741 instructi
1743 2708 1852 2749 margi-

1086 2766 1214 2797 nalibus.
1238 2765 1289 2795 fol.
1308 2775 1332 2794 1.

1127 2828 1148 2851 N
