2254 3117
376 174 422 208 26

398 272 446 301 11.
464 271 611 312 Ejusdem
637 269 773 299 Andreae
796 269 827 299 in
852 269 1011 299 B.Mariae
1035 269 1251 300 dormitionem

483 321 617 352 homilia.
641 320 691 350 fol.
705 330 775 358 217.

525 373 604 403 Ibid.
622 376 696 402 tom.
715 371 732 401 i.
750 382 778 412 p.
800 380 866 412 1¹5·

398 439 446 467 1⁶2.
466 436 589 477 Georgii
614 435 863 466 Nicomediensis
884 435 985 466 oratio
1010 435 1039 465 in
1062 435 1098 466 B.
1114 433 1252 475 Virginis

481 488 651 528 ingressum
668 486 698 516 in
715 486 874 527 templum.
898 487 949 517 fol.
965 495 1034 524 224.

523 537 585 567 Tit.
614 537 758 576 Γεωργίου
781 537 938 568 ἐπισκόπου
965 539 1141 576 Νικομηὸίας
1165 538 1254 577 λόγος

503 589 543 619 εἰς
563 588 615 626 τὴν
631 589 778 626 παναγίαν
798 589 934 619 θεοτόκον
950 589 998 619 ὅτε
1018 589 1205 629 προσηνέχθη
1222 590 1254 619 ἐν

502 640 539 680 τῷ
557 640 614 680 ναῷ
631 638 685 668 ὑπὸ
701 641 757 668 τῶν
774 639 859 676 αὐτῆς
875 638 997 678 γονέων.

524 688 640 719 Exstat
663 688 799 729 impress.
821 688 851 718 in
870 688 1032 719 Combefis.
1059 690 1154 719 Auet.
1176 688 1253 718 Nov.

504 739 580 769 Bibl.
599 739 686 770 Patr.
703 744 777 770 tom.
795 740 812 770 i.
830 740 886 771 col.
908 749 995 780 1091.

400 801 447 830 13.
467 799 625 835 Germani,
663 799 798 842 archiep.
838 800 1186 841 Constantinopolitani.
1225 800 1254 830 in

483 850 514 880 S.
531 850 698 891 Deiparmn
714 850 744 880 in
768 851 883 892 templo
894 855 1120 891 ‘praesentatam
1145 862 1254 881 sermo.

483 902 532 932 fol.
548 911 618 942 232.

525 953 588 983 Tit.
604 956 653 983 τοῦ
671 954 703 983 ἐν
721 954 814 992 ἁγίοις
829 953 935 992 πατρὸς
950 954 1028 992 ἡμῶν
1045 956 1193 992 Γερμανοῦ
1208 954 1255 992 ἆρ-

504 1006 695 1045 χιεπισκόπου
727 1007 1063 1036 Κωνσταντινουπόλεως
1097 1006 1186 1043 λόγος
1217 1006 1257 1036 εἰς

504 1058 538 1086 τὰ
556 1056 673 1086 εἰσώδια
689 1058 736 1093 τῆς
752 1057 910 1095 ὑπεραγίας
926 1057 1071 1086 θεοτόκου.

528 1107 641 1137 Exstat
657 1107 729 1137 ibid.
747 1110 822 1137 tom.
839 1107 870 1137 ii.
886 1119 914 1148 p.
934 1117 985 1146 14¹
998 1117 1022 1137 1.

400 1173 449 1202 14.
468 1171 555 1202 Pauli
574 1171 723 1207 Thebani,
743 1171 832 1212 primi
849 1171 1017 1207 heremitae,
1034 1174 1162 1201 auctore
1180 1170 1255 1200 Hie-

484 1233 621 1263 1'01])*mo.
645 1222 696 1252 fol.
711 1225 778 1262 236.

527 1278 589 1309 Tit.
617 1280 682 1316 βίος
707 1281 757 1308 τοῦ
784 1279 867 1308 ὁσίου
893 1278 1000 1316 πατρὸς
1029 1278 1107 1316 ἡμῶν
1135 1279 1257 1308 Παύλου

506 1329 650 1365 Θειβαίου
669 1331 718 1358 τοῦ
740 1328 794 1366 πρὸ
815 1328 973 1358 Ἀντωνίου
990 1327 1160 1365 οἰκήσαντος
1176 1329 1208 1357 ἐν
1223 1330 1256 1369 τῇ

506 1380 608 1420 ἐρήμῳ-

530 1432 644 1461 Exstat
659 1431 741 1471 apud
758 1430 920 1471 Rosweyd.
945 1441 972 1471 p.
997 1440 1021 1461 1.

402 1495 450 1523 15.
468 1494 516 1523 De
532 1494 563 1523 S.
575 1493 741 1523 Seholario.
767 1493 818 1523 fol.
835 1502 903 1530 242.

531 1545 627 1585 Incip.
644 1545 770 1583 μαθητὴς
783 1545 874 1583 φησὶν
889 1547 971 1575 τοῦδε
988 1547 1038 1575 τοῦ
1053 1546 1137 1575 ὁσίου
1152 1545 1260 1583 πατρὸς

507 1597 586 1634 ἡμῶν
602 1596 750 1626 Νικολάου
768 1596 930 1635 Κυπριανὸς
946 1597 1082 1634 τούνομα.

404 1659 451 1691 16,
470 1660 649 1701 Disputatio
670 1660 850 1690 Judaeorum
873 1671 941 1690 eum
963 1659 1159 1695 Christianis,
1184 1671 1258 1691 ano-

487 1722 578 1751 nymo
594 1714 730 1741 auctore.
761 1711 812 1740 fol.
828 1721 898 1749 244.

529 1762 590 1792 Tit.
608 1762 733 1800 διάλεξις
747 1761 894 1792 Ἰουδαίων
909 1763 981 1800 μετὰ
999 1764 1191 1799 Χριστιανῶν.

531 1813 626 1853 Incip.
654 1815 778 1845 εἶδον-τες
801 1814 852 1843 οὖν
876 1814 903 1843 οἱ
929 1816 985 1843 τῶν
1008 1811 1156 1843 Ἰουδαίων
1178 1826 1261 1851 νομο-

507 1868 606 1903 μαθεῖς
624 1865 815 1904 Χριστιανοὺς
832 1864 1014 1902 νικήσαντας.

404 1930 452 1960 17.
471 1929 502 1959 S.
526 1929 735 1969 chrysostomi
768 1928 893 1958 homilia
922 1927 953 1957 in
985 1927 1260 1969 S.I'hi10g0niun1.

487 1980 537 2010 fol.
559 1989 626 2021 253.

530 2032 648 2062 Exstat
664 2032 745 2062 inter
761 2042 865 2072 opera,
882 2035 956 2062 tom.
975 2031 993 2061 i.
1009 2042 1037 2071 p.
1051 2041 1123 2070 492.

406 2097 452 2125 18.
471 2095 500 2125 S.
514 2094 654 2136 Gregorii
686 2094 832 2135 Theologi
860 2095 889 2124 in
917 2094 1032 2125 Christi
1065 2095 1262 2126 nativitatem

489 2146 599 2176 oratio.
623 2146 674 2176 fol.
689 2148 746 2176 261.
759 2146 787 2175 b.

532 2201 645 2232 Exstat
676 2201 814 2242 impress.
843 2201 923 2231 inter
953 2212 1057 2242 opera,
1087 2202 1133 2231 ed.
1163 2200 1261 2236 Billio.

510 2256 585 2282 tom.
604 2252 621 2281 i.
639 2263 668 2292 p.
686 2254 756 2292 613.

407 2316 454 2347 19.
472 2316 502 2345 S.
520 2314 659 2355 Gregorii
696 2314 825 2355 Nysseni
860 2315 890 2344 in
928 2314 1120 2356 Stephanum
1156 2319 1261 2356 proto-
1292 2333 1293 2342 1

489 2370 658 2406 martyrem
674 2377 783 2396 sermo.
808 2366 858 2395 fol.
874 2375 929 2405 271
950 2366 978 2396 b.

535 2418 649 2448 Exstat
674 2417 756 2448 inter
781 2428 884 2458 opera,
913 2417 987 2448 edit.
1015 2419 1106 2458 1638.
1129 2421 1202 2448 tom.
1222 2417 1262 2446 iii.
1292 2415 1294 2432 ⁵

512 2480 541 2509 l'-
553 2479 625 2509 354-

407 2534 456 2562 20.
472 2532 627 2563 ‚Johannis
650 2532 792 2562 monaehi
817 2536 848 2562 et
873 2532 1044 2573 presbyteri
1066 2531 1193 2562 Euboeae
1210 2531 1263 2561 ho—

491 2582 574 2613 milia
591 2583 620 2612 in
638 2583 693 2613 SS.
709 2583 898 2613 innocentes.
922 2583 973 2613 fol.
990 2584 1050 2613 280
1062 2582 1090 2612 b.

534 2638 595 2668 Tit.
632 2638 769 2668 Ἰωάννου
801 2639 884 2677 ἁγίου
919 2637 1118 2677 πρεσβυτέρου
1153 2637 1265 2667 πόλεως

516 2689 618 2719 Εὐοίας
634 2689 724 2727 λόγος
741 2690 780 2720 εἰς
796 2690 831 2718 τὰ
847 2688 915 2727 ἅγια
931 2688 1026 2725 νήπια.

538 2739 633 2779 Incip.
650 2741 740 2769 πάλιν
759 2740 773 2768 ὁ
794 2739 885 2770 τάλας
906 2739 962 2777 ἐγὼ
986 2738 1036 2768 τὸν
1056 2739 1124 2767 νοῦν
1146 2737 1192 2766 ἐπὶ
1215 2736 1266 2773 τὴν
1294 2736 1295 2752 ³

520 2791 657 2827 Βηθλεέμ.

1293 2609 1295 2648 1
1340 2633 1388 2661 152.

935 170 1063 205 CATA
1070 170 1234 206 LOGUS
1261 170 1494 206 CODICUM
1523 170 1631 205 MSS.

1327 270 1376 299 91.
1395 269 1425 300 S.
1440 268 1660 310 Amphilochii,
1689 267 1822 309 episcopi
1852 267 2030 303 Ieoniensis,
2057 269 2118 300 vita
2148 272 2175 301 S.

1412 319 1518 350 Basilii
1536 318 1750 349 Oaesareensis.
1774 318 1824 348 fol.
1844 319 1916 358 285.

1454 370 1516 400 Tit.
1533 370 1663 409 διήγησις
1678 372 1729 399 τοῦ
1747 370 1829 399 ὁσίου
1853 368 1958 407 πατρὸς
1980 369 2058 407 ἡμῶν
2079 369 2178 410 Ἀμφι-

1433 422 1536 460 λοχίου
1559 421 1716 450 ἐπισκόπου
1736 419 1898 459 γενομένου
1919 422 1969 449 τοῦ
1990 421 2126 452 Ἢκονίου
2143 425 2178 455 εἰς

1434 472 1485 502 τὸν
1503 472 1572 509 βίον
1594 471 1639 501 καὶ
1655 472 1689 501 τὰ
1706 472 1836 509 θαύματα
1856 473 1907 500 τοῦ
1924 471 1955 501 ἐν
1971 472 2063 510 ἁγίοις
2077 474 2179 512 πατρὸς

1432 524 1512 561 ἡμῶν
1531 523 1687 552 Βασιλείου
1711 523 1937 562 ἁρχιεπισκόπου
1958 522 2117 561 γεναμένου
2135 526 2179 562 τῆς

1435 573 1634 612 καισσαραίων
1649 573 1827 611 περιφάνους
1842 573 1964 603 πόλεως.

1457 623 1572 654 Exstat
1593 623 1667 654 edit.
1689 623 1852 654 Combefis.
1875 623 1955 653 inter
1979 623 2177 664 Amphilochii
2221 611 2223 619 .

1434 675 1624 715 aliorumque
1640 686 1746 716 opera,
1762 686 1790 715 p.
1812 684 1878 715 155.

1640 767 1860 802 LXXXIII.

1309 827 1427 860 Codex
1455 827 1747 865 membranaceus,
1772 827 1807 859 in
1829 825 1921 863 folio,
1948 826 1981 859 ff.
2010 825 2090 865 376,
2117 839 2178 862 sec.

1334 885 1379 917 xi.
1395 896 1402 923 ;
1422 884 1509 917 bene
1528 888 1688 916 exaratus
1707 888 1743 916 et
1762 889 1925 917 servatus.

1353 945 1383 974 S
1397 944 1609 985 Chrysostomi
1625 943 1757 985 Flclogae,
1772 945 1835 974 sive
1848 944 1981 975 homiliae
1997 955 2034 975 ex
2050 945 2178 985 ejusdem

1377 996 1480 1026 Patris
1503 996 1647 1036 operibus
1670 995 1709 1025 ab
1734 1006 1887 1036 anonymo
1907 995 2040 1036 quodam
2067 997 2179 1027 concin-

1374 1052 1455 1078 natae
1471 1060 1477 1083 ;
1495 1057 1622 1076 numero
1638 1046 1775 1087 triginta.

1416 1099 1478 1128 Tit.
1498 1098 1617 1136 ἐκλογαὶ
1634 1097 1689 1127 ἀπὸ
1707 1097 1854 1136 διαφόρων
1870 1098 1968 1136 λόγων
1983 1099 2033 1127 τοῦ
2049 1098 2080 1127 ἐν
2095 1098 2181 1137 ἁγίοις

1395 1149 1501 1187 πατρὸς
1516 1149 1595 1186 ἡμῶν
1610 1147 1747 1178 Ἰωάννου
1764 1148 1990 1187 ἀρχιεπισκόπου
2008 1150 2179 1179 Κωνσταντι-

1395 1201 1560 1231 νουπόλεως
1575 1202 1624 1229 τοῦ
1642 1199 1861 1237 Χρυσοστόμου.

1417 1250 1538 1281 Titulos
1553 1254 1584 1280 et
1600 1250 1688 1280 initia
1704 1249 1909 1285 homiliarum,
1926 1249 2038 1290 quippe
2054 1250 2103 1291 qui
2119 1261 2181 1281 eum

1395 1302 1486 1332 oditis
1503 1301 1659 1331 minimam
1673 1301 1785 1340 saepius
1798 1300 1914 1331 habent
1927 1301 2180 1338 concordantiam,

1395 1353 1568 1383 exscribere
1585 1352 1669 1382 lubet
1684 1364 1690 1388 3
1707 1352 1859 1389 videlieet,

1355 1410 1380 1439 1.
1398 1409 1463 1448 περὶ
1478 1410 1622 1446 ὑπομονῆς
1639 1408 1684 1438 καὶ
1699 1408 1902 1446 μακροθυμίας.
1926 1407 1976 1437 fol.
2000 1419 2022 1437 1.

1462 1459 1558 1500 Incip.
1577 1460 1601 1490 εἰ
1616 1460 1765 1496 βούλεσθε
1781 1461 1941 1497 προθῶμεν.

1353 1517 1383 1546 2.
1402 1517 1466 1555 περὶ
1483 1516 1690 1554 ἐλεημοσύιής.
1716 1514 1766 1544 fol.
1786 1523 1832 1544 20.

1463 1567 1561 1608 Incip.
1578 1567 1592 1595 ὁ
1609 1569 1657 1604 τῆς
1673 1567 1870 1604 ἐλεημοσύνης
1886 1567 1983 1605 λόγος,

1339 1625 1382 1655 ’8.
1401 1624 1465 1663 περὶ
1481 1625 1602 1663 ἀγαπῆς.
1627 1622 1677 1653 sol.
1696 1634 1746 1661 44.

1462 1674 1560 1716 Incip.
1578 1678 1662 1704 ποῖον
1678 1675 1750 1705 οὕτω
1766 1677 1870 1714 τεῖχος.

1357 1732 1386 1760 4⁴.
1404 1731 1468 1768 περὶ
1484 1732 1600 1769 διδαχῆς
1617 1730 1662 1760 καὶ
1679 1730 1841 1761 νουθεσίας.
1866 1729 1915 1759 fol.
1935 1730 1984 1760 62.

1464 1780 1561 1820 Incip.
1578 1782 1628 1809 τοῦ
1641 1780 1679 1818 μὴ
1695 1783 1795 1810 πεῖσαι
1810 1779 1874 1811 τοὺς
1890 1779 2055 1810 ἀκούοντας.

1355 1839 1374 1867 απ

1379 1861 1384 1866 .
1402 1837 1465 1875 περὶ
1482 1837 1621 1875 ἁμαρτίας
1637 1837 1861 1875 ἐξαγορεύσεως.
1885 1835 1935 1865 fol.
1948 1835 1996 1874 78.

1464 1887 1562 1928 Incip.
1582 1885 1763 1924 ἐπεδήμησέν
1779 1898 1820 1917 τις
1836 1886 1866 1923 ἐξ
1881 1886 1969 1922 ὑμῶν.

1357 1942 1385 1973 6.
1402 1943 1466 1981 περὶ
1482 1943 1609 1972 πλούτου
1627 1941 1672 1971 καὶ
1687 1941 1798 1972 πενίας.
1824 1939 1875 1969 fol.
1889 1949 1939 1980 95.

1465 1993 1561 2034 Incip.
1579 1993 1650 2022 ὅταν
1665 1993 1724 2029 ἴδῃς
1740 1993 1932 2021 πλουτοῦντα.

1358 2051 1386 2081 7.
1406 2050 1471 2087 περὶ
1488 2049 1582 2088 εὐχῆς.
1609 2046 1658 2077 fol.
1674 2057 1705 2077 11
1719 2056 1740 2076 l.

1465 2099 1565 2140 Incip.
1581 2099 1686 2137 βούλει
1701 2100 1805 2136 μαθεῖν
1821 2098 1907 2135 πόση.

1357 2158 1385 2186 8.
1402 2157 1467 2195 περὶ
1483 2157 1577 2195 ὅρκου.
1602 2154 1651 2184 fol.
1670 2155 1736 2184 128.

1464 2207 1561 2248 Incip.
1577 2207 1615 2245 μὴ
1630 2207 1727 2236 τοίνυν
1743 2206 1905 2243 ἁμελῶμεν.

1358 2266 1386 2296 9.
1404 2264 1468 2303 περὶ
1484 2264 1574 2302 ἀρχῆς
1591 2263 1636 2292 καὶ
1654 2261 1787 2299 ἐξουσίας
1804 2263 1849 2293 καὶ
1866 2261 1956 2298 δόξης.
1981 2260 2031 2290 fol.
2049 2260 2113 2300 136.

1445 2313 1543 2354 Incip.
1560 2313 1641 2344 οὗτός
1657 2314 1738 2342 ἐστιν
1754 2313 1876 2350 ἀληθῶς.

1329 2370 1386 2399 ·10.
1403 2370 1467 2408 περὶ
1483 2371 1626 2408 γυναικῶν
1643 2368 1688 2398 καὶ
1704 2367 1838 2399 κάλλους.
1863 2367 1915 2397 fol.
1935 2377 2001 2405 144.
2218 2403 2219 2406 Ἰ

1466 2419 1564 2460 Incip.
1591 2419 1723 2459 abrupte
1750 2418 1780 2448 in
1811 2418 1922 2455 verbis,
1948 2418 2000 2455 τὴν
2030 2418 2107 2454 νίκην
2134 2416 2185 2444 τῶν
2218 2416 2219 2436 l

1444 2469 1678 2509 κατορθωμάτων.
2218 2468 2219 2494 l

1339 2527 1387 2556 11.
1404 2526 1469 2564 περὶ
1485 2525 1713 2564 γαστριμαργίας
1730 2524 1775 2554 καὶ
1789 2523 1886 2562 μέθης.
1910 2523 1959 2553 fol.
1976 2524 2042 2562 148.

1468 2575 1565 2616 Incip.
1581 2576 1729 2613 βούλεσθε
1746 2576 1850 2612 ἴδωμεν
1868 2575 1941 2604 τίνα.
2207 2580 2219 2600 ¹⁴

1405 2632 1470 2670 περὶ
1485 2632 1572 2670 ὀργῆς
1589 2632 1634 2660 καὶ
1650 2632 1747 2668 θυμοῦ.
1772 2629 1822 2659 fol.
1844 2630 1910 2669 158.

1467 2681 1563 2722 Incip.
1579 2683 1684 2719 βούλει
1699 2683 1803 2719 μαθεῖν
1819 2681 1913 2710 πόσον
1929 2680 1960 2709 τὸ
1977 2679 2147 2718 ὀργίζεσθαι.

1342 2739 1389 2768 13.

1407 2737 1471 2777 περὶ
1487 2737 1620 2775 ἀνδρείας
1637 2737 1682 2766 καὶ
1699 2738 1807 2776 ἰσχύος.
1831 2735 1881 2765 fol.
1901 2735 1970 2765 168.
2217 2746 2218 2759 ι

1468 2788 1564 2828 Incip.
1582 2789 1607 2818 εἰ
1621 2787 1749 2825 πόλεμος
1763 2787 1831 2825 ἡμῖν
1845 2785 2043 2825 περιειστήκει.
2216 2770 2218 2817 l
