2254 3117
340 145 384 180 16
892 139 1194 177 CATALOGUS
1219 140 1455 176 CODICUM
1482 140 1601 175 MSS..

340 242 390 274 16.
406 242 444 273 In
460 241 625 283 epistolam
640 240 681 271 ad
697 238 861 280 Ephesios.
884 239 937 270 sol.
958 240 1028 280 165.

486 291 586 333 Incip.
603 295 622 309 “
636 289 809 333 Apostolus
832 289 884 320 isti
907 289 1038 331 epistole
1058 289 1139 321 sicut
1154 289 1223 321 aliis

465 345 683 384 argumentum
698 340 887 382 preinittit.'’

487 393 597 424 Desin.
615 397 633 409 ‘⁴
647 392 770 429 Amen;
793 392 876 433 quod
891 395 951 430 est,
969 392 1044 424 Fiat
1062 396 1098 423 ut
1114 391 1213 423 dixi.''

338 464 386 494 17.
404 460 527 492 Rabani
541 459 648 490 Mauri
664 459 695 490 in
712 459 743 490 S.
758 459 907 491 Matthaei
920 459 1125 501 Evangelium
1140 470 1222 491 com-

422 511 575 543 mentarii.
600 511 652 541 fol.
672 512 741 551 178.

486 564 625 594 Exstant
647 563 786 604 impress.
810 562 892 594 inter
914 573 1018 604 opera,
1035 563 1111 594 edit.
1131 564 1222 601 1626,

465 619 542 646 tom.
555 625 582 645 v.
600 625 632 655 p.
645 624 675 655 5.

338 686 386 715 18.
410 683 432 714 J
436 682 567 714 ohannis
595 681 828 723 Burgundionis
857 681 880 712 J
882 682 980 713 udicis
1014 681 1160 723 prologus
1191 681 1223 712 in

423 734 682 766 commentarium
707 733 739 764 S.
755 733 912 764 Johannis
934 732 1147 774 Chrysostomi
1173 744 1222 764 su-

420 797 476 828 per
492 785 704 820 Matthaeun1;
730 784 851 826 imperf.
875 784 928 815 sol.
948 786 1006 816 228
1020 785 1049 815 b.

486 836 601 867 Deficit
613 836 645 866 in
655 835 765 870 verbis,
781 840 799 852 “
812 836 964 867 Minorari
977 846 1038 866 non
1050 834 1222 877 permittit;

465 897 560 917 immo
576 897 646 916 seru

488 938 527 968 In
542 937 634 973 calce,
653 941 672 954 “
685 937 799 968 Caucio
815 937 957 978 magistri
973 936 993 966 J
996 935 1128 967 ohannis
1143 959 1219 966 ......

467 989 572 1026 nham,
584 988 728 1030 exposita
744 988 774 1018 in
787 988 866 1019 cista
876 988 993 1018 Boburi
1009 999 1066 1029 pro
1079 987 1128 1018 die
1143 1011 1220 1018 ......

467 1040 499 1070 in
511 1040 560 1070 die
574 1038 722 1070 Mercurii
734 1049 822 1080 prox.
833 1042 913 1079 post.
927 1039 1041 1070 festum
1054 1039 1084 1069 S.
1097 1038 1224 1080 Agathe

467 1102 550 1122 anno
566 1090 694 1121 Domini
710 1089 912 1120 m.ccc.xlvi.'’

491 1142 638 1183 Sequitur
653 1141 762 1172 tabula
776 1144 1004 1172 contentorum.

727 1247 835 1282 XIX.

341 1308 462 1342 Codex
478 1307 772 1345 membranaceus,
788 1307 823 1339 in
842 1305 924 1339 folio
941 1305 1072 1350 majori,
1086 1305 1121 1339 ff.
1140 1306 1222 1344 247,

366 1377 433 1400 sec.
449 1366 529 1405 xiv..
552 1365 642 1399 binis
663 1364 832 1399 columnis
858 1368 1038 1403 exaratus3
1064 1375 1109 1397 ex
1132 1363 1223 1396 dono

367 1423 539 1457 Willelmi
558 1422 666 1462 Reed,
685 1422 837 1467 episcopi
856 1422 1093 1456 Cicestrensis.

384 1493 413 1522 1.
430 1491 581 1527 Anselmi,
605 1490 828 1532 archicpiscopi
858 1490 1105 1528 Cantuariensis,
1129 1500 1225 1531 opera

426 1543 530 1579 varia3
546 1542 672 1578 seilicet,

404 1618 431 1638 a.
449 1607 497 1638 Do
513 1606 644 1637 veritate
660 1606 809 1647 dialogus,
826 1616 894 1637 cum
912 1605 1040 1647 prologo
1056 1608 1089 1636 et
1105 1604 1225 1646 capitu-

467 1658 505 1688 lis
521 1657 697 1699 praemissis.
721 1657 773 1687 fol.
791 1666 820 1688 2.

491 1709 552 1740 Tit.
568 1709 715 1750 “Incipit
738 1707 874 1748 prefacio
896 1707 1037 1738 Ansclmi
1057 1706 1225 1739 Cantuari-

469 1760 550 1790 ensis
565 1759 786 1801 archiepiscopi
801 1759 832 1789 in
848 1758 960 1789 librum
977 1759 1016 1789 de
1031 1758 1193 1790 veritate.”

492 1811 609 1842 Exstat
641 1811 781 1852 impress.
811 1811 893 1841 inter
922 1821 1028 1851 opera,
1058 1810 1106 1841 cd.
1139 1810 1226 1841 Paris

474 1870 563 1901 1721,
579 1871 609 1902 p.
628 1870 696 1901 109.

406 1920 435 1951 b.
453 1920 503 1950 De
518 1920 615 1950 libero
630 1919 769 1957 arbitrio,
783 1919 904 1961 praeviis
920 1919 1076 1960 capitulis.
1099 1919 1151 1951 fol.
1163 1930 1194 1959 4.

492 1971 608 2002 Exstat
624 1971 699 2001 ibid.
716 1983 746 2012 p.
762 1981 831 2011 1¹7-

406 2038 432 2058 c.
450 2027 498 2058 De
513 2038 587 2058 casu
602 2027 718 2058 diaboli
733 2027 855 2069 praeviis
872 2027 1025 2069 capitulis.
1050 2027 1101 2058 fol.
1118 2037 1137 2068 5
1151 2027 1182 2058 b.

493 2079 574 2109 Ibid.
589 2090 618 2120 p.
632 2080 681 2109 62.

407 2135 436 2166 d.
454 2134 503 2165 De
525 2134 724 2176 conceptione
739 2134 891 2176 virginali,
906 2145 977 2166 cum
997 2134 1150 2176 capitulis.
1174 2134 1226 2165 fol.

471 2197 490 2227 9
503 2186 534 2216 b.

494 2237 576 2268 Ibid.
591 2249 621 2278 p.
636 2246 686 2278 97.

408 2305 434 2324 e.
451 2293 514 2325 Cur
537 2293 622 2324 Deus
645 2294 747 2329 homo,
771 2293 841 2325 libri
864 2295 936 2331 duo,
951 2305 1021 2325 cum
1044 2293 1228 2335 praefatione

471 2348 504 2375 et
517 2344 671 2386 capitulis.
694 2345 745 2376 fol.
766 2354 801 2376 12
815 2346 844 2376 b.

495 2395 577 2426 Ibid.
594 2407 623 2437 p.
639 2405 689 2436 74.

410 2451 429 2482 f.
448 2451 496 2481 De
511 2451 725 2482 incarnatione
738 2451 843 2483 Verbi.
865 2452 918 2483 fol.
933 2461 982 2484 20.

496 2503 577 2535 Ibid.
593 2515 624 2545 p.
636 2514 688 2543 41.

409 2571 438 2601 g.
457 2559 672 2601 Monologion,
683 2570 752 2590 cum
768 2559 899 2601 epistola
914 2560 954 2591 ad
972 2559 1182 2591 Lanfrancum
1198 2561 1231 2590 et

475 2611 667 2652 praefatione.
691 2611 742 2642 fol.
756 2621 807 2652 23.

497 2662 576 2693 Ibid.
594 2674 621 2704 p.
635 2673 666 2703 3.

412 2717 441 2747 h.
460 2718 653 2759 Proslogion,
670 2727 739 2749 curn
755 2717 950 2760 praefatione.
973 2717 1025 2750 fol.
1043 2727 1081 2759 29
1094 2717 1126 2748 b.

499 2767 578 2797 Ibid.
595 2779 624 2809 p.
641 2777 690 2808 29.

1339 239 1359 271 i.
1375 239 1424 270 De
1438 239 1634 280 processione
1649 238 1784 281 Spiritus
1800 239 1917 271 Sancti.
1940 240 1991 272 fol.
2003 250 2056 282 31.

1423 290 1505 320 Ibid.
1522 301 1551 331 p.
1564 300 1616 330 49.

1338 354 1369 385 k.
1385 354 1435 385 De
1451 353 1603 385 sacrificio
1619 353 1732 395 Azymi
1747 356 1780 384 et
1794 353 1985 386 fermentati.
2008 354 2060 386 sol.
2075 363 2128 396 35.

1424 405 1505 436 Ibid.
1521 417 1551 446 p.
1571 415 1640 446 135.

1339 468 1359 499 l.
1375 468 1426 499 De
1442 467 1645 499 sacramentis
1660 467 1804 498 ecclesiae.
1826 466 1878 499 sol.
1893 468 1945 509 36.

1425 519 1505 549 Ibid.
1521 530 1551 560 p.
1568 528 1637 559 139·

1338 594 1383 615 m.
1399 583 1449 614 De
1475 582 1641 614 concordia
1669 582 1885 624 praescientiae,
1910 583 2158 624 praedestinatio-

1402 635 1450 665 nis
1465 638 1497 665 et
1511 634 1626 676 gratia,
1641 645 1711 665 cum
1726 634 1823 665 libero
1839 634 1980 666 arbitrio.
2003 634 2054 665 fol.
2069 636 2122 677 36.

1424 685 1505 716 Ibid.
1522 697 1552 727 p.
1569 695 1639 727 123.

1339 768 1370 788 n.
1387 757 1534 799 Epistola
1548 758 1590 789 ad
1607 758 1796 800 Langonem.
1821 758 1873 790 fol.
1887 768 1940 799 40.

1426 808 1507 840 Ibid.
1523 820 1553 850 p.
1566 819 1639 850 321.

1340 884 1367 904 ο,
1385 873 1437 904 Ad
1451 873 1592 904 Odonem
1607 876 1640 904 et
1656 872 1836 914 Langonem
1850 873 1989 915 epistola.
2013 873 2065 905 fol.
2078 884 2120 913 40
2129 874 2158 906 b.

1427 923 1508 954 Ibid.
1526 923 1579 954 sed
1595 923 1627 954 in
1642 923 1703 954 fine
1719 924 1918 961 contractior,
1934 935 1963 966 p.
1976 933 2049 966 312.

1340 998 1369 1028 p.
1387 987 1439 1018 Ad
1457 987 1493 1017 F.
1510 986 1714 1018 abbatissam.
1738 986 1790 1018 sol.
1804 997 1857 1027 41.

1426 1038 1506 1069 Ibid.
1524 1050 1553 1080 p.
1565 1047 1642 1079 452.

1340 1113 1372 1143 q.
1389 1102 1441 1133 Ad
1459 1102 1645 1140 Goffridum‚
1662 1102 1754 1143 episc.
1772 1102 1990 1133 Parisiensem.
2013 1102 2065 1134 fol.
2081 1113 2133 1143 41.

1427 1154 1508 1185 Ibid.
1524 1165 1553 1195 p.
1568 1155 1641 1195 369.

1340 1229 1367 1249 r.
1383 1217 1435 1249 Ad
1452 1217 1630 1255 Falconem,
1647 1228 1695 1259 ep.
1711 1217 1941 1249 Beluacensem.
1965 1218 2018 1250 sol.
2031 1229 2084 1258 41.

1427 1269 1507 1300 Ibid.
1524 1281 1555 1311 p.
1568 1270 1641 1311 369.

1342 1345 1367 1365 s.
1386 1333 1435 1365 De
1451 1333 1595 1364 caritate.
1618 1332 1669 1364 fol.
1682 1343 1720 1372 41
1735 1333 1766 1364 b.

1428 1386 1527 1427 Incip.
1545 1390 1566 1403 “
1579 1385 1671 1426 Cogit
1691 1396 1741 1416 me
1764 1385 1918 1416 instancia
1942 1389 1996 1417 tue
2020 1384 2162 1417 caritatis

1405 1437 1660 1468 monachomm.”

1342 1510 1366 1538 t.
1382 1505 1433 1537 De
1449 1516 1579 1547 corpore
1595 1488 1722 1537 Christi.
1746 1505 1798 1536 sol.
1811 1515 1864 1546 43.

1427 1557 1526 1598 Incip.
1539 1561 1557 1574 “
1568 1557 1708 1588 Primum
1721 1556 1845 1598 quidem
1858 1556 1931 1598 quid
1947 1556 2006 1588 hoc
2021 1556 2163 1589 sacrificii

1406 1620 1519 1650 corpus
1533 1608 1728 1650 appelletis.”

1342 1683 1372 1703 u.
1389 1672 1437 1703 De
1463 1682 1592 1713 corpore
1618 1675 1650 1703 et
1676 1671 1826 1713 sanguine
1851 1670 1988 1707 Christi;
2020 1670 2160 1713 [fragm.]

1406 1723 1459 1754 fol.
1471 1725 1521 1763 46.

1428 1782 1526 1824 Incip.
1559 1782 1678 1814 “Nota
1708 1783 1791 1824 quod
1823 1783 1960 1814 humana
1989 1786 2104 1814 natura
2132 1782 2165 1814 in

1406 1834 1511 1865 anima
1526 1837 1558 1865 et
1576 1834 1736 1875 corpore.”

1344 1909 1380 1929 w.
1397 1899 1448 1930 De
1464 1897 1727 1929 similitudinibus.
1750 1897 1803 1928 fol.
1814 1906 1867 1938 47.

1430 1948 1548 1979 Exstat
1559 1948 1591 1978 in
1603 1947 1800 1979 edit.Venet.
1815 1957 1903 1987 1744,
1920 1952 1995 1979 tom.
2006 1947 2036 1978 ii.
2053 1959 2082 1989 p.
2096 1948 2163 1988 189.

1345 2025 1376 2044 x.
1391 2013 1440 2044 De
1456 2011 1684 2043 Grammatico.
1707 2011 1759 2042 fol.
1774 2021 1827 2052 59.

1432 2065 1472 2095 In
1488 2064 1562 2095 edit.
1579 2063 1681 2094 Paris.
1697 2074 1729 2104 p.
1747 2073 1815 2105 143.

1345 2140 1376 2171 y.
1393 2129 1444 2159 De
1459 2127 1662 2170 conceptione
1676 2126 1828 2169 virginali.
1851 2127 1902 2158 fol.
1917 2128 1958 2158 60
1970 2127 2001 2158 b.

1346 2203 1370 2223 z.
1387 2192 1507 2223 Contra
1524 2191 1730 2232 Insipientem
1749 2190 1912 2228 dicentem,
1929 2202 1991 2221 non
2006 2194 2054 2222 est
2070 2190 2165 2222 Deus.

1410 2244 1460 2275 fol.
1478 2244 1517 2284 65
1531 2243 1562 2273 b.

1434 2295 1516 2325 Ibid.
1533 2306 1562 2336 p.
1575 2304 1592 2335 3
1596 2304 1628 2335 5.

1433 2354 1677 2385 Praemittuntur
1698 2352 1847 2384 nonnulla
1868 2353 1901 2383 in
1920 2352 2035 2390 codice,
2051 2363 2120 2394 quae
2136 2352 2167 2383 in

1411 2405 1485 2436 edit.
1524 2405 1665 2446 impress.
1703 2405 1788 2436 haud
1826 2404 2036 2441 inveniuntur,
2074 2403 2167 2445 incip.

1413 2461 1431 2474 ‘⁴
1444 2457 1529 2498 Ergo
1545 2456 1668 2487 domine
1685 2456 1737 2498 qui
1753 2456 1809 2487 das
1824 2455 1896 2486 fidei
1911 2455 2135 2486 intellectum.”

1347 2540 1395 2561 aa.
1413 2529 1641 2561 Meditationes
1670 2533 1702 2560 et
1729 2528 1909 2565 Orationes,
1933 2537 2002 2559 cum
2032 2527 2167 2569 prologo.

1412 2580 1464 2611 fol.
1483 2582 1533 2621 67.

1435 2632 1552 2663 Exstat
1567 2630 1645 2673 prol.
1668 2631 1744 2662 ibid.
1762 2642 1793 2673 p.
1807 2639 1878 2662 202.

1434 2690 1547 2722 Medit.
1565 2691 1584 2721 i.
1603 2694 1651 2722 est
1668 2690 1738 2722 ‘Ad
1759 2689 1979 2722 concitandum
1998 2687 2169 2726 terrorem,⁹

1414 2741 1488 2773 ibid.
1505 2753 1534 2783 p.
1549 2751 1618 2782 207.
