2254 3117
362 169 406 200 18

507 263 603 305 Incip.
618 264 636 295 i.
655 268 673 281 “
685 264 789 295 Dicite
805 263 866 295 filie
883 264 976 306 Syon,
991 265 1099 297 Verba
1113 266 1175 298 ista
1188 279 1236 298 as-

484 319 608 356 sumpta
617 319 689 346 sunt
699 326 718 346 a
727 315 880 346 Zacharia
892 326 922 356 9,
933 316 1057 348 Dicitur
1066 317 1236 349 similiter.”

505 366 613 396 Desin.
631 366 686 397 ult.

380 420 397 433 ‘⁶
410 415 526 453 Gloria,
541 417 616 453 laus,
634 417 764 458 requies,
778 428 866 447 amor
881 422 913 449 et
929 419 1092 450 concordia
1106 420 1213 457 dulcis,

411 467 463 498 Ad
478 467 529 498 illa
543 468 656 508 gaudia
672 468 820 508 perducat
837 479 892 499 nos
909 469 1051 501 Christus
1065 470 1210 501 Jhesus.”

482 518 519 548 In
536 518 629 555 calce,
647 523 664 535 ‘⁸
683 518 861 560 Expliciunt
882 531 1037 552 sermones
1059 522 1097 552 de
1116 526 1233 563 tempo-

460 569 515 599 rali
537 580 591 610 per
611 573 713 600 totum
729 581 843 601 annum
867 572 1033 602 secundum
1050 573 1233 604 Nicholaum

460 620 498 650 de
514 620 699 661 Aque-villa,
714 621 790 652 alias
808 622 1077 664 Lugdunensem.”

481 672 627 713 Sequitur
642 673 749 704 tabula
764 674 971 714 alphabetica.

375 724 402 753 2.
420 722 527 753 Sermo
543 724 574 754 in
589 724 681 762 istud,
699 729 707 741 ‘
722 725 839 766 Diliges
854 726 1052 757 Dominum.'’
1075 737 1104 767 p.
1120 736 1190 768 230.

481 773 576 814 Incip.
594 778 612 791 “
625 774 767 806 Christus
783 776 895 807 docens
910 776 1021 807 viau1.”

373 829 402 859 3.
420 828 527 859 Sermo
539 828 569 859 in
582 828 678 866 istud,
693 834 700 846 ⁴
712 830 749 860 In
765 831 856 861 domo
869 835 934 868 tua,
949 831 1102 862 Domine.’
1118 842 1147 872 p.
1161 840 1231 872 234.

480 879 577 920 Incip.
596 884 614 897 “
627 880 677 911 De
692 881 792 921 prima
808 881 965 912 ecclesia.⁷’

374 932 402 961 4.
419 931 547 962 Roberti
571 931 730 970 Grostete,
746 943 793 973 ep.
816 932 963 969 Lincoln.‚
985 932 1062 963 liber
1082 933 1120 963 de
1144 943 1231 963 venc-

436 981 491 1013 nis.
515 994 544 1024 p.
563 984 632 1024 236.

478 1034 574 1075 Incip.
592 1038 610 1052 ‘⁶
623 1034 716 1065 Ratio
731 1035 839 1066 veneni
854 1035 1043 1076 potissime.”

478 1086 517 1116 In
536 1085 627 1122 calce,
645 1089 664 1103 ‘⁴
678 1086 815 1127 Explicit
835 1090 988 1117 tractatus
1011 1086 1230 1117 Lincolniensis

457 1136 495 1166 de
510 1137 663 1167 venenis.”

371 1188 400 1217 5.
419 1187 642 1218 Bonaventurae
659 1187 842 1226 Cardinalis,
860 1189 922 1219 sive
940 1189 1156 1230 cujuscumque
1177 1190 1227 1227 sit,

434 1238 472 1268 de
487 1239 629 1279 passione
645 1239 761 1270 Christi
777 1240 904 1271 libellus.
928 1251 956 1281 p.
973 1242 1041 1270 261.

478 1289 574 1331 Incip.
592 1294 609 1307 “
626 1291 819 1322 Adveniente
831 1292 896 1332 jam
911 1297 943 1322 et
958 1291 1136 1322 imminente
1151 1296 1227 1322 tem-

454 1341 556 1381 p01·e.”

477 1391 514 1421 In
535 1391 628 1429 calce,
644 1396 664 1410 “
678 1392 815 1433 Explicit
835 1396 989 1424 tractatus
1011 1393 1227 1425 Bonaventure

454 1442 492 1473 de
508 1443 648 1483 passione
663 1443 812 1474 Christi.⁷'
1026 1475 1037 1489 ι

371 1495 398 1526 6.
418 1495 510 1527 Liber
524 1497 648 1527 moralis
660 1497 690 1527 in
705 1507 745 1538 52
757 1498 892 1539 capitula
904 1498 1078 1536 distinctus,
1091 1500 1227 1531 maxima

433 1558 470 1578 ex
486 1551 574 1589 parte
590 1548 812 1589 expositionem
835 1549 897 1580 sive
920 1550 1070 1581 Catenam
1095 1550 1225 1582 Patrum

433 1610 524 1640 super
539 1599 718 1640 decalogum
734 1600 904 1631 continens.
928 1612 957 1642 p.
972 1602 1009 1631 28
1012 1610 1040 1642 5.

474 1649 570 1691 Incip.
589 1655 606 1666 ⁴⁴
622 1650 739 1681 Contra
759 1651 948 1692 ignorantes,
972 1652 1141 1693 capitulum
1165 1653 1225 1695 pri-

453 1712 555 1737 mum;
589 1701 741 1732 Dominus
765 1702 797 1732 in
821 1703 997 1744 evangeli0;
1032 1704 1091 1743 Qui
1115 1709 1163 1735 est
1187 1716 1224 1735 cx

453 1752 520 1783 Deo
536 1753 629 1783 verba
645 1753 703 1783 Dei
718 1754 814 1785 audit.
860 1755 1028 1796 Gregorius
1048 1755 1078 1785 in
1095 1755 1224 1792 omelia3

453 1803 546 1834 Cibus
561 1804 743 1834 inentibus.”

474 1854 570 1885 Defic.
586 1855 617 1885 in
632 1866 698 1896 cap.
710 1865 751 1896 50
764 1856 874 1893 verbis,
891 1860 908 1873 ⁴*
922 1856 1136 1898 Augustinus3
1161 1868 1223 1888 om-

452 1905 524 1936 nino
539 1917 600 1936 non
615 1907 762 1948 temptari

473 1955 617 1987 Citantur
627 1968 747 1998 quoque
760 1958 896 1989 Thomas
907 1959 1057 2000 Aquinas,
1068 1959 1223 1989 Robertus

453 2007 609 2044 Grostete,
635 2009 810 2050 Stephanus
834 2009 988 2051 Langton,
1007 2021 1044 2041 ex
1069 2021 1129 2051 quo
1154 2021 1222 2040 con-

448 2058 566 2098 jectare
581 2059 651 2090 licet
666 2064 824 2091 auctorem
840 2061 1058 2102 Anglicanum.

370 2113 397 2143 7.
415 2112 562 2154 Ejusdem
584 2119 619 2145 ut
639 2115 760 2146 videtur
779 2117 915 2147 auctoris
934 2117 1011 2147 liber
1031 2116 1135 2147 similis
1159 2127 1222 2147 mo-

430 2165 526 2195 menti
542 2165 580 2196 de
600 2165 683 2196 vitiis
704 2170 736 2197 et
758 2167 934 2204 virtutibus,
950 2172 1008 2198 etc.
1033 2179 1070 2198 ex
1092 2168 1146 2199 SS.
1164 2168 1222 2199 Pa-

431 2215 530 2246 tribus
552 2216 679 2257 aliisque
700 2218 866 2255 confectus,
889 2218 1033 2260 capitulis
1057 2219 1116 2250 lxv.
1142 2230 1222 2250 com—

430 2265 606 2306 prehensus.
631 2278 660 2307 p.
677 2277 748 2308 313.

472 2315 570 2358 Incip.
582 2317 613 2348 in
625 2318 733 2354 verbis,
749 2322 766 2334 ‘²
776 2329 795 2349 a
807 2329 862 2349 sua
874 2319 1059 2350 rectitudine
1072 2319 1221 2351 deviare.”

472 2367 577 2398 Desin.
589 2372 606 2385 ⁴⁴
616 2379 684 2399 cum
694 2369 745 2399 illo
757 2369 815 2400 suit
825 2374 856 2400 et
867 2374 914 2400 est
923 2374 996 2400 autc
1007 2381 1112 2400 eorum
1120 2371 1146 2407 ;”
1161 2375 1220 2402 etc.

471 2418 616 2460 Sequitur
644 2420 780 2462 epilogus
806 2420 897 2460 incip.
926 2425 943 2437 ‘⁵
966 2420 1054 2458 Ecce⁷
1086 2422 1219 2460 domine,

449 2482 529 2502 nunc
545 2471 640 2503 habes
660 2476 733 2503 ante
753 2478 785 2502 te
806 2472 919 2502 bouum
934 2476 966 2503 et
981 2473 1105 2508 malum,
1121 2473 1220 2504 lucem

450 2526 481 2552 et
497 2523 672 2553 tenebras.’'
861 2547 865 2551 .

365 2573 393 2602 8.
421 2570 584 2613 [Ejusdem
596 2573 619 2616 ἓ]
649 2573 825 2604 exhortatio
844 2574 924 2604 bona
939 2574 978 2604 de
998 2574 1084 2605 libris
1104 2574 1220 2605 sanctis

427 2624 562 2655 breviter
586 2629 724 2656 tractata
750 2636 806 2666 pro
833 2636 902 2655 vere
932 2625 989 2655 Dei
1020 2625 1220 2656 dilectoribus

427 2675 522 2716 vitam
544 2678 713 2717 perfectam
729 2676 843 2707 habere
858 2676 1115 2714 desiderantibus,
1137 2677 1219 2718 eapi—

426 2719 499 2757 tuli's
514 2727 732 2767 septendecim.
755 2739 786 2769 p.
802 2735 874 2768 357.

469 2777 566 2819 Incip.
584 2782 602 2795 ⁴⁶
614 2779 697 2818 Quot
712 2782 784 2809 sunt
799 2778 971 2810 necessaria
986 2779 1026 2809 ad
1041 2777 1204 2809 salutem.”

920 166 1220 203 CATALOGUS
1246 168 1480 204 CODICUM
1507 169 1616 205 MSS.

1415 267 1511 299 Plura
1525 279 1564 299 ex
1579 268 1707 299 Ricardi
1719 267 1874 310 Hampole
1889 268 2082 310 colliguntur.

1414 319 1563 360 Sequitur
1591 320 1699 350 tabula
1733 320 1939 362 capitulorum
1975 325 2167 353 tractatuum

1391 369 1486 400 trium
1502 371 1761 411 supradictorum.

1307 422 1336 454 9.
1354 420 1479 462 Regulae
1503 421 1544 452 ad
1569 421 1736 453 sanitatem
1766 423 1967 458 servandam;
1996 428 2083 454 metro
2103 425 2167 454 An—

1367 471 1506 512 ylicano;
1532 471 1671 513 [auctore
1685 472 1707 502 J
1710 472 1832 503 ohanne
1851 472 2014 514 Lydgate.]
2039 484 2067 515 p.
2079 474 2153 514 378.

1412 522 1509 563 Incip.

1320 576 1336 589 ⁴‘
1351 572 1415 604 For
1430 573 1517 604 helth
1533 573 1567 604 of
1579 573 1660 615 body
1676 574 1771 605 keuer
1786 575 1833 606 fro
1849 575 1935 606 colde
1951 575 2046 617 thyne
2062 575 2168 606 hede.”

1676 667 1776 702 LXI.

1286 724 1406 759 Codex
1435 725 1727 765 membranaceus,
1751 727 1786 759 in
1811 726 1904 765 folio,
1922 726 1956 760 ff.
1973 729 2054 767 192,
2078 738 2164 760 secc.

1310 783 1379 816 xiii.
1407 787 1442 816 et
1468 783 1548 822 xiv.‚
1571 783 1660 817 binis
1685 783 1854 817 columnis
1880 785 2067 818 maximam
2091 796 2167 829 par-

1308 844 1380 872 tem
1399 844 1579 879 exaratus3
1606 839 1687 873 olim
1710 840 1851 873 Thomae
1867 840 2025 882 Browne‚
2044 847 2165 886 postea

1308 896 1385 930 coll.
1406 896 1511 930 Univ.
1531 908 1574 930 ex
1594 897 1684 931 dono
1702 897 1786 931 Tho.
1803 897 1960 938 Walker,
1983 900 2148 945 magistri.

1328 952 1354 982 1.
1372 952 1499 990 Valerii,
1520 953 1582 983 sive
1598 953 1770 991 Valeriani,
1792 954 1833 984 ad
1857 954 2014 984 Ruffinum
2034 955 2166 996 epistola

1389 1004 1427 1034 de
1454 1015 1515 1034 non
1545 1004 1685 1035 ducenda
1714 1016 1823 1042 uxore,
1848 1016 1918 1036 cum
1944 1006 2166 1037 commentario

1388 1056 1542 1097 anonymi.
1567 1068 1597 1098 p.
1618 1066 1644 1086 1.

1430 1107 1492 1138 Tit.
1511 1107 1661 1147 “Incipit
1686 1107 1818 1148 epistola
1841 1107 1960 1139 Valerii
1984 1109 2025 1139 ad
2049 1108 2164 1150 Ruphi-

1410 1169 1495 1194 num,
1511 1169 1580 1188 cum
1596 1159 1768 1189 comento.”

1427 1209 1525 1250 Incip.
1541 1209 1630 1250 epist.
1649 1212 1666 1225 ‘⁴
1684 1209 1783 1250 Loqui
1806 1209 1971 1250 prohibeor
1981 1210 2009 1246 ;”
2031 1214 2067 1241 ut
2082 1210 2163 1241 inter

1409 1259 1439 1291 S.
1464 1260 1646 1301 Hieronymi
1673 1271 1776 1302 opera,
1801 1261 1848 1291 ed.
1864 1260 1997 1292 Vallars.
2021 1265 2096 1292 tom.
2118 1261 2160 1292 xi.

1408 1311 1463 1341 col.
1482 1320 1552 1350 240.

1432 1362 1528 1403 Incip.
1545 1366 1709 1393 comment.
1728 1367 1745 1379 “
1763 1363 1861 1404 Loqui
1882 1362 2067 1404 prohibe0r;
2099 1363 2162 1395 Sci-

1406 1414 1518 1445 endum
1535 1413 1616 1454 quod
1633 1417 1697 1443 tres
1713 1413 1838 1444 fuerunt
1849 1413 1998 1444 Valerii.'⁷

1428 1465 1536 1495 Desin.
1555 1468 1572 1480 “
1584 1463 1629 1494 vel
1645 1463 1713 1494 aliis
1726 1463 1942 1504 corrigendum
1955 1463 2068 1495 viderit
2084 1489 2090 1495 .
2109 1489 2114 1494 .
2133 1489 2139 1495 .
2155 1490 2160 1495 .

1490 1516 1558 1546 ione
1574 1514 1644 1545 Dei.
1690 1514 1823 1545 Anien.”

1321 1603 1350 1632 2.
1368 1602 1399 1633 S.
1416 1600 1557 1642 Gregorii
1590 1600 1698 1641 Magni
1729 1611 1818 1641 papae
1849 1611 1941 1642 super
1968 1600 2158 1632 Ezechielem

1384 1652 1530 1683 Homiliae
1543 1651 1650 1693 viginti
1667 1652 1746 1689 duae,
1764 1652 1879 1692 praevia
1893 1652 1933 1682 ad
1948 1652 2158 1683 Marinianum

1384 1703 1523 1745 epistola.
1548 1714 1577 1744 p.
1590 1711 1642 1743 45.

1425 1755 1487 1785 Tit.
1505 1758 1523 1770 ‘⁶
1537 1753 1704 1794 Gregorius
1720 1764 1812 1794 super
1827 1753 2048 1784 Ezechielem.”

1425 1806 1569 1846 Impress.
1587 1805 1669 1835 inter
1683 1815 1788 1846 opera,
1806 1808 1880 1835 tom.
1897 1805 1915 1835 i.
1933 1805 1989 1835 col.
2005 1813 2093 1847 1173.

1319 1862 1348 1892 3.
1365 1861 1396 1892 S.
1411 1860 1573 1896 Bernardi‚
1588 1859 1722 1897 abbatis,
1741 1859 1974 1890 Meditationes.
1998 1871 2027 1902 p.
2045 1870 2112 1901 193.

1424 1911 1522 1952 Incip.
1547 1914 1564 1927 ‘⁴
1583 1910 1676 1941 Multi
1704 1911 1802 1942 multa
1837 1911 1937 1942 sciunt
1948 1912 1980 1947 ;'’
2013 1914 2048 1942 ut
2073 1911 2155 1942 inter

1403 1974 1471 2004 opp.
1489 1963 1537 1993 ed.
1556 1963 1646 2002 1690,
1661 1966 1737 1993 tom.
1752 1962 1783 1992 ii.
1799 1973 1829 2003 p.
1842 1972 1914 2003 319.

1320 2015 1347 2043 4.
1371 2012 1517 2054 Magistri
1548 2012 1746 2054 Praepositini
1784 2012 2001 2043 Cremonensis
2035 2024 2154 2044 summa

1381 2075 1472 2105 super
1492 2063 1586 2094 libros
1607 2064 1668 2094 duo
1688 2063 1804 2104 priores
1827 2063 2068 2101 Sententiarum,
2085 2075 2154 2095 cum

1380 2115 1516 2156 prologo.
1540 2126 1570 2156 p.
1585 2123 1656 2145 201.

1423 2166 1484 2197 Tit.
1502 2170 1520 2183 ‘4
1534 2165 1647 2207 Incipit
1662 2165 1806 2207 prologus
1819 2177 1911 2207 super
1923 2177 2074 2197 summam
2089 2177 2153 2197 ma-

1399 2217 1489 2259 gistri
1506 2216 1703 2258 Praepositini
1725 2216 1939 2247 Cremonensis
1962 2228 2054 2258 super
2077 2217 2153 2248 Sen-

1400 2268 1518 2299 tencias
1532 2267 1673 2309 magistri
1690 2268 1777 2298 Petri
1796 2268 1994 2299 Lumbardi.”

1422 2319 1519 2359 Incip.
1536 2318 1612 2359 prol.
1631 2323 1648 2335 “
1665 2318 1724 2357 Qui
1739 2319 1882 2360 producit
1898 2319 2045 2350 ventos.’”

1420 2369 1518 2410 Incip.
1539 2380 1616 2399 sum.
1635 2373 1652 2385 ‘⁴
1665 2369 1715 2400 De
1739 2369 1895 2400 vocabulis
1914 2370 2009 2411 igitur
2030 2380 2089 2411 que
2112 2370 2150 2400 de

1399 2421 1467 2451 Deo
1483 2420 1628 2450 dicuntur
1644 2420 1855 2461 incipiemus.”

1420 2471 1525 2502 Desin.
1544 2475 1561 2488 “
1574 2471 1702 2502 crimina
1717 2471 1894 2502 criminibus
1909 2471 2135 2503 vindicantur.”

1315 2526 1343 2554 5.
1361 2523 1391 2554 S.
1404 2523 1599 2564 Hieronymi,
1615 2522 1677 2553 sive
1698 2522 1822 2560 Ruffini,
1847 2522 1909 2554 sive
1933 2523 2148 2564 cujuscumque

1376 2575 1447 2611 sint,
1463 2574 1549 2604 Vitae
1566 2574 1698 2604 Patrum
1708 2586 1717 2611 3
1740 2565 1867 2612 scili<ssm

1335 2636 1363 2655 a.
1380 2624 1410 2655 S.
1424 2624 1514 2654 Pauli
1530 2624 1677 2655 eremitae.
1701 2635 1731 2666 p.
1743 2633 1815 2665 323.

1440 2675 1503 2705 Tit.
1519 2678 1539 2692 ‘⁶
1553 2675 1589 2705 In
1606 2675 1727 2706 nomine
1743 2675 1867 2706 Domini
1879 2674 1986 2716 incipit
1999 2673 2076 2705 Vita
2087 2674 2147 2705 Pa-

1419 2730 1511 2757 trum.
1556 2726 1671 2768 Incipit
1695 2727 1734 2757 de
1757 2726 1872 2758 Sancto
1898 2725 1996 2756 Paulo
2021 2725 2145 2756 Thebeo

1418 2777 1502 2809 edita
1516 2788 1536 2809 a
1552 2778 1667 2809 Sancto
1679 2777 1699 2808 J
1702 2776 1838 2809 eronimo
1852 2775 2061 2818 presbytero?
