2254 3117
656 149 894 184 COLLEGII
921 147 1330 182 LINCOLNIENSIS.
1862 151 1906 181 45

241 248 336 288 Incip.
354 247 430 288 prol.
449 252 467 263 *⁸
482 246 514 277 Si
536 246 674 277 volumus
702 247 733 276 in
759 247 825 287 lego
847 245 972 276 Domini
992 274 993 281 ,

215 298 359 330 meditari
376 297 519 328 facillime
535 297 789 338 perpe11de1nus.”

240 350 338 390 Incip.
354 349 407 379 lib.
426 354 443 365 ⁵·
457 349 621 379 Sciendum
636 348 731 389 igitur
747 348 828 388 quod
844 347 960 377 sicu(l.”

241 400 346 431 Desin.
364 404 382 416 ‘⁸
395 400 426 430 in
450 399 525 430 solio
549 399 634 440 regni
660 399 791 429 collocat
812 398 843 428 in
866 409 972 439 perpe-

219 457 327 489 tuumg
351 453 391 482 ad
414 452 487 482 illud
504 462 632 491 regumn
648 461 703 480 nos
719 451 898 491 perducat,”
914 456 972 480 etc.

240 504 277 535 In
303 503 396 540 calce,
424 508 440 520 ⁴⁵
460 503 596 543 Explicit
623 501 779 543 speculum
806 502 884 532 oculi
911 513 973 531 mo-

218 555 319 586 ralis.”

134 650 161 679 2.
182 649 274 679 Liber
290 647 500 689 S.Augustini
525 647 564 678 ad
586 647 745 677 Julianum
769 647 912 677 comitem
937 646 974 676 de

199 701 262 732 vita.
279 700 466 731 Christiana.
493 698 542 729 fol.
557 709 606 738 43.

241 751 338 792 Incip.
357 755 374 768 “
389 750 416 780 O
433 750 473 780 mi
487 749 593 783 frater,
605 749 629 779 si
647 750 753 791 cupias
769 750 854 786 seire,
869 761 974 791 quam-

219 803 264 832 vis
286 814 343 843 ego
368 801 504 832 nesciam
516 801 544 835 ;”
567 805 602 831 ut
623 801 705 831 inter
720 812 825 841 opera,
844 806 918 831 tom.
935 801 973 831 vi.

222 855 304 895 App.
320 853 376 884 col.
397 863 465 894 193.

136 906 164 935 8.
186 904 362 945 [Ejusdem]
380 903 571 934 Exhortatio
587 904 626 934 ad
644 903 737 934 vitam
755 903 976 939 Christianam,

200 956 240 986 ad
256 966 402 986 sororem.
427 955 477 985 fol.
495 964 545 995 57.

242 1006 340 1047 Incip.
357 1012 374 1023 “
388 1006 435 1036 Ut
452 1017 508 1047 ego
525 1010 670 1047 peccator
686 1013 714 1036 et
731 1006 857 1036 ultimus
874 1006 975 1046 insipi-

221 1058 385 1098 enciorque
398 1057 508 1088 ceteris
518 1058 550 1091 ;''
566 1057 606 1087 ib.
618 1063 684 1088 tom
697 1057 734 1087 vi.
747 1058 831 1098 App.
844 1056 975 1097 col.183.

242 1109 361 1140 Versus
381 1108 473 1139 finem
496 1109 562 1150 agit
577 1114 687 1140 auctor
703 1109 740 1138 de
756 1108 856 1138 tribus
872 1108 976 1138 vidua-

224 1173 293 1192 rum
308 1161 481 1202 generibus.

138 1217 165 1245 4.
184 1214 277 1244 Liber
303 1214 340 1244 de
367 1213 611 1255 proprietatibus
638 1223 738 1252 aquae,
767 1216 797 1242 et
825 1212 977 1252 quomodo

201 1266 314 1296 dicitur
329 1265 501 1306 figurative.
525 1264 577 1295 fol.
596 1266 644 1304 63.

246 1316 344 1357 Incip.
369 1320 388 1334 ‘⁶
406 1316 538 1346 Nomine
564 1326 647 1356 aqua
673 1314 839 1355 aliquando
864 1313 977 1355 signifi-

224 1372 315 1398 catur
338 1367 442 1403 Deus;
478 1366 615 1402 Exodus,
635 1374 664 1405 7.
688 1364 838 1405 percussit
865 1374 977 1404 aquam

224 1417 387 1448 fluminisf'

246 1468 351 1500 Desin.
370 1472 388 1485 ⁴⁶
400 1468 480 1498 sicut
496 1479 567 1498 oves
583 1468 614 1498 in
630 1467 732 1497 medio
750 1466 903 1507 luporum,
919 1469 977 1495 etc.

224 1521 292 1551 Deo
307 1520 436 1561 gratias.
475 1518 641 1560 Explicit.”

246 1572 284 1602 In
307 1571 398 1607 calce,
422 1576 442 1589 ‘⁴
460 1571 519 1610 Qui
540 1581 588 1601 me
613 1569 775 1610 complevit
798 1594 803 1598 .
828 1579 888 1599 non
911 1572 979 1598 tota

225 1626 317 1653 nocte
333 1621 479 1663 quievit?

492 1689 590 1723 XCI.

99 1758 217 1791 Codex
245 1757 457 1799 chartaceus,
483 1757 518 1790 in
545 1756 637 1795 folio,
657 1755 691 1789 ff.
713 1757 794 1794 288,
823 1766 889 1788 see.
908 1765 979 1793 λιες

123 1827 166 1849 ex
182 1816 271 1849 dono
291 1815 435 1850 Roberti
456 1814 673 1860 Flemmyng.

142 1880 187 1911 M.
205 1880 302 1911 Servii
325 1880 483 1911 Honorati
508 1880 540 1910 in
563 1880 601 1910 P.
618 1878 742 1920 Virgilii
767 1877 980 1908 Bucolicorum

162 1932 385 1973 Georgicorum
402 1931 636 1973 AEneidumque
651 1931 755 1961 libros.

206 1983 302 2024 Incip.
321 1988 338 2000 ‘⁴
351 1983 496 2014 Bucolica
508 1987 544 2014 ut
555 1982 659 2013 ferunt
673 1983 703 2016 ;”
727 1985 762 2011 ut
777 1981 808 2011 in
823 1980 911 2011 editt.
927 1979 980 2009 im-

182 2045 281 2075 press.

204 2085 277 2116 Des.
294 2090 313 2102 “
329 2085 447 2126 legibus
463 2089 599 2126 poterat,
617 2085 660 2116 sic
676 2083 864 2115 fflmerusfi'

479 2179 598 2213 XCII.

100 2241 398 2281 Membrauaceus‚
424 2242 459 2275 in
486 2241 568 2274 folio
594 2240 726 2279 minori,
754 2239 787 2272 ff.
808 2237 888 2277 166,
914 2249 979 2271 sec.

122 2311 179 2333 XV.
199 2300 363 2333 ineuntis.

143 2360 177 2390 L.
194 2360 308 2390 Annaei
339 2360 463 2390 Senecae
490 2359 664 2400 Tragoediae
694 2358 810 2394 decem,
840 2356 981 2397 glossulis

160 2411 411 2442 interlinearibus
426 2410 709 2452 marginalibusque
725 2409 894 2439 instructae.

203 2462 318 2493 Omnes
341 2463 404 2493 fere
427 2468 499 2493 sunt
525 2473 642 2493 mancae
672 2461 703 2491 in
729 2459 824 2490 initiis
852 2462 883 2488 et
910 2457 979 2495 fine,

182 2513 261 2543 foliis
278 2513 405 2550 scilicet,
422 2524 490 2554 quae
508 2513 630 2543 literam
645 2510 793 2542 initialem
811 2509 979 2545 habebant,

182 2574 200 2593 a
215 2563 367 2594 nebulone
383 2564 518 2604 quodam
537 2562 657 2593 evulsis.

203 2614 289 2644 Ordo
300 2614 536 2656 Tragoediarum
546 2619 594 2644 est
606 2614 676 2650 iste,
688 2611 840 2642 Hercules
851 2610 980 2645 Furens,

182 2676 261 2701 rens,
275 2666 437 2706 Thyestes,
454 2666 600 2701 Thebais,
616 2663 817 2705 Hippolytus,
833 2662 978 2702 OEdipus‚

182 2716 292 2753 Troas,
325 2717 451 2753 Medea,
480 2717 696 2757 Agamemnon
726 2713 867 2750 Octavia,
900 2712 980 2743 Her-

182 2768 264 2798 cules
280 2768 406 2799 Otreus.

1130 246 1166 276 In
1183 246 1276 282 calce,

1048 304 1065 313 ‘⁴
1080 297 1165 327 Finis
1181 297 1270 327 adest
1286 301 1368 327 meto
1386 321 1391 327 .
1409 297 1579 327 mercedem
1597 307 1688 337 posco
1705 296 1799 331 dicte,

1075 349 1174 387 Quam
1192 348 1249 378 nisi
1266 359 1344 378 nunc
1358 347 1479 377 dederis
1494 372 1499 377 .
1512 358 1580 377 cras
1596 347 1696 377 minus
1711 353 1798 377 actus
1810 346 1897 376 eries*

1128 398 1274 439 Sequitur
1282 399 1488 438 fragmentum
1501 398 1612 428 codicis
1624 398 1898 438 perwtustimmnu

1107 456 1141 480 ut
1157 450 1269 480 (licitur
1296 450 1473 485 Hibernica,
1491 462 1550 479 sec.
1574 450 1676 479 forsan
1693 449 1752 478 viii.
1769 448 1897 482 exarati,

1107 506 1137 531 et
1152 501 1294 531 habentis
1310 505 1430 541 partem
1444 499 1590 540 evangelii
1604 499 1770 529 secundum
1784 499 1898 529 Lucam

1266 558 1297 583 et
1328 552 1368 581 hii
1398 552 1516 581 radices
1543 562 1602 580 non
1629 551 1753 587 habent,
1778 551 1828 590 qui
1859 550 1898 579 ad

1108 607 1229 644 tempus
1253 603 1382 633 crodunt
1407 607 1437 633 et
1464 602 1493 632 in
1518 607 1655 642 tempore
1685 601 1898 642 temptationis

1109 654 1286 685 recedunt?

1108 552 1197 592 incip.
1226 560 1242 569 ⁸*

1399 742 1536 777 XCIII.

1027 814 1146 847 Codex
1164 814 1453 851 membranaceus,
1467 815 1499 846 in
1520 813 1600 846 folio
1619 814 1751 851 minori,
1770 812 1803 845 ff.
1821 814 1898 846 143.

1051 884 1118 905 sec.
1132 883 1187 905 xv.
1217 872 1377 912 ineuntis,
1409 883 1511 904 manu
1544 869 1680 903 Nicolai
1709 870 1750 902 de
1782 868 1898 905 Frisia,

1051 929 1134 963 alias
1165 930 1207 962 de
1244 929 1443 961 Bolsvardia
1472 928 1607 965 librarii,
1644 932 1820 964 exui·atus;
1856 937 1897 958 ex

1052 989 1141 1021 dono
1161 987 1202 1019 R.
1220 986 1435 1030 Flennnyng.

1070 1048 1103 1079 C.
1118 1047 1257 1078 Suetonii
1279 1046 1447 1087 Tranquilli
1470 1047 1507 1076 ‹lc
1532 1046 1601 1076 vitis
1622 1045 1780 1076 duodecim
1803 1044 1900 1075 Cmsa-

1091 1110 1158 1129 rum
1175 1098 1244 1128 libri
1260 1098 1409 1131 totidem;
1434 1097 1521 1127 initio
1537 1097 1634 1127 mutil.

1134 1153 1232 1193 Incip.
1255 1153 1286 1182 in
1308 1152 1416 1187 verbis,
1434 1158 1451 1168 ‘⁵
1552 1151 1614 1181 cuit
1635 1155 1727 1191 atque
1748 1150 1791 1180 ita
1816 1160 1900 1190 proe-

1113 1204 1186 1235 lium
1203 1205 1359 1245 ingressus
1374 1203 1472 1233 vietor
1488 1202 1606 1232 rediits*

1135 1255 1172 1286 In
1189 1255 1281 1292 calce,
1300 1260 1317 1271 “
1331 1254 1469 1285 Suetonii
1494 1253 1663 1294 Tranquilli
1683 1252 1721 1283 de
1743 1251 1902 1282 duodecim

1113 1306 1289 1337 Caesaribus
1304 1306 1381 1336 liber
1393 1305 1591 1336 duodecimus
1610 1303 1794 1335 terminatur
1806 1313 1840 1332 ac
1852 1301 1902 1330 foe-

1114 1358 1212 1388 liciter
1227 1357 1380 1398 explicit.”

1135 1412 1242 1442 Desin.
1261 1416 1278 1428 ⁴⁴
1295 1411 1440 1442 Nicolaus
1463 1411 1501 1440 de
1527 1409 1627 1440 Frisia
1654 1409 1729 1440 alias
1756 1408 1793 1437 de
1820 1407 1902 1437 Bols-

1114 1463 1219 1493 vardia
1234 1462 1377 1493 librarius
1393 1460 1621 1501 transcripsit.'’

1406 1566 1538 1601 XCIV.

1031 1631 1326 1669 Membranaceus,
1351 1631 1385 1663 in
1403 1629 1496 1668 folio,
1515 1628 1548 1661 ff.
1570 1629 1650 1667 145,
1669 1638 1735 1660 see.
1763 1626 1830 1658 xiv.
1856 1626 1904 1657 in-

1054 1689 1177 1727 euntis,
1196 1688 1284 1722 binis
1302 1687 1470 1721 columnis
1488 1691 1658 1719 exaratus.

1073 1748 1159 1778 Petri
1175 1747 1371 1782 Tarentachi,
1388 1747 1450 1777 sive
1466 1747 1504 1776 dc
1520 1744 1712 1780 Tarentasia,
1737 1747 1843 1784 postea
1857 1741 1906 1770 ln-

1094 1798 1227 1829 nocentii
1252 1808 1340 1839 papae
1355 1797 1394 1828 V.
1419 1796 1658 1828 commentarius
1679 1795 1709 1825 in
1735 1792 1906 1824 Sententia-

1094 1861 1161 1880 rum
1177 1850 1289 1880 librum
1305 1853 1459 1890 quartum,

1136 1901 1232 1942 Incip.
1260 1905 1279 1918 “
1303 1900 1463 1931 Haurietis
1487 1910 1603 1940 aquam
1632 1902 1688 1928 etc.

1114 1953 1182 1984 istis
1199 1952 1313 1993 duplex
1334 1952 1460 1982 effectus
1487 1947 1794 1983 Sa01·anientoru1n;”
1818 1953 1851 1976 ut
1876 1945 1904 1974 in

1115 2003 1189 2034 edit.
1206 2003 1307 2033 Tolos.
1328 2004 1415 2044 1652.

1137 2055 1174 2085 In
1191 2054 1272 2085 calce
1288 2058 1335 2085 est
1351 2053 1458 2085 tabula
1474 2051 1684 2093 quaestionum.

1746 1896 1782 1925 In
1807 1894 1905 1924 verbis

1409 2159 1523 2193 XCV.

1032 2224 1331 2263 Membranaceus,
1358 2223 1392 2255 in
1421 2221 1501 2255 folio
1529 2220 1659 2258 minori,
1688 2218 1720 2251 ff.
1738 2216 1816 2253 126,
1839 2228 1903 2250 see.

1056 2282 1137 2321 xiv.‚
1154 2281 1243 2315 binis
1269 2280 1437 2314 columnis
1464 2282 1642 2316 exaratus3
1669 2275 1803 2320 collegii
1825 2274 1905 2308 Lin-

1056 2339 1144 2373 coln.
1163 2340 1198 2372 in
1217 2338 1330 2372 Oxon.
1350 2349 1393 2371 ex
1412 2337 1501 2369 dono
1520 2335 1574 2368 M.
1591 2333 1761 2367 Willelmi
1780 2332 1904 2365 Cham-

1055 2396 1204 2441 berleyn,
1225 2395 1324 2440 primi
1342 2394 1481 2428 rectoris
1499 2392 1651 2436 ejusdem
1671 2390 1817 2435 collegii.

1073 2457 1104 2487 S.
1116 2456 1241 2486 Thomae
1261 2455 1426 2496 Aquinatis
1442 2464 1533 2494 super
1549 2451 1778 2482 Sententiarum
1795 2450 1905 2480 librum

1094 2508 1225 2549 primum
1242 2505 1489 2540 commentarius,
1505 2503 1617 2544 praevio
1638 2502 1775 2543 prologo,
1787 2501 1903 2541 glossu-

1095 2559 1130 2589 lis
1146 2558 1366 2599 marginalibus
1381 2556 1430 2586 hic
1446 2555 1505 2585 illic
1521 2555 1696 2584 instructus.

1138 2609 1235 2649 Incip.
1252 2614 1272 2626 ‘⁶
1290 2608 1357 2648 Ego
1380 2605 1531 2646 sapientia
1554 2604 1645 2635 effudi
1658 2605 1686 2641 5⁵³
1710 2608 1745 2633 ut
1767 2603 1797 2632 in
1814 2602 1902 2632 editt.

1115 2661 1253 2701 impress.

1136 2711 1174 2741 In
1190 2721 1286 2750 marg.
1304 2708 1437 2739 inferior.
1454 2707 1505 2738 fol.
1521 2718 1535 2737 2
1550 2707 1577 2737 b.
1595 2710 1736 2737 notatum
1752 2712 1810 2742 est,
1825 2710 1840 2721 “
1855 2704 1905 2734 Li-

1115 2762 1169 2792 ber
1184 2759 1301 2800 collegii
1313 2759 1340 2797 3⁵³
1362 2762 1397 2790 ut
1413 2769 1516 2799 supra,
1530 2757 1648 2794 deindo,
1664 2761 1684 2775 “
1697 2757 1783 2797 cujus
1805 2755 1904 2786 anime
