2254 3117
665 155 901 190 COLLEGII
930 156 1333 192 UNIVERSITATIS.
1887 165 1907 199 9

200 255 372 287 animarum
394 265 499 285 curam
515 254 552 284 de
569 254 614 284 tui
634 257 735 285 status
756 255 861 286 debito
877 255 975 286 solici-
1004 272 1005 282 1

201 311 251 338 tus
267 306 380 338 crebris
396 317 444 336 me
459 305 600 347 precibus
616 306 808 347 postulastis*

223 358 317 400 Incip.
335 369 401 398 cap.
426 362 443 374 ‘⁴
460 357 508 387 De
529 357 721 388 abstinencia
745 368 825 393 vera,
847 358 920 388 ficta
942 362 974 389 et
1003 379 1004 392 ³

200 408 286 444 falsa.
324 407 526 438 Abstinencie
540 407 653 448 triplex
669 412 716 438 est
732 408 859 449 species,
874 408 973 449 prima

200 463 247 490 est
262 459 431 489 ciborum.’'

220 510 326 541 Desin.
357 520 423 549 cap.
451 508 506 539 ult.
539 508 622 549 quod
651 508 717 549 agit
747 510 784 540 de
814 510 972 547 usurariis,

199 565 218 578 “
235 561 273 590 de
295 558 458 600 adquisitis
474 559 588 600 injuste
612 559 650 589 de
665 560 808 598 avaricia,
826 565 857 591 et
873 561 912 591 de
927 572 972 592 se-

198 611 350 652 pultura.”

114 664 143 693 23.
162 662 308 693 Narratio
323 660 473 692 mirabilis
495 661 534 691 de
554 660 709 691 sententia
729 662 971 693 excommunica-

178 713 270 744 tionis
294 717 325 743 et
349 712 433 743 beati
449 712 618 753 Augustini
633 712 808 753 Anglorum
830 714 971 754 apostoli,

177 764 311 805 qualiter
326 762 522 794 resuscitavit
538 763 614 793 duos
630 767 777 794 mortuos.
800 775 828 805 p.
844 774 916 804 371.

219 815 316 856 Incip.
339 819 359 832 ‘⁶
377 814 436 845 Est
462 814 546 844 vicus
572 814 603 844 in
633 825 714 856 pago
735 815 971 853 Oxenfordensi,

197 877 250 897 sex
265 865 404 896 miliariis
416 865 536 896 distans
552 876 571 895 a
586 865 653 895 loco
665 865 717 907 qui
730 866 843 897 dicitur
855 867 898 896 W
901 867 970 898 ode-
1001 870 1002 879 ¹

197 917 297 955 stoke,
315 917 476 948 Conetona
490 917 642 947 nomine.”

112 978 142 1004 4.
158 973 326 1004 Tractatns
338 973 376 1003 de
387 972 555 1004 virtutibus
570 972 750 1014 theologicis
763 978 795 1004 et
809 973 881 1004 fidei
896 975 970 1005 arti-

175 1025 260 1056 culis.
283 1036 313 1066 p.
326 1034 365 1066 37
370 1034 399 1065 5.

217 1076 315 1118 Incip.
332 1081 349 1093 “
360 1075 537 1116 Descriptio
550 1074 674 1105 virtutis
686 1075 865 1116 theologice.
890 1076 970 1116 Quo-

195 1128 278 1158 niam
293 1126 500 1158 necessarium
516 1130 563 1157 est
579 1127 619 1156 ad
635 1130 774 1157 eternam
789 1127 949 1158 salutem?

216 1179 314 1220 Incip.
338 1182 430 1209 tract.
452 1178 490 1207 de
512 1177 651 1208 articulis
670 1178 750 1215 fidei,
768 1182 786 1195 “
802 1179 855 1209 Ad
875 1179 968 1209 hono-

194 1241 259 1260 rem
275 1229 333 1260 Dei
349 1233 381 1260 et
396 1228 569 1259 animarum
585 1228 790 1270 profectum.''

134 1310 140 1316 .
156 1285 319 1327 Speculum
338 1285 542 1315 Peccatorum
560 1283 702 1325 [auctore
718 1284 750 1315 S.
763 1285 968 1327 Augustino}

174 1349 204 1378 p.
216 1345 288 1376 407.

111 1288 129 1316 0¹

217 1388 314 1429 Incip.
342 1391 359 1404 “
384 1387 536 1426 Quoniam
562 1387 719 1418 carissime
744 1387 775 1418 in
800 1387 892 1429 hujus
918 1388 968 1420 via
997 1417 999 1420 .

193 1440 255 1471 vite
266 1439 292 1476 3⁵*
315 1443 350 1470 ut
365 1439 448 1470 inter
463 1450 568 1480 opera,
584 1445 658 1470 tom.
673 1439 711 1470 vi.
729 1440 811 1481 App.
827 1439 882 1470 col.
900 1450 966 1481 155.

109 1492 136 1522 6.
155 1490 357 1532 Soliloquium
372 1490 493 1521 animae.
518 1503 547 1532 p.
562 1498 634 1530 417.

215 1542 312 1583 Incip.
330 1546 347 1558 ‘⁴
362 1541 479 1572 Anima
493 1553 563 1573 mea
578 1542 603 1573 si
620 1542 664 1573 vis
679 1543 808 1574 amari.'’

173 1649 304 1686 uxores}
319 1653 377 1679 etc.
401 1648 453 1679 fol.
466 1658 529 1687 424
544 1649 575 1679 b.

214 1700 312 1741 Incip.
330 1704 347 1717 ‘⁴
360 1700 542 1741 Apostolica
557 1700 660 1737 lectio,
676 1700 819 1732 f1·at1·es.'’

108 1757 136 1785 8.
154 1755 334 1796 Disputatio
349 1754 432 1785 inter
447 1765 558 1796 corpus
573 1759 604 1786 et
619 1755 783 1787 rationem.
807 1768 836 1798 p.
848 1758 921 1796 428.

213 1805 312 1847 Incip.
329 1810 346 1822 ‘⁴
359 1806 474 1836 Anima
489 1817 558 1836 mea
573 1806 604 1836 in
620 1808 771 1848 angustiis
787 1809 865 1839 est.”

213 1857 251 1887 In
267 1857 359 1894 03100,
379 1861 396 1873 “
408 1856 545 1898 Explicit
561 1857 731 1899 disputatio
752 1859 834 1891 inter
853 1871 964 1902 corpus

191 1911 223 1938 et
238 1908 418 1938 rationem?

107 1964 135 1995 9.
152 1962 311 1993 Excitatio
328 1963 500 1993 necessaria
514 1964 554 1994 ad
570 1968 773 2005 peccatorem.
790 1977 840 2007 pp.
852 1968 924 2008 436,
936 1977 960 1998 1.

212 2013 310 2055 Incip.
327 2019 363 2044 “.
382 2037 388 2043 .
407 2037 414 2044 .
432 2038 438 2044 .
455 2015 610 2046 exteriora
628 2017 786 2057 querens.”

210 2065 316 2096 Desin.

127 2119 147 2132 ‘⁴
160 2115 314 2156 Plangens
329 2117 479 2157 preterita
495 2117 629 2158 prudens
645 2122 813 2160 caveatque
828 2120 961 2151 sutm’a.”

127 2172 147 2184 ‘⁴
160 2166 297 2208 Explicit
312 2167 461 2198 excitacio
477 2169 650 2200 necessaria
665 2172 890 2211 peccatorum.”
925 2188 934 2198 ·

460 2271 585 2306 XXX.

83 2343 203 2376 Codex
221 2343 511 2383 membranaceus,
532 2344 567 2377 in
585 2346 655 2385 4to,
674 2345 708 2380 ff.
722 2348 778 2386 84,
797 2358 863 2380 sec.
878 2358 934 2381 XV.

106 2408 133 2438 1.
150 2407 259 2438 Oratio
272 2407 303 2438 S.
315 2408 465 2445 Anselmi,
478 2409 711 2441 Cantuariensis
726 2410 958 2453 archiepiscopi,
988 2407 990 2422 ¹

166 2459 207 2489 ad
222 2459 323 2490 Deum
340 2459 477 2490 Patrem.
500 2471 528 2501 p.
546 2471 570 2491 1.

185 2560 267 2591 inter
282 2572 387 2602 opera,
404 2562 450 2592 ed.
468 2571 555 2601 1721,
572 2573 601 2603 p.
616 2572 684 2603 251.

102 2616 131 2645 52.
150 2615 179 2646 S.
196 2616 373 2657 Augustini,
390 2616 453 2646 sive
476 2617 694 2658 cujuscumque
719 2618 768 2656 sit,
793 2630 894 2650 sermo
919 2620 957 2651 de

165 2667 304 2697 oratione
322 2667 493 2698 Dominica.
516 2679 545 2708 p.
559 2678 589 2706 4.

207 2717 269 2748 Tit.
287 2722 304 2734 ‘⁴
317 2718 425 2748 Sermo
446 2718 546 2749 sancti
562 2719 740 2760 Augustini,
759 2720 957 2763 Ypponensis

184 2767 327 2810 episcopi,
344 2768 382 2799 de
398 2769 536 2800 oratione
552 2769 745 2802 Dominica.”

117 1611 139 1630 ι.
157 1597 264 1629 Sermo
279 1597 317 1628 in·
326 1597 419 1635 istud,
438 1602 445 1614 ‘
458 1598 622 1639 Reliquum
645 1603 701 1637 est,
719 1603 754 1630 ut
777 1600 828 1640 qui
849 1600 966 1631 habent
996 1609 997 1615 ¹

987 2475 989 2504 3
1117 2468 1214 2510 Incip.
1231 2474 1249 2486 “
1265 2469 1344 2500 Cum
1360 2471 1398 2501 (10
1413 2471 1514 2502 libello
1529 2482 1596 2502 meo
1607 2473 1625 2507 3'

209 2509 306 2551 Incip.
324 2514 342 2527 ‘⁴
354 2510 439 2541 Deus
462 2511 606 2552 piissime,
623 2511 709 2542 Deus
731 2512 861 2543 clemens
872 2513 901 2549 3³⁷
923 2519 957 2545 ut
987 2542 988 2552 ,

1155 256 1251 298 Incip.
1276 261 1295 274 “
1309 256 1425 287 Α1111113
1449 257 1537 288 nobis
1561 257 1725 289 Dominica
1749 260 1849 290 oratio
1870 272 1905 290 ox

1133 308 1301 348 pontificali
1318 308 1493 339 doctrina.’'

1155 358 1190 388 ln
1203 359 1284 389 03100
1300 359 1430 400 hymnus
1446 364 1477 390 ct
1493 360 1605 397 oratio,
1617 361 1656 390 ad
1669 361 1784 392 Christi
1797 362 1904 392 facicm

1132 409 1222 450 incip.

1091 464 1108 476 ⁴²
1121 459 1209 490 Salve
1225 465 1334 491 sancta
1349 461 1441 491 facies
1458 461 1555 492 nostri
1572 461 1801 501 Redemptoris,

1122 511 1158 540 In
1175 522 1236 552 qua
1252 512 1331 542 nitet
1347 512 1462 552 specics
1479 512 1572 542 divini
1587 512 1786 553 splendoris.”

1046 567 1074 596 53.
1093 566 1257 597 Orationes
1270 567 1331 597 sive
1344 568 1561 598 meditationes
1577 568 1660 599 beati
1671 569 1828 600 Ambrosii
1841 571 1903 611 epi-

1109 617 1205 658 scopi,
1222 618 1343 657 praeviis
1359 619 1501 659 capitulis
1518 620 1632 650 decem.
1655 632 1683 662 p.
1703 631 1746 662 13.

1151 669 1248 710 Incip.
1262 669 1280 699 i.
1298 674 1315 686 “
1328 669 1377 700 De
1391 671 1601 702 incarnatione
1613 672 1738 704 Christi.
1769 673 1901 704 -Jhesum

1130 720 1324 751 Nazarenum
1353 722 1554 760 innocentem,
1582 736 1600 754 a
1624 725 1734 756 ,Iudeis
1761 726 1901 766 nequiter

1130 772 1422 813 conclempnatum.'’

1151 823 1188 853 In
1201 824 1292 860 03100,
1306 828 1323 841 “
1337 824 1515 865 Expliciunt
1528 827 1746 858 meditaciones
1758 828 1820 859 sive
1832 840 1898 860 ora-

1001 892 1002 907 1
1128 875 1228 906 tiones
1244 876 1327 906 beati
1343 876 1501 907 Ambrosii
1517 879 1680 920 episc01)i.”

1151 926 1298 968 Sequitur
1311 928 1412 958 oratio
1429 928 1464 958 B.
1475 930 1644 970 Augustini
1657 931 1694 961 dc
1706 931 1897 963 humanitate

1129 977 1266 1008 Domini.

1000 1016 1002 1060 l
1045 1030 1073 1059 4.
1092 1028 1123 1059 S.
1134 1029 1302 1071 Augustini
1326 1030 1564 1061 meditationum
1579 1032 1641 1062 sive
1664 1032 1895 1074 Soliloquiorum

1106 1080 1194 1118 liber,
1210 1092 1279 1112 cum
1295 1081 1422 1122 prologo
1438 1086 1469 1112 et
1485 1082 1627 1123 capitulis
1642 1084 1758 1124 xxxvij.
1783 1096 1811 1125 p.
1824 1095 1873 1123 41.

1150 1132 1246 1173 Incip.
1268 1133 1343 1174 prol.
1369 1138 1386 1149 “
1403 1133 1569 1163 Oraciones
1593 1133 1654 1164 sive
1680 1135 1895 1167 meditaciones

1127 1183 1207 1214 infra
1222 1184 1336 1225 scripte
1352 1184 1524 1225 quoniam.”

1148 1235 1246 1276 Incip.
1262 1236 1314 1266 lib.
1337 1240 1354 1253 ‘⁶
1371 1236 1560 1277 Cognoscam
1585 1240 1625 1274 te,
1643 1237 1773 1268 Domine
1793 1240 1894 1280 cogni-

1126 1290 1178 1317 tor
1192 1288 1320 1322 meus;”
1343 1290 1377 1317 ut
1394 1287 1424 1317 in
1440 1290 1514 1318 tom.
1531 1287 1570 1318 vi.
1589 1289 1672 1329 App.
1689 1289 1746 1319 col.
1760 1290 1808 1330 85.

1148 1338 1335 1379 Sequuntur,

1062 1400 1090 1419 a.
1107 1389 1271 1420 Orationes
1287 1394 1351 1420 tres
1366 1390 1406 1420 ad
1423 1389 1453 1420 S.
1469 1389 1672 1427 Trinitatem;
1695 1402 1724 1431 p.
1738 1401 1804 1429 142.

997 1453 998 1474 1
1168 1441 1266 1481 Incip.
1283 1441 1301 1471 i.
1320 1445 1337 1458 ‘⁶
1349 1441 1425 1471 Tres
1441 1441 1601 1482 coequales
1616 1445 1647 1472 et
1663 1443 1830 1473 cocum-nef·

1062 1492 1091 1522 b.
1107 1492 1216 1523 Oratio
1232 1492 1345 1523 devota
1361 1493 1401 1523 ad
1417 1492 1567 1532 Spiritum
1584 1492 1741 1524 Sanctum.
1764 1505 1793 1534 p.
1810 1497 1876 1533 167.

1159 1542 1256 1584 Incip.
1275 1546 1294 1560 ‘⁴
1307 1543 1333 1574 Ο
1344 1543 1411 1585 jam
1427 1543 1520 1574 divini
1538 1555 1625 1574 amor
1635 1544 1661 1580 3¹⁷
1683 1548 1718 1574 ut
1733 1545 1813 1574 inter
1829 1545 1891 1575 An-

1146 1592 1233 1623 selmi
1249 1604 1353 1634 opera,
1370 1605 1399 1635 p.
1414 1602 1483 1635 255.

1166 1644 1264 1675 Defic.
1281 1645 1312 1675 in
1327 1645 1438 1683 verbis,
1455 1650 1472 1662 “
1489 1646 1706 1683 deficiensium,
1724 1646 1804 1677 diem
1820 1658 1890 1677 nam

1144 1695 1249 1737 gaudii
1336 1697 1354 1710 ’³

1385 1778 1528 1813 XXXI.

993 1858 994 1873 l
1018 1837 1137 1872 Codex
1155 1839 1363 1881 chartaceus,
1382 1841 1416 1874 in
1436 1843 1505 1881 4to,
1524 1841 1556 1875 ff.
1571 1840 1648 1881 168.
1667 1843 1820 1881 secxvi..
1839 1843 1888 1875 ni-

1040 1897 1112 1930 tide
1131 1899 1286 1943 scriptus.

1058 1956 1169 1988 Praxis
1198 1958 1229 1988 in
1259 1959 1350 1989 curiis
1380 1959 1591 1991 ecclesiasticis
1621 1960 1800 2001 Anglicanis
1833 1972 1887 2002 per

1079 2008 1106 2038 F
1108 2009 1278 2040 ranciscum
1301 2010 1425 2047 Clarke‚
1442 2011 1535 2042 curiae
1558 2012 1595 2042 (le
1616 2012 1758 2042 Arcubus
1778 2023 1885 2053 procu-

1077 2064 1213 2091 ratorem
1229 2061 1379 2102 exposita,
1397 2073 1465 2093 cum
1481 2063 1617 2104 prologo.

1119 2111 1304 2143 Inscribitur
1319 2113 1471 2155 prologus.
1489 2118 1507 2131 ‘²
1521 2114 1655 2156 Optimis
1670 2119 1701 2145 et
1716 2115 1883 2146 eruditissi-

1097 2162 1154 2192 mis
1169 2163 1414 2195 adolescentibus
1427 2165 1505 2205 juris
1520 2166 1614 2196 civilis
1626 2165 1656 2195 in
1672 2170 1800 2207 utraque
1816 2177 1884 2198 aca-

1097 2212 1197 2243 demia
1226 2217 1292 2243 tam
1321 2214 1488 2246 Oxoniensi
1521 2227 1612 2257 quam
1642 2216 1884 2258 Cantabrigiensi

1097 2264 1242 2294 studiosis
1268 2265 1460 2297 amicissimis
1486 2267 1638 2297 curiarum
1668 2267 1883 2299 ecclesiastica-

1096 2325 1163 2345 rum
1201 2315 1379 2346 inseriorum
1416 2318 1666 2358 procuratoribus
1702 2318 1729 2348 F
1730 2319 1882 2349 ranciscus

1096 2366 1233 2403 Clearke,
1250 2367 1329 2398 alme
1349 2369 1430 2399 curie
1454 2369 1542 2400 Cant.
1565 2370 1602 2400 de
1622 2369 1786 2400 Archubus
1803 2369 1880 2400 Lon-

1096 2417 1157 2448 don
1172 2421 1386 2459 p1·ocurator.''

1629 2473 1636 2485 9

1659 2475 1693 2502 ut
1708 2471 1739 2501 in
1754 2472 1827 2503 edit.

1367 2552 1532 2586 XXXII.

986 2601 987 2604 Ἴ
1010 2611 1229 2653 Chartaceus,
1247 2614 1283 2646 in
1301 2616 1371 2653 4to,
1390 2614 1422 2647 ff.
1438 2617 1492 2654 81,
1512 2625 1576 2647 sec.
1592 2615 1671 2647 xvii.

1030 2673 1059 2703 1.
1075 2673 1243 2704 Tractatus
1265 2675 1405 2715 perutilis
1429 2678 1460 2705 et
1488 2674 1675 2705 necessarius
1690 2675 1727 2705 de
1742 2686 1815 2706 vera
1832 2687 1878 2707 ec-

1092 2723 1181 2754 clesie
1196 2724 1356 2766 disciplina,
1371 2729 1402 2755 et
1417 2724 1729 2756 excommunicatione
1741 2737 1779 2756 ex
1794 2726 1877 2767 puris

1091 2774 1227 2806 fontibus
1242 2787 1328 2807 sacre
1343 2776 1492 2818 scripture
1508 2781 1743 2819 sanctorumque
1753 2781 1876 2818 patrum

1153 2838 1173 2861 C
